3000 5116
673 471 731 530 351
1102 481 1164 535 Lib.
1183 479 1281 535 XXIV.

125 655 256 720 delitati
286 654 391 730 aliud,
426 654 483 718 sed
514 653 570 718 alii
600 656 647 718 rei
676 655 905 719 crudelitatem
934 654 1098 731 additam3
1131 653 1188 717 sed
1218 674 1282 717 non

124 765 232 827 minus
268 761 497 839 manifestum,
533 771 570 827 ut
604 764 661 830 irae
695 764 895 846 respondeat
930 762 1124 839 crudelitas,
1158 763 1207 826 its
1239 762 1281 848 ab

125 872 268 938 avaritia
295 870 483 951 longissime
513 870 637 935 distare
661 873 856 954 gravitatem
879 892 986 953 neque
1009 869 1110 934 ullam
1133 871 1166 934 in
1189 869 1282 933 Dasii

123 980 219 1045 bonis
242 978 421 1043 vendendis
443 980 638 1059 gravitatem
660 978 771 1043 fuisse.
817 979 935 1062 ltaque
959 978 1144 1042 Gronovius
1167 998 1280 1060 rapa-
1299 960 1372 1048 (287)

124 1088 249 1152 citati
280 1077 390 1151 scribi
403 1087 508 1152 voluit
536 1087 733 1169 (pravitas
757 1087 837 1170 quid
861 1086 913 1150 hic
936 1093 1027 1170 agat,
1057 1085 1197 1165 nescio);
1226 1086 1283 1149 scd

16 1204 21 1214 '
124 1197 246 1261 erroris
271 1195 364 1277 origo
388 1195 621 1278 perspicietur,
656 1196 683 1258 si
713 1195 957 1278 scripserimus:
992 1194 1282 1259 crudelitatem

124 1324 286 1386 qnoque
309 1304 461 1386 rapinae
478 1302 655 1367 addidit.
691 1304 739 1366 Ex
762 1304 934 1385 rapinae
958 1302 1079 1366 factum
1102 1303 1281 1380 racinse,

123 1421 195 1476 tum
219 1412 475 1493 gravitatem.

211 1517 290 1603 Cap.
314 1523 365 1598 46,
389 1525 422 1583 b:
446 1518 579 1584 Imber
600 1554 642 1562 —
665 1519 857 1583 custodes
880 1519 1107 1601 vigilesque
1132 1554 1171 1562 —
1194 1519 1282 1582 sub-

122 1626 269 1710 fugere
303 1628 343 1692 in
377 1633 488 1691 tecta
517 1627 654 1709 coegit
683 1628 902 1709 sonituque
930 1628 1057 1710 primo
1087 1626 1282 1708 largioris

123 1734 318 1819 procellae
352 1735 571 1817 strepitum
604 1735 861 1799 molientium
895 1740 1054 1817 portam
1089 1733 1281 1798 exaudiri

123 1842 355 1925 prohibuit,
386 1842 551 1907 vlentior
590 1841 735 1907 deinde
770 1843 1052 1925 aequaliorque
1086 1843 1281 1907 accidens

123 1951 297 2016 auribus
327 1971 510 2033 magnam
538 1957 694 2033 partem
723 1951 925 2015 hominum
955 1952 1117 2034 sopivit.
1173 1951 1282 2015 Imber

123 2058 262 2123 auribus
297 2080 364 2123 non
398 2058 518 2123 accidit
554 2080 661 2141 neque
695 2059 805 2124 lentus
834 2080 941 2141 neque
970 2060 1139 2137 incitatus,
1173 2080 1280 2141 neque

122 2168 152 2230 is
185 2167 295 2231 sonitu
330 2165 482 2249 procellae
510 2163 691 2249 quidquam
721 2166 835 2241 eflicit,
872 2168 928 2232 sed
959 2169 1028 2249 ipse
1058 2169 1183 2232 sonitus
1206 2189 1281 2250 pro·

122 2273 214 2339 cellae
242 2274 380 2339 imbrem
409 2276 596 2340 comitantis
627 2283 686 2340 aut
714 2277 946 2358 subsequentis
977 2278 1150 2360 strepitum
1178 2276 1279 2339 alium

122 2381 273 2447 exaudiri
320 2381 475 2464 prohibet
519 2390 551 2446 et
590 2384 724 2449 auribus
764 2386 900 2466 aequalis
940 2383 1092 2448 accidens
1132 2383 1281 2448 homines

45 2512 46 2515 ¹
123 2491 221 2573 sopit.
283 2489 370 2556 Vera
408 2490 508 2573 igitur
547 2493 737 2557 coniectura
776 2494 808 2556 in
850 2499 1009 2575 quattuor
1042 2492 1280 2557 recentioribus

122 2598 213 2681 apud
253 2597 559 2663 Drakenborchium
603 2600 770 2665 codicibus
816 2602 987 2666 scribitur:
1034 2601 1278 2682 sonitusque

120 2706 253 2789 primo
275 2706 472 2789 largioris
495 2708 689 2788 procellae
714 2717 774 2772 cet.
806 2710 905 2792 Origo
928 2709 1036 2773 mendi
1061 2709 1114 2788 (ex
1139 2710 1279 2790 primo)

120 2821 242 2896 aperta
265 2815 361 2892 est.¹)

210 2919 289 3005 Cap.
319 2926 376 3001 47,
415 2928 452 2986 15
488 2929 520 2987 et
557 2927 595 2986 16
625 2923 679 3003 (de
714 2924 880 2997 incendio,
915 2926 1003 3006 quod
1035 2925 1146 2989 Romae
1181 2923 1276 3002 fuiti:

119 3029 218 3096 Solo
247 3038 408 3112 {equata
437 3031 569 3097 omnia
596 3032 706 3095 inter
729 3032 892 3097 Salinas
921 3055 965 3096 ac
993 3040 1150 3115 portam
1182 3030 1278 3095 Car-

117 3137 339 3203 mentalem
379 3159 465 3202 cum
499 3138 754 3221 AEquimaelio
788 3141 1041 3223 Iugarioque
1081 3143 1178 3204 vico.
1235 3140 1278 3203 In

115 3245 289 3328 templis
317 3247 507 3311 Fortunae
535 3267 579 3309 ac
607 3247 752 3311 Matris
775 3248 939 3312 Matutae
969 3257 1007 3314 et
1035 3256 1151 3313 extra
1181 3271 1277 3330 por-

115 3362 201 3419 tam
241 3339 328 3420 late
362 3362 535 3436 vagatus
568 3355 676 3437 ignis
712 3378 827 3420 sacra
860 3356 1116 3440 profanaque
1151 3358 1278 3421 multa

112 3462 358 3545 absumpsit.
404 3460 458 3526 Sic
486 3463 666 3527 oratioab
696 3464 879 3529 editoribus
908 3466 1159 3548 interpungitur.
1212 3463 1277 3528 Sed

110 3590 224 3652 quum
253 3569 377 3652 templa
398 3570 553 3634 Fortunae
583 3578 617 3635 et
639 3572 755 3636 Matris
778 3573 914 3637 Matutae
942 3595 1005 3637 nou
1030 3580 1122 3637 extra
1146 3580 1276 3656 portmn
1315 3649 1318 3652 .

143 3819 209 3891 ¹)§
237 3824 267 3889 3,
298 3824 348 3877 ubi
374 3825 620 3881 Weissenbornius
652 3844 685 3880 ex
713 3827 835 3881 Creverii
864 3829 1027 3883 coniectura
1058 3829 1158 3881 edidit:
1191 3827 1273 3880 Eam

185 3905 320 3978 portam
357 3910 465 3965 scalis
503 3912 596 3980 prius
628 3917 872 3981 transgressos
904 3932 1034 3967 murum
1067 3913 1204 3983 aperire
1236 3930 1276 3966 ex

187 3995 367 4050 interiore
385 4003 489 4064 parte
512 4001 569 4050 aut
587 3998 742 4051 claustra
760 3998 953 4068 refringere
971 4000 1076 4063 iubet,
1095 4000 1124 4051 in
1142 3998 1163 4049 P
1180 4002 1274 4051 autem

186 4085 233 4132 est
260 4082 546 4149 amurumperire,
577 4081 638 4137 fieri
668 4087 777 4151 potest,
810 4091 842 4137 ut
869 4086 965 4138 Livius
992 4089 1102 4137 tantum
1131 4083 1276 4150 scripserit

185 4171 432 4234 transgressos
459 4169 610 4236 aperire,
638 4168 739 4222 deinde
758 4187 888 4223 murum
907 4187 992 4239 supra
1011 4168 1171 4222 declarandi
1191 4184 1274 4221 causa

185 4250 324 4319 scriptum
346 4267 438 4305 errore
460 4253 561 4306 mediae
585 4255 649 4306 voci
674 4256 811 4322 operire
835 4256 1035 4324 interpositum
1055 4256 1104 4321 sit,
1131 4255 1209 4306 cuius
1229 4270 1273 4306 er-

183 4335 259 4389 roris
278 4337 406 4406 exempla
423 4339 506 4405 posui
525 4356 610 4407 supro
629 4358 655 4408 p.
677 4343 715 4392 18.
753 4340 851 4408 (1862.)
