2994 5108
200 465 264 528 laub.
281 465 304 523 L
757 451 800 515 50

201 640 352 718 ierant,
384 643 568 722 postremo,
600 641 639 703 ut
665 635 751 720 fugae
774 635 970 720 significatio
993 643 1097 717 esset,
1128 657 1190 721 pro
1219 635 1360 701 ierant

202 749 362 832 scriptum
400 745 600 811 abierant.
662 744 877 810 Redeundum
916 751 966 811 est
1005 745 1107 830 igitur
1139 743 1183 811 ad
1217 742 1355 809 alteram

201 857 416 941 scripturam:
451 855 606 939 quique
640 873 725 920 cum
760 875 806 919 eo
835 854 913 919 visi
944 859 1074 933 erant,
1107 872 1180 937 quae
1209 853 1236 917 si
1264 857 1354 918 recte

201 972 391 1044 enarratur,
429 963 602 1047 aptissima
634 967 702 1041 est;
742 960 969 1044 significantur
1002 962 1087 1027 enim
1121 960 1263 1046 equites,
1297 959 1355 1045 qui

202 1094 238 1139 se
270 1073 365 1138 initio
400 1091 474 1136 oum
507 1069 648 1136 Romulo
684 1070 789 1136 oculis
816 1069 1026 1136 Fidenatium
1057 1069 1120 1136 soli
1155 1068 1358 1149 obtulerant,

199 1187 306 1266 porta
329 1180 569 1264 obequitantes,
596 1179 702 1261 magis
726 1199 823 1261 quam
845 1200 920 1244 vere
942 1184 1176 1262 pugnaverant.
1221 1175 1356 1260 (Equi-

201 1296 263 1355 tes
286 1287 428 1373 procul
450 1287 528 1352 risi
551 1285 610 1366 IV,
638 1290 694 1365 40,
724 1290 760 1366 23
793 1286 938 1370 procul
961 1287 1061 1352 visis
1084 1286 1353 1352 Romanorum

201 1398 329 1480 signis
363 1395 440 1476 VH,
480 1398 536 1475 23,
573 1397 608 1475 63
647 1415 720 1459 nec
759 1396 871 1478 prius
911 1393 958 1459 ab
996 1392 1113 1461 hoste
1145 1393 1258 1458 visus
1291 1397 1359 1458 est

199 1504 270 1585 VIL
293 1508 343 1585 34,
367 1502 447 1586 ⁷·)¹)

202 1652 426 1666 ——-

168 1728 172 1736 ¹
228 1740 251 1807 ¹)
271 1737 431 1810 [Frigellius
448 1739 479 1794 in
496 1739 592 1794 libello
611 1756 695 1809 supra
712 1741 854 1810 appellato
872 1758 899 1810 p.
920 1743 952 1794 18
969 1740 999 1793 in
1016 1739 1038 1792 P
1057 1739 1128 1794 dicit
1144 1756 1206 1794 esse
1224 1740 1356 1808 quique

268 1841 339 1881 cum
366 1842 405 1880 eo
427 1825 624 1895 quisierant
645 1830 675 1880 et
698 1826 727 1880 in
749 1826 876 1896 margine
897 1843 982 1879 mauu
1000 1824 1197 1894 antiquissima
1215 1825 1276 1879 siue
1293 1825 1357 1879 ulla

268 1910 410 1967 inserendi
432 1916 503 1966 nota
525 1911 652 1980 quique
669 1929 742 1966 oum
761 1911 858 1981 equis
877 1911 1047 1977 abierant,
1070 1911 1101 1964 in
1118 1909 1193 1965 Flor.
1212 1909 1240 1964 S.
1259 1910 1350 1966 Marci

267 1996 394 2066 quique
416 2013 488 2052 cum
510 2014 547 2051 eo
567 1996 694 2066 quique
712 2013 786 2052 cum
804 1997 880 2066 equi
960 2000 1059 2051 crant
1075 1995 1144 2051 visi
1167 2001 1272 2052 erant
1307 1995 1353 2050 De

266 2081 375 2151 origine
395 2082 540 2137 varietatis
563 2087 592 2137 et
614 2082 649 2136 de
666 2084 728 2152 ipsa
744 2083 887 2138 locutione
906 2083 1001 2152 equis
1020 2082 1135 2136 ierant
1151 2099 1251 2152 parum
1268 2085 1348 2137 recte

267 2167 402 2237 disputat
451 2168 561 2238 Equis
593 2169 643 2222 ire
669 2169 763 2237 ipsum
788 2173 884 2224 motus
911 2185 1000 2238 genus
1027 2167 1179 2236 signifieat,
1211 2168 1288 2237 quod
1314 2166 1352 2221 ad

266 2252 342 2308 hunc
363 2252 457 2308 locum
479 2253 550 2308 nihil
571 2252 712 2323 pertinet]
740 2253 807 2322 Quis
829 2255 913 2324 paulo
932 2260 999 2309 ante
1015 2254 1149 2323 leguntur
1166 2251 1192 2322 (ξ
1209 2253 1249 2320 'llz
1275 2269 1354 2322 par-

266 2343 334 2393 tem
356 2338 507 2393 militum
529 2339 617 2395 locis
641 2339 735 2394 circa
757 2339 862 2394 densa
883 2340 998 2395 obsita
1018 2340 1173 2409 virgulta
1195 2338 1354 2393 obscuris

267 2423 447 2478 subsidere
480 2425 514 2479 in
545 2424 687 2479 insidiis
718 2426 835 2494 iussit,
870 2426 966 2480 multis
996 2426 1148 2480 multorum
1179 2424 1354 2481 coniecturis

265 2513 378 2563 tentata
408 2508 508 2579 (nuper
537 2509 645 2566 Hertzii
676 2511 827 2566 admodum
857 2516 887 2566 et
915 2512 1030 2578 audaci,
1062 2513 1154 2568 tribus
1181 2510 1353 2567 accusativis

265 2598 428 2649 neutrorum
446 2597 476 2650 in
494 2596 633 2651 ablativos
647 2597 772 2665 mutatis,
791 2602 821 2653 et
836 2596 959 2666 infelici),
983 2597 1088 2652 nullam
1101 2596 1286 2651 mutationem
1300 2601 1355 2650 aut

264 2696 382 2750 poscere
410 2686 459 2735 aut
479 2683 606 2751 recipere
629 2682 758 2737 arbitror.
804 2682 901 2737 Circa
928 2682 1032 2737 densa
1059 2683 1173 2737 obsita
1198 2682 1351 2752 virgulta

265 2764 305 2832 (in
323 2765 387 2820 dem
404 2767 474 2822 uber
491 2766 541 2821 das
560 2767 678 2822 Terrain
695 2774 868 2824 zerstreuten
888 2766 1019 2823 Gebrisch
1037 2767 1145 2835 umber)
1160 2768 1258 2823 Lirius
1277 2767 1354 2822 dixit

267 2849 366 2905 eodem
383 2852 483 2921 modo,
511 2869 566 2922 quo
584 2852 637 2922 IX,
664 2855 698 2908 25
721 2855 982 2910 coniurationes
1010 2854 1104 2908 eirea
1131 2853 1349 2922 Campaniam

262 2937 388 3007 passim
410 2937 520 2993 lactas
545 2943 574 2993 et
591 2938 679 3008 XXV,
702 2942 719 2994 9
741 2940 836 2995 circa
857 2941 931 2993 vias
950 2938 1144 2994 discurrere
1162 2938 1221 3007 (cfr.
1241 2938 1344 3007 XXIV,

262 3025 288 3091 3,
305 3022 412 3092 XXXI,
434 3025 451 3079 3
470 3029 499 3079 et
516 3025 555 3092 8);
579 3025 693 3079 obsita
716 3031 809 3082 autem
833 3025 989 3095 virgulta
1008 3024 1064 3079 dici
1083 3026 1223 3094 potuisse,
1246 3024 1352 3094 quibus

263 3108 353 3163 solum
380 3109 502 3164 obsitum
526 3115 613 3179 esset,
640 3111 693 3165 etsi
720 3111 798 3165 nullo
825 3110 908 3164 huius
935 3110 1021 3179 ipsius
1049 3111 1129 3164 verbi
1151 3110 1279 3179 exemplo
1303 3108 1352 3163 de·

263 3193 388 3248 tenditur
414 3200 516 3264 praeter
538 3195 630 3250 Plauti
657 3195 732 3250 Trin.
755 3199 821 3264 580,
848 3198 912 3264 531,
940 3195 1068 3264 proxima
1094 3201 1191 3250 tamen
1217 3195 1350 3249 subvenit

264 3280 378 3348 cognati
396 3280 477 3334 verbi
494 3281 664 3347 similitud03
683 3299 748 3337 nam
767 3300 852 3351 quum
870 3282 955 3351 vulgo
974 3281 1084 3336 conseri
1102 3281 1181 3337 locus
1199 3281 1350 3336 arboribus

265 3363 390 3431 dicatur,
417 3369 513 3421 tamen
539 3384 596 3421 non
623 3367 712 3422 solum
736 3367 805 3422 Cato
833 3373 862 3423 et
883 3367 1013 3422 Tibullus
1040 3369 1128 3422 vltes
1155 3372 1184 3421 et
1209 3382 1349 3437 pomum

262 3465 450 3518 conserere,
469 3451 518 3505 sed
535 3451 631 3506 Livius
650 3453 711 3523 ipse
725 3453 768 3521 (X,
786 3455 828 3519 24,
847 3452 874 3521 5)
893 3454 1047 3507 arborem
1065 3470 1247 3508 conserere
1267 3452 1347 3506 dixit

262 3532 382 3589 Obsita
400 3541 492 3590 autem
510 3538 605 3606 potius
624 3555 707 3607 quam
725 3540 861 3593 consita
878 3537 904 3591 h.
924 3539 942 3593 1.
957 3539 1060 3608 posuit,
1078 3543 1110 3592 ut
1127 3538 1232 3608 passim
1250 3552 1349 3606 sparsa

262 3624 291 3676 et
323 3627 504 3690 prospectum
537 3623 691 3678 adlmentia
721 3623 958 3693 intellegerentur.
1008 3623 1144 3679 Similiter
1169 3624 1255 3678 etiam
1286 3621 1347 3676 ob·

262 3705 377 3760 moIIri
399 3707 496 3763 Livius
518 3708 661 3775 XXXVII,
688 3710 736 3776 32,
762 3711 779 3763 'l
802 3709 921 3764 deloco
945 3710 1017 3765 dixit
1040 3710 1090 3778 (ad
1117 3708 1345 3776 obmolienda,

261 3807 332 3860 quae
355 3792 467 3848 ruinis
490 3799 600 3849 strata
618 3793 738 3862 erant);
763 3796 853 3865 magis
870 3797 985 3866 proprie
1003 3795 1122 3851 dixisset
1140 3794 1181 3849 ad
1198 3793 1345 3849 obmoli-

261 3876 350 3930 enda
381 3878 627 3949 impedimenta
654 3879 733 3946 (saxa
758 3880 848 3934 aliave
873 3881 907 3935 iis
935 3882 1018 3947 Iocis,
1051 3897 1113 3950 quae
1141 3880 1228 3934 ruinis
1256 3883 1346 3933 sueta

259 3962 357 4031 erant).
395 3962 438 4033 [In
455 3964 676 4019 Weissenbornii
700 3965 875 4021 coniectura:
898 3967 985 4022 locis
1003 3966 1105 4033 circa,
1129 3966 1236 4021 densa
1251 3964 1346 4018 inter

259 4048 417 4118 virgulta
435 4049 601 4117 obscuris,
623 4056 656 4105 ut
673 4051 801 4105 omittam
820 4051 964 4106 audaciam
983 4053 1014 4105 in
1031 4052 1150 4106 obsita
1168 4049 1296 4106 tollendo
1314 4052 1345 4104 et

259 4133 341 4202 simul
363 4135 455 4190 inter
478 4134 621 4201 addendo,
650 4152 740 4205 neque
761 4135 849 4191 locis
874 4137 984 4205 circa,
1012 4136 1065 4193 hac
1087 4137 1237 4203 brevitate,
1264 4139 1347 4190 recte

259 4219 362 4275 dicitnr
379 4237 469 4289 neque
487 4220 574 4275 locis
594 4222 660 4274 inter
677 4222 834 4292 virgulta
851 4221 1029 4291 obscuris]
