2994 5108
721 473 762 536 53
1216 482 1279 543 Lib.
1297 482 1320 542 1.

159 657 338 724 consilium
358 680 420 725 nec
442 659 482 725 de
503 659 573 725 alia
594 681 631 725 re
653 659 741 726 inter
763 680 798 724 se
819 659 1019 744 rogitabant.
1053 660 1201 744 Apparet
1217 661 1320 743 igitur

159 764 234 832 haec
256 766 303 832 sic
325 766 503 833 cohaerere:
533 766 758 834 deficiente
781 766 965 848 consilio,
993 767 1090 851 quid
1112 768 1320 854 relinque·

159 880 270 956 rent,
302 875 399 959 quid
426 896 561 943 secum
589 876 763 957 ferrent,
796 876 853 942 sed
882 898 984 962 quum
1010 876 1075 942 hoc
1102 898 1169 943 non
1192 876 1320 942 intelle·

160 989 306 1067 geretur,
329 989 406 1050 ante
427 986 723 1068 interrogationem
744 984 943 1069 pendentem
959 984 1109 1050 additum
1126 1006 1197 1050 esse
1215 986 1320 1069 parti·

162 1090 289 1176 cipium
323 1093 472 1176 ineptum
505 1094 637 1160 obliti.
672 1092 795 1177 (1861.)
850 1092 953 1159 Paulo
986 1100 1062 1177 post
1084 1092 1114 1176 (ᾖ
1144 1092 1177 1176 6)
1211 1093 1321 1159 editur

162 1219 341 1266 consensu:
374 1200 568 1285 Egressis
595 1201 735 1267 urbem
756 1200 928 1267 Albanis
950 1208 998 1281 et,
1027 1201 1131 1267 sicui
1154 1201 1318 1269 dubitatio

162 1307 282 1374 oborta
303 1307 418 1390 fuerit,
453 1310 626 1376 docebitur
648 1310 683 1393 (a
705 1308 976 1376 Drakenborcbio
1000 1309 1043 1375 ad
1065 1309 1188 1390 XXIX,
1218 1314 1253 1390 6,
1282 1316 1319 1390 4;

161 1435 242 1480 nam
268 1416 554 1484 Weissenbornius
587 1440 629 1484 ne
662 1418 885 1485 admonitione
918 1418 1050 1504 quidem
1084 1418 1217 1502 dignam
1250 1439 1320 1484 rem

162 1522 322 1608 putavit),
354 1524 482 1591 Livium
514 1527 698 1610 promiscue
731 1526 942 1607 excedere,
983 1527 1121 1611 egredi
1153 1526 1252 1592 urbe
1285 1532 1320 1592 et

161 1632 300 1698 urbem
333 1634 453 1700 dicere.
512 1634 598 1700 Nam
637 1635 698 1700 etsi
736 1635 800 1719 ipsi
838 1635 987 1702 omnibus
1019 1635 1168 1720 partibus
1200 1636 1320 1719 saepius

162 1739 268 1824 edunt
300 1741 461 1826 analogia
495 1745 726 1810 convenienter
759 1744 875 1825 urbe,
913 1751 1034 1828 porta
1067 1744 1191 1822 exire,
1231 1743 1319 1808 acie

164 1848 378 1931 excedere,
411 1852 541 1933 similia,
577 1873 684 1937 neque
712 1852 869 1938 ignorant
891 1850 1087 1917 excedere
1117 1858 1151 1916 et
1179 1850 1318 1934 egredi

163 1979 239 2022 cum
260 1959 446 2025 accusativo
469 1959 535 2027 alio
559 1960 744 2044 significatu
766 1959 839 2040 dici,
862 1967 900 2025 ut
923 1961 967 2025 sIt
989 1957 1057 2024 fere
1081 1957 1318 2040 transgredi

163 2064 218 2145 (ut
244 2065 367 2148 Iines,
401 2068 569 2148 modum,
603 2068 700 2151 alia),
735 2075 846 2135 tamen
881 2068 995 2153 paucis
1024 2066 1152 2151 aliquot
1179 2067 1260 2132 locis
1289 2086 1318 2129 ι

161 2173 308 2240 litteram
325 2197 346 2242 a
362 2175 508 2241 librariis
526 2177 675 2243 additam
692 2178 845 2257 retinent,
866 2198 948 2261 quos
965 2174 1087 2241 refellit
1099 2176 1318 2241 certissimum

164 2291 403 2366 argumentum,
421 2284 520 2369 quod,
538 2285 595 2351 ubi
613 2306 708 2352 casus
725 2308 792 2352 non
810 2286 881 2353 sola
896 2284 1079 2351 illalittera
1090 2284 1224 2364 distant,
1243 2304 1318 2349 con-

163 2391 367 2458 stantissime
386 2392 549 2459 ablativus
566 2400 713 2475 tenetur,
737 2401 873 2460 castra
891 2395 988 2474 enim,
1014 2402 1155 2478 portas
1179 2391 1318 2476 egredi

90 2492 95 2502 '
162 2520 326 2583 nusquam
343 2500 473 2584 legitur,
496 2502 554 2568 sed
572 2504 731 2583 castris,
749 2503 882 2586 portis
899 2503 1002 2585 (utin
1020 2502 1131 2567 decem
1148 2501 1261 2585 primis
1278 2501 1319 2565 li·
1376 2541 1377 2544 =

162 2606 235 2673 bris
251 2607 311 2688 111,
330 2612 471 2690 60,8et
488 2614 518 2690 9,
536 2610 589 2692 Vl,
607 2615 636 2691 7,
655 2615 684 2691 2,
702 2611 773 2692 VII,
791 2616 841 2690 36,
862 2609 1156 2690 ll,VHI,ll,4et
1173 2613 1223 2688 38,
1237 2614 1265 2690 5,
1278 2631 1319 2675 ne

162 2715 235 2797 vn,
251 2720 331 2798 12‚3
350 2725 409 2784 aut
425 2717 483 2800 IX,
496 2723 546 2800 36,
562 2724 600 2784 10
617 2741 794 2800 numerem,
811 2719 868 2785 ubi
880 2719 1020 2784 exeundi
1033 2720 1086 2783 via
1098 2718 1319 2804 significatur,

163 2824 266 2889 etiam
290 2825 438 2891 dextra
462 2827 688 2912 principali
712 2828 767 2908 IV,
794 2833 843 2908 19,
867 2827 911 2910 8).
952 2827 1071 2911 Itaque
1098 2833 1132 2892 et
1148 2826 1202 2891 hic
1219 2826 1319 2892 urbe

163 2932 377 2998 scribendum
393 2941 444 3000 est
460 2933 564 3021 (quod
576 2957 593 3002 6
605 2936 735 3002 duobus
752 2935 871 3002 infimae
889 2935 1059 3018 dignitatis
1077 2934 1244 3000 codicibus
1262 2935 1319 2999 ad-

161 3040 313 3124 notatur)
325 3048 360 3107 et
370 3042 412 3122 Π,
427 3047 477 3124 37,
489 3049 518 3123 8,
531 3044 630 3124 etHI,
644 3049 693 3125 57,
708 3049 746 3109 10
756 3043 890 3127 (611111Ρ)
899 3051 933 3109 et
940 3043 1044 3121 XXII,
1058 3047 1108 3122 55,
1121 3047 1140 3105 8
1154 3049 1187 3107 et
1199 3042 1318 3122 XXIII,

166 3152 234 3230 1,3
260 3157 292 3215 et
308 3150 427 3232 XXIX,
446 3156 565 3230 6,4et
581 3152 728 3233 XXXIV,
747 3157 797 3233 28,
819 3157 867 3218 12.
907 3153 945 3218 In
962 3151 1078 3229 XXIV,
1096 3155 1124 3231 3,
1145 3155 1182 3216 15
1201 3150 1319 3215 Putea-

161 3279 246 3324 neus
279 3279 379 3343 prave
409 3261 567 3343 scriptum
595 3261 697 3327 habet
727 3259 943 3328 Crotonem
980 3281 1186 3325 excessum
1214 3258 1319 3344 (quod

162 3365 297 3433 aliunde
310 3365 489 3434 Crotonem
505 3371 681 3454 migratum
692 3370 922 3454 significaret),
940 3368 1035 3448 XLV,
1056 3373 1105 3448 13,
1127 3373 1165 3432 12
1182 3390 1317 3434 navem

162 3494 332 3558 egresso
356 3483 473 3542 contra
493 3477 638 3544 codicem
660 3478 785 3543 editum
807 3487 889 3543 erat.
924 3477 1032 3559 (1861,
1057 3477 1164 3559 1862.)

252 3580 331 3668 Cap.
356 3588 406 3665 30,
429 3589 458 3650 5.
509 3584 592 3651 Sunt
620 3586 770 3672 quaedam
797 3585 956 3652 eiusmodi
985 3585 1025 3650 de
1047 3592 1195 3651 veterum
1217 3587 1318 3670 scrip-

163 3699 276 3757 torum
302 3692 384 3759 locis
412 3694 622 3775 coniecturae,
655 3716 737 3779 quas
764 3716 857 3779 paene
885 3696 1005 3759 invitus
1033 3716 1195 3778 promam,
1229 3694 1318 3779 quod

163 3819 227 3865 1166
258 3801 293 3864 in
326 3801 494 3867 codicibus
525 3802 629 3868 ullum
661 3803 796 3869 latentis
828 3803 972 3868 vulneris
1005 3803 1164 3868 indicium
1196 3803 1318 3868 eminet

163 3928 227 3974 nec
248 3909 419 3975 sententiae
442 3911 665 3995 orationisque
687 3912 848 3995 pravitas,
882 3931 1081 3996 quamquam
1109 3912 1189 3976 mihi
1215 3913 1317 3975 mani-

164 4017 253 4082 festa
279 4016 410 4083 videtur
436 4041 498 4085 nec
526 4021 744 4106 suspicionem
773 4022 882 4087 animo
910 4020 1034 4104 pellere
1062 4020 1155 4097 sinit,
1190 4039 1230 4082 ea
1258 4027 1317 4099 est,

165 4146 239 4208 quae
267 4125 493 4192 demonstrata
518 4126 616 4195 facile
646 4151 759 4196 omnes
789 4128 955 4194 offensura
981 4128 1142 4193 videatur.
1198 4125 1248 4189 Ex
1277 4147 1315 4191 eo

166 4254 286 4318 genere
318 4233 373 4300 hic
401 4243 453 4302 est
480 4237 587 4316 locus,
621 4238 656 4303 in
682 4259 748 4322 quo
778 4237 819 4302 de
847 4236 956 4301 causis
986 4236 1050 4300 orti
1077 4237 1164 4298 inter
1186 4233 1318 4298 Tullum

164 4342 345 4410 Hostilium
373 4351 408 4410 et
435 4345 576 4413 Sabinos
604 4344 683 4411 belli
711 4346 834 4428 agitur:
875 4344 1020 4409 Tullus
1053 4342 1102 4408 ad
1133 4341 1317 4408 Feroniae
