2994 5108
682 512 740 575 731
1122 526 1183 581 Lib.
1203 525 1286 581 XLV.
1400 526 1402 535 '

133 697 189 763 ubi
211 699 245 763 in
269 699 382 764 codice
413 697 581 764 scribitur:
614 695 853 782 referrique
887 699 1050 779 *mulas
1084 706 1125 764 et
1159 699 1287 765 reler-

134 807 328 872 riettecto
351 807 459 872 sicut
480 805 648 871 fuerent
669 806 812 885 iussit,
841 807 1052 891 Kreyssigius
1076 828 1114 872 ex
1137 806 1288 874 referri

134 913 240 979 altero
263 915 334 980 loco
357 922 447 980 recte
470 916 556 980 eruit
577 913 709 994 refici,
745 914 802 979 sed
826 916 930 998 quod,
961 920 999 979 ut
1022 914 1180 1001 Grynaeus
1203 916 1289 983 fece·

135 1029 198 1099 rat,
223 1030 261 1087 et
284 1024 416 1103 omisso,
439 1029 552 1087 tecto
574 1024 696 1101 tenuit,
725 1044 789 1089 non
811 1030 902 1089 reete
931 1023 1056 1089 factum
1084 1029 1148 1103 est3
1183 1044 1289 1109 neque

134 1133 220 1195 enim
243 1132 341 1197 tectis
366 1132 522 1197 detractae
544 1130 663 1214 tegulae
680 1128 820 1210 fuerant,
845 1131 901 1197 sed
919 1133 1021 1197 muris
1044 1131 1212 1213 (nudare
1235 1140 1289 1199 te·

135 1238 242 1322 gulis
275 1240 431 1320 muros).
476 1241 595 1325 Itaque
630 1259 669 1303 ex
703 1240 852 1304 etticta
885 1240 1126 1306 restituendum
1159 1241 1290 1308 videtur

136 1346 315 1426 detecta,
338 1348 402 1413 hoc
426 1354 487 1427 est,
510 1354 622 1432 partes
646 1368 814 1412 murorum
844 1347 994 1412 detectas
1024 1355 1057 1414 et
1084 1349 1202 1433 tegulis
1229 1372 1288 1415 nu·

137 1456 241 1521 datas,
289 1455 396 1539 reeb]

222 1563 300 1650 Cep.
336 1569 385 1645 29,
420 1569 456 1628 2:
492 1562 685 1629 Adsuetis
719 1564 830 1646 regio
864 1565 1034 1648 imperio
1064 1570 1196 1629 tamen
1225 1586 1289 1630 no·

134 1693 221 1737 vum
245 1672 329 1753 (cod.
347 1673 440 1738 novi
456 1671 510 1753 in)
530 1671 696 1737 sormam
714 1671 945 1737 terribilem
967 1657 1142 1757 praebuit
1158 1673 1289 1738 tribu·

133 1780 210 1859 nal,
234 1787 428 1847 summoto
452 1779 589 1846 aditus
612 1778 698 1859 (eod.
724 1787 920 1846 summoto
951 1779 1117 1863 additu),
1147 1803 1288 1866 preco,

135 1909 348 1968 accensus,
382 1890 549 1954 insueta
584 1890 717 1955 omnia
740 1888 871 1954 oculis
900 1890 1167 1973 auribusque,
1202 1910 1288 1976 quae

134 1997 196 2062 vel
219 1997 367 2077 socios,
400 1999 544 2063 nedum
565 1997 709 2063 hostes
737 1998 886 2076 victos,
914 2004 1078 2064 terrere
1106 2006 1285 2083 possent.

134 2104 383 2171 Perversissime
415 2108 464 2172 ita
492 2105 691 2172 divelluntur
723 2126 868 2171 novum
900 2112 933 2172 et
966 2106 1168 2187 tribunal,
1202 2113 1286 2173 tam·

134 2233 232 2295 quem
254 2214 351 2298 plane
374 2214 541 2297 singulare
564 2214 691 2299 pondus
719 2213 916 2280 adiectivum
943 2213 1068 2281 hebeat
1089 2237 1206 2300 resque
1228 2238 1287 2302 po·
1390 2227 1396 2235 '

134 2322 198 2387 sita
219 2322 377 2388 fueritin
398 2323 574 2388 tribunalis
597 2323 781 2388 mutatione
809 2322 885 2403 (etsi
906 2323 1028 2389 vel·sic
1050 2323 1161 2390 Livius
1186 2327 1287 2410 scrip·

135 2432 244 2496 sisset:
279 2453 420 2496 novum
443 2431 630 2498 tribunal
659 2430 680 2495 f.
704 2438 728 2496 t.
757 2431 962 2516 praebuit);
996 2438 1134 2515 augetur
1161 2433 1288 2514 vitium,

136 2540 237 2622 quod,
266 2561 368 2624 quum
389 2540 487 2625 plura
510 2539 712 2607 coniunctim
734 2548 981 2621 enumerentur,
1009 2560 1084 2623 quae
1107 2541 1298 2633 terribilem·

135 2647 227 2713 illem
248 2645 389 2715 formam
422 2647 640 2733 praebuerint,
672 2655 784 2713 temen
817 2649 850 2712 in
880 2669 945 2713 uno
973 2648 1131 2715 tribunali
1160 2651 1290 2716 novitas

137 2763 423 2822 commemoretur.
468 2757 633 2840 Apparet,
667 2755 733 2822 alio
768 2757 964 2822 adiectivum
992 2756 1073 2822 illud
1107 2760 1289 2841 pertinere:

137 2863 331 2930 Adsuetis
355 2866 469 2948 regio
492 2864 664 2949 imperio
681 2870 816 2928 tamen
833 2884 973 2929 norum
991 2864 1192 2949 (imperium)
1211 2867 1291 2933 sor·

136 2994 233 3038 mam
255 2972 488 3039 terribilem
511 2970 698 3057 praebuit.
744 2971 815 3036 Hoc
837 2974 988 3037 universe
1010 2975 1118 3056 posito
1142 2974 1291 3058 adiungi-

136 3085 199 3161 tur,
217 3101 288 3162 quae
304 3079 398 3145 illum
415 3087 574 3146 terrorem
587 3077 769 3144 effecerint:
788 3079 981 3160 tribunal,
999 3090 1192 3148 summoto
1205 3082 1286 3148 adi·
1304 3087 1315 3164 t
1366 3088 1376 3159 l

136 3195 212 3269 tus,
231 3209 375 3273 praeco,
395 3208 598 3266 accensus,
618 3188 783 3252 insueta
801 3188 931 3254 omnia
949 3188 1082 3254 oculis
1106 3190 1291 3256 auribus·

137 3318 221 3380 que,
241 3318 324 3380 quae
337 3296 455 3379 [fuitne
475 3302 514 3360 et
531 3316 614 3379 quae
626 3293 900 3379 ?]—possent.
924 3297 1058 3362 Retinui
1070 3303 1189 3377 autem,
1203 3298 1293 3383 quod

137 3404 345 3490 Kreyssigius
359 3407 499 3490 primum
512 3411 681 3489 posuerat,
698 3403 906 3470 adsentiente
919 3403 1078 3483 Beklrero,
1097 3412 1291 3472 summoto

138 3514 278 3580 aditus
301 3513 472 3599 (Gryneeus
497 3517 717 3578 summotor
740 3513 887 3593 editus,
911 3514 1060 3579 inaudito
1085 3514 1291 3580 substantivo

137 3628 170 3688 et
191 3644 293 3708 prave
317 3622 490 3701 sententie,
514 3622 672 3705 qnoniam
694 3620 806 3687 editus
829 3642 895 3687 non
914 3622 1210 3705 summovebatur);
1234 3623 1292 3688 ab·

136 3730 229 3796 lativi
251 3733 376 3816 species
408 3728 591 3813 (editule
623 3736 819 3794 summoto
848 3737 921 3796 orte
951 3737 1009 3796 est.
1056 3729 1151 3808 Quod
1174 3737 1292 3816 postea

137 3839 343 3924 Kreyssigius
366 3839 532 3924 probavit:
567 3836 755 3903 tribunal
779 3845 976 3905 summoto
1000 3840 1173 3919 aditum,
1197 3840 1291 3904 vitio·

137 3968 208 4012 sum
232 3950 337 4013 estin
360 3947 527 4031 participii
550 3953 714 4031 tempore;
748 3966 854 4028 neque
878 3947 981 4025 enim,
1011 3946 1099 4031 quod
1126 3954 1195 4011 tum
1224 3947 1291 4047 pri·

204 4219 267 4274 mis
285 4220 409 4274 soluto.
445 4217 534 4273 Nimis
553 4220 646 4273 laxem
666 4222 714 4272 aut
731 4217 813 4271 nimis
832 4219 1030 4287 neglegentem
1054 4217 1214 4274 custodiam
1233 4235 1291 4272 non

204 4304 444 4373 reprehenderem.
480 4302 572 4358 Nihilo
590 4304 696 4358 rectius
714 4303 813 4370 homo,
838 4304 885 4373 qui
904 4303 1077 4371 custoditur,
1106 4304 1157 4358 uti
1176 4309 1292 4359 custo-

207 4390 261 4445 dia
278 4390 394 4445 solute
412 4386 537 4456 dicitur]
