2994 5108
214 494 380 574 uramur
760 483 822 544 nea

215 669 249 732 in
283 669 472 733 accusativo
507 689 593 732 eum
622 667 780 732 orationis
807 667 902 745 viti03
940 667 1052 750 itaque
1080 667 1114 731 in
1143 666 1370 751 superioribus

216 775 416 841 editionibus
439 775 577 840 licenter
599 776 755 857 scriptum
780 781 845 839 est:
868 795 984 858 quam
1006 776 1048 852 is,
1072 776 1155 859 qui3
1178 796 1285 860 nuper
1305 795 1370 840 non

215 883 360 962 licenter,
383 883 441 948 sed
463 883 706 967 superstitiose:
736 905 852 967 quam
875 890 956 947 tum
979 884 1053 964 qui,
1076 884 1187 948 inutili
1208 883 1371 949 vocabulo

215 993 409 1076 pravissimo
449 991 521 1056 loco
562 992 671 1074 posito
705 990 785 1071 (non
818 990 924 1055 solum
958 997 1036 1057 ante
1069 993 1152 1076 qui,
1191 991 1251 1057 sed
1282 993 1372 1057 inter

216 1121 333 1182 quarn
367 1100 450 1182 qui,
484 1120 555 1181 quse
590 1100 770 1165 arctissime
804 1098 1001 1181 cobeerent);
1041 1101 1218 1185 oportebat
1251 1099 1371 1166 saltem

216 1207 298 1272 dici:
333 1229 450 1290 quam
478 1209 544 1289 qui
571 1215 652 1271 tum
679 1208 819 1291 ipsum.
872 1206 1071 1291 Simpliciter
1093 1208 1275 1274 tollendum
1298 1215 1374 1273 erat

216 1314 304 1399 [cnm
338 1313 557 1397 Alschefskio]
597 1337 778 1399 pronomen
820 1315 935 1381 eodem
975 1316 1216 1399 interpretandi
1250 1316 1372 1396 studio,

217 1422 332 1488 eadem
367 1445 502 1506 prorsus
530 1424 563 1487 iu
592 1444 670 1487 casu
698 1423 906 1506 neglegentia
935 1424 1099 1504 additum,
1134 1446 1232 1508 quam
1261 1425 1296 1489 in
1318 1424 1373 1504 IV,

217 1536 268 1610 32,
303 1536 321 1594 '7
351 1531 584 1596 animadvertit
612 1530 692 1595 Tan.
716 1530 838 1609 Faber,
873 1531 905 1594 in
930 1531 989 1611 vl,
1025 1537 1079 1611 17,
1114 1537 1132 1597 6
1161 1533 1227 1598 alii.
1283 1532 1371 1614 (Vid.

216 1662 247 1723 p.
275 1644 313 1704 14
336 1640 411 1717 ima,
435 1662 467 1723 p.
495 1642 554 1702 132
576 1637 696 1720 not.)¹)

303 1746 381 1831 Cap.
411 1751 465 1817 30,
501 1751 521 1810 8
550 1744 596 1828 (iu
633 1747 782 1811 oratione
812 1747 1008 1813 Hannibalis
1037 1747 1125 1832 apud
1154 1738 1372 1832 Scipionem:

216 1856 279 1920 lta
302 1855 439 1919 aliena
461 1853 693 1937 adpetimus
718 1853 794 1936 (scr.
818 1876 892 1919 cum
916 1855 989 1920 edd.
1008 1854 1308 1939 adpetivimus),
1329 1860 1374 1921 ut

218 1963 263 2027 de
286 1964 446 2027 nostris
469 1963 770 2041 dimicaremus,
799 1983 871 2026 nec
898 1963 937 2027 in
959 1963 1085 2027 ltalia
1107 1962 1235 2028 solum
1257 1962 1372 2027 robis

217 2072 255 2135 in
278 2071 416 2134 Africa
439 2077 565 2149 essct,
600 2070 669 2135 sed
697 2077 736 2135 et
766 2092 832 2135 vos
855 2068 894 2134 in
917 2072 1049 2155 portis
1072 2070 1223 2136 vestris
1247 2090 1373 2155 prope

217 2201 261 2244 ac
283 2178 492 2243 moenibus
515 2180 631 2261 signa
653 2199 841 2262 armaque
864 2177 1041 2244 hostium
1058 2178 1225 2243 vidistis
1243 2184 1284 2241 et
1301 2197 1372 2241 nos

219 2287 265 2352 ab
301 2286 553 2368 Carthagine
593 2286 798 2351 fremitum
839 2292 1067 2350 castrorum
1108 2286 1372 2350 Romanorum

217 2394 464 2459 exaudimus.
515 2394 567 2458 Ita
595 2395 630 2458 P.
654 2394 823 2458 Lacunam
850 2392 1057 2458 manifestam
1085 2393 1141 2458 alii
1170 2392 1302 2458 codices
1331 2390 1372 2474 (si

219 2502 315 2566 modo
343 2508 433 2566 recte
458 2501 497 2564 de
520 2503 560 2566 iis
584 2500 727 2582 tacetur)
752 2509 785 2566 et
807 2501 965 2566 editiones
988 2502 1036 2565 ita
1058 2501 1308 2584 suppleverunt,
1336 2505 1374 2565 ut

220 2610 435 2674 scriberetur:
466 2609 598 2673 necin
621 2609 747 2674 Italia
770 2610 897 2674 solum
920 2608 1036 2674 vobis
1059 2608 1227 2685 bellum,
1257 2608 1373 2674 nobis

220 2718 258 2781 in
282 2717 420 2782 Africa
442 2723 566 2794 esset,
597 2738 636 2781 ex
660 2738 724 2798 quo
748 2717 877 2799 (audita
900 2716 1032 2800 copula:
1063 2714 1280 2797 nobisque)
1304 2713 1373 2780 effi-

220 2827 304 2889 citur
333 2847 372 2889 ea
400 2827 578 2902 sententia,
613 2826 778 2889 Romanos
813 2847 878 2889 non
913 2823 1019 2888 solum
1053 2824 1086 2887 in
1114 2823 1213 2888 Italia
1241 2822 1374 2900 alicubi,

220 2933 508 3015 Carthaginienses
542 2933 575 2995 in
610 2930 721 2996 Africa
755 2932 877 2995 bellum
910 2931 1081 3007 babuisse,
1121 2930 1179 2995 sed
1213 2938 1374 3012 utrosque

218 3043 341 3104 circum
365 3042 469 3124 ipsam
493 3040 616 3103 urbem.
667 3039 787 3104 Verum
815 3040 885 3103 baec
913 3038 1078 3103 subtilitas
1107 3040 1140 3102 in
1170 3038 1374 3121 exquirendo

217 3149 392 3213 intervallo
421 3149 503 3212 nihil
532 3149 664 3211 adrem
687 3148 845 3229 pertinet3
876 3146 909 3209 id
932 3148 1089 3229 pertinet,
1119 3168 1184 3210 non
1207 3145 1375 3210 alteriutri

218 3258 340 3340 populo
370 3257 493 3320 bollum
522 3257 554 3319 in
578 3277 639 3319 sua
661 3263 751 3319 terra
774 3255 948 3330 accidisse,
979 3255 1037 3317 sed
1059 3256 1200 3336 utrique.
1258 3254 1377 3336 Itaque

219 3364 428 3428 scribendum
452 3370 516 3428 cst:
546 3364 681 3426 necin
705 3360 830 3426 Italia
855 3362 983 3426 solum
1006 3362 1121 3426 vobis
1145 3361 1289 3424 bellu
1314 3368 1378 3424 ut

218 3471 327 3532 nobis
357 3472 394 3534 in
419 3471 559 3535 Africa
587 3476 706 3534 esset.
764 3469 911 3550 [Rectius
934 3470 1201 3550 Wesenbergius:
1236 3490 1310 3534 nec
1339 3470 1378 3533 in

217 3578 345 3644 Italia
368 3580 495 3643 solurn
519 3578 628 3639 nobis
651 3577 792 3640 nerlu·
815 3578 1009 3641 nutvobis
1027 3579 1065 3640 in
1085 3577 1222 3641 Africa
1241 3575 1378 3660 esset]

218 3686 375 3769 Sequitur
404 3687 494 3766 (nam
522 3686 620 3770 plura
648 3685 740 3749 nobis
769 3687 803 3749 in
832 3685 928 3766 longo
957 3685 1019 3749 hoc
1048 3686 1156 3767 capite
1181 3685 1381 3768 attingenda

247 3921 271 3987 ¹)
291 3921 356 3990 Cap.
376 3924 417 3986 23,
441 3924 457 3975 6
476 3921 537 3975 fieri
555 3926 650 3990 potest
669 3926 700 3974 ut
718 3922 818 3974 lacuna
836 3921 876 3973 sic
895 3921 1052 3990 supplenda
1070 3922 1120 3976 sit:
1148 3921 1178 3974 si
1200 3926 1279 3976 aute
1303 3938 1379 3977 cen·

286 4007 450 4068 uenisset,
486 4022 577 4075 quarn
606 4006 787 4059 Hannibal
820 4011 854 4058 et
881 4006 983 4074 Mago
1018 4023 1058 4059 ex
1086 4005 1198 4059 Italia
1224 4024 1380 4063 revoca·

285 4097 418 4144 rentur.
446 4091 544 4159 (1863.)
581 4090 647 4160 Cap.
666 4094 707 4156 24,
731 4094 760 4144 5:
785 4090 850 4143 Per
872 4091 1095 4144 indutiarum
1119 4096 1261 4161 tempus
1287 4097 1382 4149 etex

286 4175 502 4230 Sardinia-
520 4183 662 4231 centum
681 4177 854 4228 onerariae
875 4193 1032 4230 naves-
1048 4182 1082 4230 et
1101 4178 1140 4230 ab
1159 4177 1265 4233 hosts
1284 4185 1322 4233 et
1340 4179 1382 4232 ab

285 4263 619 4329 -tempestatibus
644 4261 731 4314 mari
754 4265 834 4313 tuto
857 4289 891 4299 -
914 4262 1207 4315 transmiserunt
1254 4262 1383 4318 Primum

285 4352 318 4399 et
337 4345 493 4399 tollendum
512 4353 568 4411 cst;
587 4346 657 4399 nihil
676 4345 750 4399 enim
768 4346 912 4414 praecedit,
932 4364 987 4414 quo
1005 4346 1152 4400 referatur.
1191 4345 1293 4415 (1863.)
