3000 5116
204 496 266 550 Lib.
286 496 343 549 XL.
738 483 799 545 572

192 667 374 744 Gronovio‚
398 669 455 749 qui
477 673 588 731 tamen
609 688 670 751 pro
693 667 870 749 recipiet
893 665 996 732 scribi
1024 664 1160 732 volebat
1187 667 1349 750 recipe·

191 779 271 854 1·et;
294 774 463 840 Bellerus
487 781 520 839 et
542 773 827 839 Weissenbornius
848 774 1029 857 recipiat
1050 779 1248 856 posuerunt.
1283 772 1349 838 Sed

192 887 265 946 tota
289 883 454 946 sententie
482 901 637 965 perversa
664 888 726 946 est.
771 882 820 946 De
848 902 977 946 summa
997 882 1084 945 enim
1106 902 1160 959 re,
1187 882 1349 965 recipien-

193 989 269 1054 diue
294 991 360 1054 sint
383 989 518 1071 Ligures
541 1010 654 1067 necne,
675 989 758 1053 nihil
781 996 914 1053 senatus
937 988 1127 1071 respondet,
1150 988 1225 1067 sed,
1248 989 1278 1053 si
1298 1009 1350 1052 re·

194 1098 375 1179 cipiantur,
398 1104 489 1161 vetat
511 1098 542 1160 in
573 1097 717 1180 receptis
745 1095 834 1174 fieri,
865 1096 955 1179 quod
983 1095 1161 1161 Marcellus
1184 1116 1221 1161 se
1242 1093 1349 1160 factu·

192 1226 266 1268 rum
287 1225 353 1268 non
375 1203 585 1284 significarat,
607 1210 697 1267 vetat
719 1211 830 1267 autem
853 1210 969 1267 contra
997 1209 1207 1268 constantem
1231 1204 1349 1267 Roma·

192 1332 310 1375 norum
332 1312 365 1375 in
388 1311 552 1375 dediticiis
573 1311 768 1393 recipiendis
791 1332 929 1389 morem,
958 1312 1014 1392 qui
1043 1317 1199 1394 apparet,
1227 1317 1267 1375 ut
1288 1310 1350 1374 hoo

192 1424 282 1498 utar,
305 1418 362 1482 lib.
393 1416 544 1496 XXXIX,
569 1422 598 1495 2,
623 1424 637 1481 1
664 1424 697 1482 et
720 1424 748 1481 4.
793 1418 875 1483 Mire
899 1420 998 1483 etiam
1016 1439 1089 1482 cum
1106 1417 1172 1482 bac
1197 1419 1349 1483 cautione

194 1526 368 1609 copulatur
402 1523 512 1608 (atqu
520 1526 552 1603 e)
587 1531 782 1600 extremum,
815 1526 994 1591 mittendos
1028 1546 1099 1591 esse
1133 1525 1276 1608 Ligures
1307 1524 1348 1591 ad

194 1634 360 1710 consules,
383 1653 466 1714 quos
488 1634 593 1697 vitare
615 1634 803 1712 voluerant,
827 1635 923 1714 quasi
944 1633 1006 1698 hoc
1029 1653 1069 1696 ex
1091 1632 1209 1699 eodem
1231 1652 1349 1715 genere

194 1744 246 1806 sit.
291 1743 356 1805 ltes
380 1745 413 1804 et
437 1742 600 1805 sententia
623 1748 656 1806 et
679 1743 784 1806 oratio
807 1747 905 1805 rectae
924 1747 1029 1819 erunt,
1051 1742 1209 1805 retractis
1232 1740 1349 1822 eiuga

194 1849 322 1914 duabus
344 1848 480 1923 litteris,
512 1848 586 1912 aliis
615 1855 704 1912 recte
727 1848 895 1913 diiunctis:
929 1856 1011 1913 tum
1045 1869 1207 1931 quoque
1235 1847 1347 1931 (quum

194 1957 329 2038 Ligures
353 1956 395 2019 ed
417 1955 608 2020 Marcellum
632 1955 840 2038 confugerint
869 1964 902 2021 et
924 1977 977 2019 res
1000 1977 1060 2039 per
1081 1955 1279 2022 Marcellum
1306 1954 1348 2020 ad

195 2074 345 2129 senatum
368 2064 494 2127 reiecta
517 2063 573 2143 sit)
597 2084 672 2128 non
701 2064 864 2146 placere
892 2062 970 2145 niel
997 2085 1067 2146 per
1096 2063 1346 2128 deditionem

196 2172 370 2254 Ligures
392 2169 531 2250 recipi,
566 2177 601 2233 ct
624 2172 808 2255 receptis
832 2192 941 2235 arma
963 2170 1089 2235 adimi
1120 2176 1247 2253 atque
1281 2191 1346 2235 eos

195 2279 243 2344 ad
272 2278 463 2343 consules
497 2278 616 2355 mitti,
650 2283 834 2342 senatum
867 2299 1019 2359 {equum
1054 2298 1234 2342 censere.
1279 2277 1346 2342 Nisi

193 2387 282 2450 facta
305 2392 418 2467 aperte
442 2392 475 2449 et
498 2386 568 2449 sine
592 2384 787 2468 ambagibus
815 2384 982 2449 deditione
1011 2385 1114 2468 recipi
1137 2384 1279 2467 Ligures
1301 2405 1346 2448 se-

195 2501 293 2559 natus
317 2501 422 2571 vetat3
457 2491 575 2557 deiude
599 2494 751 2575 adiungit
774 2492 850 2575 (et),
884 2492 963 2575 quid
992 2492 1149 2557 Romanae
1173 2502 1347 2557 cousuetu-

196 2603 263 2666 dini
296 2600 525 2665 convenienter
552 2603 586 2665 in
613 2602 755 2683 receptis
789 2599 975 2665 faciendum
1009 2601 1061 2664 sit.
1106 2599 1151 2663 Et
1178 2598 1348 2683 particula

109 2717 180 2786 (467)
199 2710 277 2774 nisi
311 2709 393 2773 adeo
428 2709 604 2773 manifesta
636 2716 712 2772 sunt
744 2709 883 2789 vestigia
915 2708 949 2771 in
979 2708 1099 2772 Lov.4
1132 2714 1169 2771 et
1196 2706 1303 2771 blaad.
1331 2710 1345 2769 1

196 2818 286 2899 (uon
309 2817 577 2899 placerentsi,
602 2816 678 2880 Lov.
704 2820 721 2879 3
745 2837 821 2879 non
844 2816 1095 2898 placeretsi)‚
1119 2822 1158 2879 ut
1178 2815 1348 2880 Gelenium

196 2948 262 2991 non
293 2926 373 2989 satis
403 2923 497 3007 plene
526 2925 566 3018 de
595 2924 628 2987 Μ
661 2923 813 2988 retulisse
843 2934 972 3007 putem,
1006 2924 1219 3005 incipientem
1255 2944 1276 2987 a
1302 2923 1347 3001 si,

197 3035 309 3118 priora
331 3032 562 3115 (placerent
585 3053 644 3114 pro
667 3030 870 3114 placeret)
895 3032 1112 3095 omittentem.
1147 3031 1277 3097 Eodem
1298 3051 1348 3094 ca·

196 3143 263 3226 pite
298 3142 383 3204 infra
417 3136 448 3220 (ξ
484 3142 516 3200 7:
552 3136 589 3213 Q.
619 3139 784 3202 Fulvius
818 3139 990 3217 Flaccus
1034 3139 1073 3201 in
1107 3140 1349 3204 citeriorem

198 3245 415 3332 [Hispaniam]
439 3247 628 3329 pervenit
651 3248 958 3327 exercitumque
982 3267 1001 3308 a
1024 3244 1220 3311 Terentio
1245 3268 1350 3311 acce·

197 3358 270 3440 pit)
296 3354 505 3419 scribendum
529 3362 595 3418 est:
626 3354 673 3417 ab
697 3354 733 3415 A.
758 3351 963 3418 Terentio.
1000 3353 1091 3417 Vidit
1114 3355 1233 3419 vitium
1256 3356 1351 3420 etiam

197 3461 498 3533 Weissenboruius,
528 3460 585 3524 sed
609 3462 678 3524 sine
702 3481 802 3524 causa
828 3463 1010 3542 graviorem
1033 3461 1257 3543 suspicionem
1280 3483 1352 3527 con·

199 3568 330 3652 cepit.¹)

222 3820 245 3885 ¹)
267 3818 294 3889 [ᾖ
315 3823 344 3872 11
364 3819 458 3873 editur
475 3837 509 3873 ex
526 3820 567 3873 M:
595 3822 672 3874 anri
690 3821 878 3888 octoginta
901 3819 1027 3888 pondo,
1055 3826 1090 3874 et
1116 3820 1190 3875 dure
1220 3838 1355 3877 corona

267 3921 375 3959 aureae
394 3905 508 3974 pondo
532 3908 717 3973 sexaginta
741 3910 888 3974 septem
916 3904 1029 3959 codices
1056 3907 1181 3974 quinque
1200 3906 1288 3962 Drals
1307 3908 1354 3961 ba·

266 3991 335 4044 bent
353 3996 386 4044 et
405 3990 478 4043 dno.
506 3990 783 4059 Scribendumputc:
803 3991 875 4044 auri
890 3991 1076 4057 octoginta
1093 3992 1210 4059 pondo
1229 4000 1267 4048 et
1283 3994 1356 4053 duc.

267 4091 402 4129 coronae
420 4092 531 4129 aurea
551 4078 736 4145 sexaginta
749 4080 889 4144 septem,
909 4075 1068 4144 et.p0ndo
1085 4076 1113 4128 in
1128 4082 1260 4132 extremo
1273 4094 1357 4131 mem·

265 4161 318 4214 bro
336 4177 430 4214 errore
449 4178 485 4214 ex
508 4161 701 4229 superioribus
719 4162 879 4228 repetitum.
916 4160 987 4214 Nam
1005 4162 1035 4214 in
1053 4161 1196 4229 scriptura
1218 4163 1295 4230 Mog.
1313 4180 1357 4216 co·

266 4261 344 4299 rome
363 4251 392 4300 et
418 4247 502 4300 nimis
519 4263 617 4315 paucae
636 4256 664 4299 ct
691 4247 774 4299 nimis
798 4245 966 4313 ponderosa
993 4246 1135 4300 videntur.
1171 4245 1290 4302 Pondus
1308 4263 1354 4301 co·

266 4346 415 4395 nonarum,
433 4347 491 4384 non
509 4348 657 4398 numerus,
677 4330 818 4383 indicatur
835 4329 963 4395 XXXIX,
987 4333 1012 4397 5,
1032 4334 1065 4383 14
1082 4338 1111 4384 et
1129 4333 1154 4395 7,
1177 4335 1207 4397 1;
1226 4349 1358 4386 numerus
