2994 5108
220 482 282 540 Lib.
300 482 322 537 L
777 470 819 535 62

220 655 335 722 14144.
358 656 390 720 Π
413 676 441 721 4.
464 659 522 736 43,
551 661 608 735 44,
637 660 694 736 45,
723 660 765 721 46
793 657 925 740 gravior
948 657 1032 723 Livii
1059 662 1112 723 est
1133 677 1243 737 error,
1274 656 1377 740 quod,

219 771 293 831 tota
312 786 349 831 14
373 764 511 831 obscure
533 764 642 830 444410
665 763 912 849 comprehensa,
941 786 989 847 ea,
1017 786 1091 849 quae
1113 785 1141 831 4.
1163 769 1215 847 43,
1243 769 1262 830 4
1286 763 1378 848 (44111

219 873 376 960 Dionysio
394 872 560 939 Halicarn
578 872 635 954 IX,
657 876 677 937 2
696 872 905 957 conspirans)
922 873 1048 941 Fabio
1071 873 1155 940 duee
1176 873 1377 940 44114444-

219 982 334 1048 44444
356 981 517 1048 4444114444
539 979 712 1065 significat,
734 988 852 1067 postea
869 1003 896 1048 4.
915 988 968 1062 44,
994 988 1030 1047 11
1050 987 1086 1049 44
1101 987 1153 1063 46,
1177 987 1193 1047 1
1213 983 1378 1050 interum

220 1091 360 1175 proximi
395 1091 472 1157 anni
498 1090 687 1156 narratione
714 1094 874 1174 tanquam
900 1091 935 1156 in
962 1090 1101 1175 AEquis
1128 1098 1223 1176 gesta
1248 1097 1376 1158 narrat.

151 1210 205 1281 (51)
223 1198 526 1277 Drakenborchius,
561 1195 685 1282 Sigonii
713 1197 834 1265 librum
855 1200 1116 1266 recentissimum
1138 1205 1173 1266 et
1193 1200 1378 1285 interpola·

219 1309 382 1373 tissimum
416 1313 451 1372 et
482 1307 628 1372 eiusdem
661 1308 791 1390 generis
819 1307 961 1374 alterum
991 1307 1072 1391 (Η3)
1099 1315 1244 1391 4444444,
1272 1330 1300 1375 4.
1329 1312 1375 1375 43

219 1416 394 1482 Veientum
421 1421 456 1481 et
482 1414 665 1498 AEquorum
693 1415 826 1481 nomina
853 1417 1073 1502 transposuit,
1106 1417 1194 1503 quod
1225 1416 1373 1498 ,44144111

218 1546 283 1589 404
311 1523 449 1590 ferenda
475 1524 510 1589 in
536 1524 623 1589 tanti
644 1524 785 1590 40414444
808 1544 848 1589 44
869 1523 964 1591 famae
986 1525 1143 1592 historico
1165 1527 1379 1608 neglegentia

218 1633 333 1718 paucis
355 1632 538 1699 interiectis
561 1632 613 1697 sui
635 1631 775 1698 oblitum
797 1636 890 1699 esse“
914 1656 981 1700 non
1003 1634 1169 1714 credebat,
1190 1632 1376 1718 habuitque

219 1742 455 1824 obsequentes,
494 1740 550 1823 qui
589 1742 623 1805 in
657 1742 825 1826 superiore
857 1741 931 1809 1040
965 1742 1133 1808 codicibus
1166 1742 1377 1824 obedierant,

218 1850 444 1935 Kreyssigium
466 1854 500 1913 et
520 1847 699 1928 1141444441,
729 1849 1009 1932 dissentientibus,
1032 1851 1090 1936 qui
1111 1849 1180 1916 illic
1201 1850 1376 1917 1111441441

218 1965 335 2025 404414
363 1958 494 2024 40114444
523 1959 628 2023 444444
657 1964 766 2036 erant,
801 1958 1007 2026 Alschefskio
1038 1966 1072 2025 et
1092 1957 1371 2025 Weissenbornio.

217 2067 351 2133 Utinam
373 2087 439 2132 non
460 2065 566 2132 144140
589 2068 740 2148 graviora
757 2065 868 2132 Livius
891 2068 1109 2134 commisisset
1131 2073 1164 2134 et
1182 2088 1255 2152 01114
1272 2067 1376 2134 verbo

216 2197 282 2242 uno
313 2174 459 2241 alterove
486 2174 643 2239 mutando
665 2175 949 2260 transponendove
972 2175 1140 2242 occultare
1162 2198 1230 2242 non
1251 2176 1370 2261 possis.

218 2283 290 2350 Lib.
313 2283 375 2362 IV,
411 2286 466 2363 30,
502 2286 541 2347 15
564 2282 597 2346 44
620 2282 771 2348 04144444
794 2283 971 2365 codicibus,
1005 2284 1149 2368 exceptis
1171 2284 1278 2351 tribus
1302 2305 1375 2351 om·

216 2393 308 2457 nium
329 2389 449 2456 infimis
473 2388 603 2472 (iisdem
626 2388 804 2475 Sigoniano
827 2399 861 2458 44
881 2391 944 2472 He,
967 2398 1039 2458 tum
1060 2391 1370 2478 Harercampiano),

217 2499 389 2566 scribitur:
423 2503 467 2563 ut
489 2497 707 2575 Quinctius
738 2502 880 2567 consul
904 2499 1082 2567 debello
1105 2501 1155 2566 ad
1177 2501 1374 2586 populum

216 2608 360 2686 ferret,
394 2612 428 2672 et
461 2626 486 2671 0.
518 2610 574 2687 31,
612 2612 627 2670 1
662 2607 774 2672 Livius
808 2609 958 2693 proximo
994 2628 1080 2674 anno
1114 2609 1150 2674 T.
1181 2607 1373 2686 Quinctium

215 2716 363 2782 Pennum
393 2737 440 2782 ex
471 2716 693 2782 consulatu
720 2716 890 2783 tribunum
911 2716 1053 2783 militum
1075 2723 1222 2783 ereetum
1245 2717 1372 2784 scribit.

215 2825 316 2908 Atqui
340 2845 441 2909 supra
462 2847 488 2891 c.
513 2829 569 2904 30,
601 2829 638 2889 12
663 2825 816 2890 eonsules
845 2824 942 2891 huius
966 2826 1042 2890 anni
1065 2825 1215 2891 4144114144
1237 2822 1271 2889 O.
1295 2824 1373 2892 841-

215 2935 328 2999 1414414
350 2933 498 3014 Ahalam,
523 2934 559 2999 L.
577 2933 746 3018 Papirium
768 2933 999 3018 Mugilianum3
1021 2933 1057 2998 T.
1077 2931 1248 3010 Quinctius
1270 2955 1369 3018 supe·

215 3045 304 3111 14014
331 3064 417 3110 anno
447 3041 560 3110 consul
587 3041 697 3108 fuerat
726 3040 757 3124 (5
781 3041 824 3123 4).
880 3042 996 3125 1411044
1019 3041 1129 3108 Livius
1151 3064 1218 3108 uon
1240 3042 1307 3107 ism
1330 3064 1372 3109 ex

216 3151 345 3218 duobus
373 3151 562 3218 hominibus
586 3151 726 3216 alterum
748 3171 807 3235 pro
830 3150 935 3215 altero
957 3150 1147 3229 nominavit,
1177 3149 1369 3234 441444014-

214 3262 345 3343 gentius
373 3259 486 3325 44414
515 3266 548 3324 44
574 3257 745 3341 Mugillani
775 3257 897 3324 oblitus
928 3258 970 3324 ad
999 3258 1187 3342 superiores
1216 3259 1372 3326 consules

214 3368 395 3448 aberravit,
428 3368 539 3432 nescio
573 3366 652 3450 quid
684 3368 719 3431 in
752 3366 857 3432 altero
887 3387 927 3432 ex
954 3366 995 3432 iis
1024 3365 1196 3450 deligendo
1224 3372 1366 3433 secutus.

213 3476 367 3542 Editores
396 3474 472 3541 inde
500 3474 688 3559 aSigonio,
723 3476 869 3558 exceptis
891 3473 1056 3556 Bekker0,
1088 3474 1369 3557 Weissenbornio,

214 3584 362 3665 Hertzio,
399 3584 481 3649 Livii
515 3604 658 3648 errorem
694 3582 915 3649 audacissima
947 3585 1130 3649 mutatione
1159 3583 1371 3650 occultarunt

214 3692 271 3773 (ut
298 3693 489 3758 consules
520 3689 697 3757 debello
721 3711 751 3755 a.
773 3713 804 3774 p.
828 3690 1020 3773 ferrent);
1048 3689 1273 3757 414444144444
1296 3693 1368 3775 qui·

214 3802 297 3882 dem,
320 3801 418 3867 homo
441 3801 586 3884 41400444
609 3797 846 3865 incredibiliter
868 3801 1127 3885 superstitiosus,
1151 3801 1251 3866 etiam
1274 3821 1301 3865 4.
1325 3803 1364 3864 31

213 3932 260 3976 ex
289 3910 504 3975 consulatu
532 3907 662 3975 delevit.
718 3906 825 3991 Magis
854 3909 953 3975 etiam
983 3909 1066 3974 Livii
1093 3910 1128 3973 in
1155 3909 1297 3975 materia
1325 3929 1365 3976 ex

282 4101 384 4153 supra
412 4085 502 4138 belli
529 4084 648 4138 Latini
676 4090 814 4152 metum,
842 4085 895 4139 etsi
920 4084 1078 4138 rectissime
1100 4082 1238 4153 aliquid
1260 4100 1367 4155 supra

280 4170 450 4225 hominem
468 4186 541 4223 4444
559 4174 588 4223 44
605 4170 720 4238 putari
739 4169 849 4225 dicitur.
878 4168 908 4224 Si
930 4170 992 4238 quis
1009 4169 1120 4224 Livium
1138 4185 1232 4224 errore
1249 4169 1365 4226 liberari

279 4256 351 4326 vult,
369 4254 548 4312 scribendum
566 4255 622 4309 erit
639 4254 674 4310 in
691 4254 790 4324 qnod,
808 4259 841 4310 44
859 4255 945 4310 14144
964 4256 1004 4311 444
1023 4254 1204 4310 ordinentur:
1227 4254 1312 4310 Nam
1329 4255 1365 4310 id

280 4359 416 4412 quoque
440 4341 487 4408 (de
505 4339 628 4407 Sabinis)
652 4347 851 4396 4444444144
869 4357 973 4412 super
990 4341 1076 4395 belli
1092 4340 1209 4396 Latini
1226 4345 1364 4410 metum,

238 4444 242 4452 ¹
278 4426 314 4480 in
333 4426 495 4496 04011444
532 4425 586 4481 Sed
602 4426 755 4497 perdurum
773 4427 827 4482 404
845 4422 918 4494 4144]
