2994 5108
718 505 757 567 51
1211 521 1275 581 un.
1292 523 1314 578 1.

247 687 326 775 Gap.
357 695 412 770 17,
445 693 481 754 2:
522 686 693 755 Oriundi
728 711 749 756 ε
782 688 962 773 Sabinis,
994 713 1056 774 ne,
1091 696 1186 778 quia
1218 702 1316 780 post

159 797 273 865 Tatii
300 804 471 866 mortem
499 797 546 863 ab
570 818 642 863 sua
663 804 780 883 perte
801 821 881 865 non
904 808 993 868 eret
1013 809 1242 888 regnatum,
1275 805 1315 868 in

161 908 372 974 societate
400 926 511 991 aequa
538 907 846 990 possessionem
874 909 1036 994 imperii
1064 911 1315 994 emitterent,

161 1017 226 1082 sni
255 1016 445 1100 corporis
473 1014 606 1079 creari
632 1035 766 1099 regem
792 1015 997 1083 velebant.
1047 1017 1163 1104 Neque
1185 1041 1314 1104 posses·

161 1125 289 1191 sionem
317 1123 447 1208 imperii
475 1120 634 1205 (omnem)
656 1123 856 1208 poscebant,
884 1146 949 1209 quo
977 1126 1184 1210 iniquissima
1204 1126 1316 1194 futura

162 1239 235 1301 eret
263 1233 420 1311 societas,
448 1248 555 1316 neque
582 1230 617 1296 in
644 1232 804 1298 societate
832 1253 926 1318 equs
953 1230 1000 1315 (id
1028 1240 1092 1314 est,
1122 1256 1195 1321 quae
1221 1256 1316 1321 reque

160 1339 323 1424 maneret)
346 1339 525 1426 quidquam
548 1339 698 1405 amissuri
720 1347 824 1406 erant.
858 1341 1074 1424 Verebantur,
1097 1364 1140 1408 ne
1160 1343 1196 1409 id
1219 1345 1314 1410 smit-

160 1456 285 1529 terent,
326 1448 415 1534 qucd
447 1448 638 1513 societatem
671 1448 876 1530 continebat,
916 1450 1045 1534 imperii
1077 1453 1315 1536 possessionem

159 1557 336 1643 aequsliter
369 1561 404 1623 et
429 1556 554 1622 vicibus
582 1556 668 1621 inter
694 1556 785 1642 ipsos
814 1564 848 1623 θῖ
869 1557 1034 1624 Romanos
1060 1565 1189 1626 veteres
1211 1561 1315 1644 perti-

159 1673 247 1746 tam,
279 1664 315 1731 id
345 1671 410 1730 est:
443 1685 489 1730 ne
519 1715 547 1728 ..
570 1665 610 1729 in
643 1666 847 1731 societate
875 1685 989 1744 equs·
1016 1668 1315 1750 possessionem
1358 1716 1361 1721 ·

159 1774 323 1859 imperii
351 1774 600 1838 amitterent.
651 1772 856 1839 Adiectivum
885 1775 1085 1858 praecedenti
1113 1776 1237 1840 nomini
1260 1796 1314 1841 ac-

160 1880 407 1949 commodatum
429 1886 488 1946 est.
533 1879 655 1964 (1873.)

248 1988 325 2075 Cep.
350 1993 401 2070 21,
426 1994 458 2053 1:
480 1989 652 2055 Deorum
673 1989 841 2055 assidua
861 1989 1046 2056 insidens
1068 2011 1166 2056 curs
1184 2013 1317 2058 ....ee

160 2101 324 2184 pietate
363 2098 536 2163 omnium
574 2104 743 2181 pectora
780 2098 999 2179 imbuerat,
1044 2105 1087 2165 ut
1123 2098 1228 2164 fides
1269 2120 1316 2165 ac

159 2209 226 2273 ius
260 2207 476 2272 iurandum
509 2206 690 2289 proximo
724 2205 854 2290 legum
889 2227 933 2272 ac
962 2228 1180 2291 poenarum
1209 2215 1315 2274 metu

162 2316 377 2382 civitatem
409 2321 582 2398 regeret.
644 2312 723 2379 Hsec
755 2314 857 2380 verbe
889 2314 984 2379 multi
1018 2336 1171 2381 enarrare
1205 2317 1316 2383 conati

161 2430 256 2506 sunt,
289 2443 445 2490 enarrare
473 2429 563 2488 recte
591 2442 687 2487 nemo
714 2423 831 2507 potuit.
887 2420 1187 2505 (Weissenbornius
1217 2447 1315 2510 quam

162 2533 228 2599 sibi
255 2533 327 2616 ipse
348 2552 415 2597 non
437 2529 649 2609 satisfecerit,
678 2529 796 2615 patet.)
850 2530 884 2597 Si
913 2531 991 2615 quid
1014 2533 1100 2596 enim
1121 2532 1317 2615 significant,

161 2641 227 2707 hoc
249 2638 445 2724 significent,
468 2639 497 2705 si
518 2637 600 2705 fides
617 2639 718 2704 etius
735 2639 907 2704 iurandum
925 2660 990 2705 ncn
1008 2640 1182 2721 sufficeret,
1205 2642 1315 2727 proxi·

161 2770 251 2815 mum
283 2747 448 2815 subfuisse
481 2754 515 2812 et
547 2748 581 2812 in
615 2767 727 2813 eorum
759 2747 867 2837 lecum
901 2749 1099 2815 successisse
1132 2750 1242 2832 legum
1276 2771 1316 2815 sc

161 2877 344 2942 poenarum
361 2862 493 2935 metum,
517 2855 606 2940 quod
624 2876 754 2939 semper
771 2862 806 2921 et
823 2856 944 2939 ubique
960 2857 1007 2937 fit,
1027 2857 1090 2922 hcc
1108 2862 1168 2937 est,
1186 2863 1316 2924 senten-

161 2967 244 3030 tium
266 2969 426 3045 evertunt,
449 2984 522 3049 quae
544 2966 654 3049 posite
677 2964 782 3029 estin
804 2964 937 3030 sublata
952 2965 1061 3048 legum
1080 2985 1119 3030 cc
1136 2985 1315 3049 poenarum

158 3074 368 3155 necessitate,
391 3094 492 3157 quum
515 3093 626 3138 eorum
647 3072 721 3138 loco
743 3070 826 3138 fides
848 3073 1022 3139 sufficeret.
1055 3073 1099 3139 Et
1120 3073 1315 3139 sententiam

159 3187 196 3247 et
226 3183 408 3248 cretionem
436 3188 562 3247 rectem
590 3180 691 3246 efficit
719 3183 879 3247 correctio
908 3205 974 3248 non
1002 3181 1144 3246 difficilis
1166 3201 1226 3246 nec
1247 3181 1315 3246 vio·

161 3292 269 3356 lenta:
304 3290 410 3356 fides
443 3310 490 3356 sc
522 3291 584 3355 ius
613 3289 829 3355 iurandum
863 3309 918 3370 pro
950 3291 1079 3352 ctncrtc
1112 3277 1242 3373 legum
1270 3308 1315 3354 ac

160 3419 382 3484 poenarum
403 3405 519 3478 metu,
540 3396 604 3463 hoc
627 3403 685 3478 est,
709 3396 838 3462 abiecto
862 3405 894 3463 et
916 3419 1008 3482 psene
1032 3396 1149 3462 servili.
1200 3397 1316 3463 Potest

162 3507 266 3572 etism
297 3507 332 3572 in
359 3513 503 3573 mentem
531 3505 641 3571 venire
669 3527 739 3590 pro
762 3506 892 3572 anxio.
949 3506 1034 3584 Quin
1055 3528 1127 3592 pro
1151 3513 1185 3572 et
1206 3506 1314 3571 adiec-

161 3617 268 3681 tirum
289 3615 405 3696 subsit,
428 3636 494 3682 non
516 3614 646 3680 videtur
668 3613 811 3681 dubium,
857 3613 980 3696 (1861.)

249 3721 347 3807 *Can
371 3727 429 3804 25,
457 3727 492 3788 9:
526 3727 609 3788 tum
637 3722 829 3802 clamore,
863 3721 997 3804 qualis
1025 3743 1069 3787 ex
1097 3724 1311 3806 insperato
1329 3734 1383 3805 (43)

159 3832 388 3898 ferentium
418 3829 540 3910 solet,
574 3830 739 3897 Romani
767 3829 962 3895 adiuvant
988 3829 1164 3896 militem
1193 3849 1312 3895 suum.

159 3938 295 4005 Excidit
316 3939 403 4005 inter
424 3938 561 4025 qualis
583 3947 617 4005 et
639 3961 694 4020 ex,
715 3937 805 4024 quod
827 3936 916 4003 nullo
939 3937 1035 4004 modo
1058 3937 1172 4003 abesse
1194 3942 1312 4021 potest,

160 4067 260 4114 esse.
310 4046 425 4132 Neque
448 4047 535 4112 enim
557 4047 673 4113 Latine
696 4047 830 4114 dicitur:
865 4044 1011 4110 adiuvo
1034 4046 1212 4129 aliquem
1235 4043 1314 4108 cla·

159 4175 283 4237 more,
313 4156 449 4240 qualis
478 4157 647 4222 victoris
675 4156 797 4236 solet3
832 4153 897 4218 dici
924 4153 1035 4238 aliquo
1063 4151 1161 4217 modo
1185 4155 1312 4235 potest:

160 4265 352 4330 exoritur
379 4264 548 4345 clamor,
582 4264 717 4350 qualis
743 4263 915 4330 victoris
943 4263 1064 4342 solet,
1097 4266 1136 4325 ut
1158 4259 1313 4324 audiatur

160 4372 333 4455 exoriri,
362 4372 425 4439 etsi
446 4372 600 4440 usitatius
624 4378 689 4439 est:
723 4371 860 4457 qualis
881 4390 903 4436 s
922 4371 1085 4436 victore
1108 4367 1216 4434 solet
1237 4371 1311 4432 sut:

1051 4487 1084 4541 4*
