<?xml version="1.0" encoding="UTF-8"?>
<!DOCTYPE html PUBLIC "-//W3C//DTD XHTML 1.0 Transitional//EN"
    "http://www.w3.org/TR/xhtml1/DTD/xhtml1-transitional.dtd">
<html xmlns="http://www.w3.org/1999/xhtml" xml:lang="en" lang="en">
 <head>
  <title>
</title>
<meta http-equiv="Content-Type" content="text/html;charset=utf-8" />
  <meta name='ocr-system' content='tesseract 3.04.00' />
  <meta name='ocr-capabilities' content='ocr_page ocr_carea ocr_par ocr_line ocrx_word'/>
</head>
<body>
  <div class='ocr_page' id='page_1' title='image "./emendationesliv00madvgoog_0213.png"; bbox 0 0 2994 5108; ppageno 0'>
   <div class='ocr_carea' id='block_1_1' title="bbox 208 529 813 593">
    <p class='ocr_par' dir='ltr' id='par_1_1' title="bbox 208 529 813 593">
     <span class='ocr_line' id='line_1_1' title="bbox 208 529 813 593; baseline 0 -2"><span class='ocrx_word' id='word_1_1' title='bbox 208 537 270 592; x_wconf 87' lang='lat' dir='ltr'>Lib.</span> <span class='ocrx_word' id='word_1_2' title='bbox 289 538 363 593; x_wconf 90' lang='lat' dir='ltr'><strong>VIII.</strong></span> <span class='ocrx_word' id='word_1_3' title='bbox 751 529 813 591; x_wconf 75' lang='grc'>204</span> 
     </span>
    </p>
   </div>
   <div class='ocr_carea' id='block_1_2' title="bbox 122 710 1363 4483">
    <p class='ocr_par' dir='ltr' id='par_1_2' title="bbox 206 710 1359 2314">
     <span class='ocr_line' id='line_1_2' title="bbox 294 710 1357 800; baseline 0.001 -23"><span class='ocrx_word' id='word_1_4' title='bbox 294 710 372 796; x_wconf 86' lang='lat' dir='ltr'>Cap.</span> <span class='ocrx_word' id='word_1_5' title='bbox 403 718 458 794; x_wconf 86' lang='lat'>36,</span> <span class='ocrx_word' id='word_1_6' title='bbox 492 719 512 778; x_wconf 83' lang='grc'>4</span> <span class='ocrx_word' id='word_1_7' title='bbox 540 714 700 780; x_wconf 87' lang='lat' dir='ltr'>debellari</span> <span class='ocrx_word' id='word_1_8' title='bbox 733 737 807 780; x_wconf 89' lang='lat' dir='ltr'>oum</span> <span class='ocrx_word' id='word_1_9' title='bbox 834 715 1037 782; x_wconf 88' lang='lat' dir='ltr'>Samnitibus</span> <span class='ocrx_word' id='word_1_10' title='bbox 1070 716 1217 800; x_wconf 88' lang='lat' dir='ltr'>potuisse</span> <span class='ocrx_word' id='word_1_11' title='bbox 1245 714 1357 780; x_wconf 83' lang='lat' dir='ltr'>Livius</span> 
     </span>
     <span class='ocr_line' id='line_1_3' title="bbox 209 821 1357 907; baseline 0.002 -22"><span class='ocrx_word' id='word_1_12' title='bbox 209 821 350 900; x_wconf 87' lang='lat' dir='ltr'>iudicat,</span> <span class='ocrx_word' id='word_1_13' title='bbox 390 825 417 888; x_wconf 89' lang='lat' dir='ltr'>si</span> <span class='ocrx_word' id='word_1_14' title='bbox 450 823 485 887; x_wconf 87' lang='lat' dir='ltr'>L.</span> <span class='ocrx_word' id='word_1_15' title='bbox 514 824 637 907; x_wconf 93' lang='lat' dir='ltr'>Papirii</span> <span class='ocrx_word' id='word_1_16' title='bbox 676 824 814 888; x_wconf 88' lang='lat' dir='ltr'>oonsilia</span> <span class='ocrx_word' id='word_1_17' title='bbox 852 823 944 890; x_wconf 84' lang='lat' dir='ltr'>favor</span> <span class='ocrx_word' id='word_1_18' title='bbox 983 825 1178 890; x_wconf 86' lang='lat' dir='ltr'>subsecutus</span> <span class='ocrx_word' id='word_1_19' title='bbox 1212 823 1357 889; x_wconf 88' lang='lat' dir='ltr'>militum</span> 
     </span>
     <span class='ocr_line' id='line_1_4' title="bbox 207 929 1356 1012; baseline 0.001 -19"><span class='ocrx_word' id='word_1_20' title='bbox 207 929 308 994; x_wconf 82' lang='lat' dir='ltr'>soret:</span> <span class='ocrx_word' id='word_1_21' title='bbox 332 932 390 995; x_wconf 87' lang='lat' dir='ltr'>ita</span> <span class='ocrx_word' id='word_1_22' title='bbox 411 932 607 997; x_wconf 88' lang='lat' dir='ltr'>instruxit</span> <span class='ocrx_word' id='word_1_23' title='bbox 629 932 753 996; x_wconf 85' lang='lat' dir='ltr'>aciem</span> <span class='ocrx_word' id='word_1_24' title='bbox 770 931 859 998; x_wconf 87' lang='lat' dir='ltr'>loeo</span> <span class='ocrx_word' id='word_1_25' title='bbox 878 954 921 998; x_wconf 87' lang='lat' dir='ltr'>ao</span> <span class='ocrx_word' id='word_1_26' title='bbox 940 933 1151 1012; x_wconf 87' lang='lat' dir='ltr'>subsidiis,</span> <span class='ocrx_word' id='word_1_27' title='bbox 1174 933 1233 997; x_wconf 90' lang='lat' dir='ltr'>ita</span> <span class='ocrx_word' id='word_1_28' title='bbox 1251 932 1356 997; x_wconf 90' lang='lat' dir='ltr'>omni</span> 
     </span>
     <span class='ocr_line' id='line_1_5' title="bbox 208 1038 1359 1125; baseline 0.001 -23"><span class='ocrx_word' id='word_1_29' title='bbox 208 1045 296 1103; x_wconf 89' lang='lat' dir='ltr'>arte</span> <span class='ocrx_word' id='word_1_30' title='bbox 319 1038 474 1104; x_wconf 87' lang='lat' dir='ltr'>bellica</span> <span class='ocrx_word' id='word_1_31' title='bbox 496 1040 687 1105; x_wconf 84' lang='lat' dir='ltr'>firmavit.</span> <span class='ocrx_word' id='word_1_32' title='bbox 722 1041 833 1105; x_wconf 83' lang='lat' dir='ltr'>Haeret</span> <span class='ocrx_word' id='word_1_33' title='bbox 854 1042 908 1106; x_wconf 90' lang='lat' dir='ltr'>hio</span> <span class='ocrx_word' id='word_1_34' title='bbox 930 1044 1039 1106; x_wconf 89' lang='lat' dir='ltr'>animo</span> <span class='ocrx_word' id='word_1_35' title='bbox 1063 1041 1255 1125; x_wconf 84' lang='lat' dir='ltr'>scrupulus3</span> <span class='ocrx_word' id='word_1_36' title='bbox 1277 1061 1359 1103; x_wconf 90' lang='lat' dir='ltr'>nam</span> 
     </span>
     <span class='ocr_line' id='line_1_6' title="bbox 207 1147 1358 1229; baseline 0.001 -19"><span class='ocrx_word' id='word_1_37' title='bbox 207 1147 418 1213; x_wconf 89' lang='lat' dir='ltr'>instruere</span> <span class='ocrx_word' id='word_1_38' title='bbox 458 1149 584 1213; x_wconf 85' lang='lat' dir='ltr'><strong>aciem</strong></span> <span class='ocrx_word' id='word_1_39' title='bbox 618 1149 817 1214; x_wconf 89' lang='lat' dir='ltr'>subsidiis</span> <span class='ocrx_word' id='word_1_40' title='bbox 850 1149 932 1214; x_wconf 90' lang='lat' dir='ltr'>nihil</span> <span class='ocrx_word' id='word_1_41' title='bbox 966 1149 1057 1213; x_wconf 90' lang='lat' dir='ltr'>aliud</span> <span class='ocrx_word' id='word_1_42' title='bbox 1090 1149 1221 1214; x_wconf 82' lang='lat' dir='ltr'>videtur</span> <span class='ocrx_word' id='word_1_43' title='bbox 1254 1147 1358 1229; x_wconf 83' lang='lat' dir='ltr'>signi-</span> 
     </span>
     <span class='ocr_line' id='line_1_7' title="bbox 208 1256 1358 1340; baseline 0.003 -22"><span class='ocrx_word' id='word_1_44' title='bbox 208 1256 308 1320; x_wconf 80' lang='lat' dir='ltr'>ficare</span> <span class='ocrx_word' id='word_1_45' title='bbox 342 1278 436 1340; x_wconf 89' lang='lat' dir='ltr'>posse</span> <span class='ocrx_word' id='word_1_46' title='bbox 470 1258 547 1321; x_wconf 90' lang='lat' dir='ltr'>nisi:</span> <span class='ocrx_word' id='word_1_47' title='bbox 582 1256 634 1321; x_wconf 90' lang='lat' dir='ltr'>die</span> <span class='ocrx_word' id='word_1_48' title='bbox 664 1256 971 1340; x_wconf 79' lang='lat' dir='ltr'>Suhlachtordnung</span> <span class='ocrx_word' id='word_1_49' title='bbox 1007 1259 1067 1322; x_wconf 87' lang='lat' dir='ltr'>mit</span> <span class='ocrx_word' id='word_1_50' title='bbox 1095 1258 1185 1322; x_wconf 88' lang='lat' dir='ltr'>einer</span> <span class='ocrx_word' id='word_1_51' title='bbox 1213 1256 1358 1321; x_wconf 85' lang='lat' dir='ltr'>Reserve</span> 
     </span>
     <span class='ocr_line' id='line_1_8' title="bbox 207 1364 1358 1445; baseline 0 -17"><span class='ocrx_word' id='word_1_52' title='bbox 207 1365 379 1444; x_wconf 86' lang='lat' dir='ltr'>vorsehen,</span> <span class='ocrx_word' id='word_1_53' title='bbox 408 1367 470 1430; x_wconf 89' lang='lat' dir='ltr'>etsi</span> <span class='ocrx_word' id='word_1_54' title='bbox 493 1388 558 1431; x_wconf 92' lang='lat' dir='ltr'>non</span> <span class='ocrx_word' id='word_1_55' title='bbox 582 1365 702 1431; x_wconf 88' lang='lat' dir='ltr'>dicitur</span> <span class='ocrx_word' id='word_1_56' title='bbox 723 1367 781 1445; x_wconf 91' lang='lat' dir='ltr'>ita,</span> <span class='ocrx_word' id='word_1_57' title='bbox 810 1367 868 1432; x_wconf 84' lang='lat' dir='ltr'>sed</span> <span class='ocrx_word' id='word_1_58' title='bbox 891 1366 1058 1431; x_wconf 84' lang='lat' dir='ltr'>firmare</span> <span class='ocrx_word' id='word_1_59' title='bbox 1081 1364 1281 1431; x_wconf 88' lang='lat' dir='ltr'>subsidiis</span> <span class='ocrx_word' id='word_1_60' title='bbox 1305 1368 1358 1443; x_wconf 88' lang='lat' dir='ltr'>(ut</span> 
     </span>
     <span class='ocr_line' id='line_1_9' title="bbox 208 1472 1358 1558; baseline 0 -21"><span class='ocrx_word' id='word_1_61' title='bbox 208 1474 320 1538; x_wconf 88' lang='lat' dir='ltr'>statim</span> <span class='ocrx_word' id='word_1_62' title='bbox 342 1473 403 1553; x_wconf 86' lang='lat' dir='ltr'>lx,</span> <span class='ocrx_word' id='word_1_63' title='bbox 435 1478 488 1553; x_wconf 81' lang='lat'>17,</span> <span class='ocrx_word' id='word_1_64' title='bbox 519 1478 556 1537; x_wconf 87' lang='grc'>15</span> <span class='ocrx_word' id='word_1_65' title='bbox 581 1480 614 1538; x_wconf 89' lang='lat' dir='ltr'>et</span> <span class='ocrx_word' id='word_1_66' title='bbox 635 1492 735 1558; x_wconf 88' lang='lat' dir='ltr'>supra</span> <span class='ocrx_word' id='word_1_67' title='bbox 757 1475 816 1554; x_wconf 87' lang='lat' dir='ltr'>IV,</span> <span class='ocrx_word' id='word_1_68' title='bbox 848 1480 897 1555; x_wconf 84' lang='grc'>37,</span> <span class='ocrx_word' id='word_1_69' title='bbox 926 1480 1003 1539; x_wconf 76' lang='lat' dir='ltr'>Set</span> <span class='ocrx_word' id='word_1_70' title='bbox 1024 1479 1075 1554; x_wconf 83' lang='lat'>40,</span> <span class='ocrx_word' id='word_1_71' title='bbox 1105 1473 1148 1556; x_wconf 84' lang='lat'>6),</span> <span class='ocrx_word' id='word_1_72' title='bbox 1177 1474 1257 1556; x_wconf 89' lang='lat' dir='ltr'>quia</span> <span class='ocrx_word' id='word_1_73' title='bbox 1279 1472 1358 1537; x_wconf 91' lang='lat' dir='ltr'>sub·</span> 
     </span>
     <span class='ocr_line' id='line_1_10' title="bbox 208 1574 1359 1666; baseline -0.001 -19"><span class='ocrx_word' id='word_1_74' title='bbox 208 1574 293 1647; x_wconf 77' lang='lat' dir='ltr'>sidia</span> <span class='ocrx_word' id='word_1_75' title='bbox 320 1583 363 1647; x_wconf 89' lang='lat' dir='ltr'>ab</span> <span class='ocrx_word' id='word_1_76' title='bbox 392 1583 461 1648; x_wconf 82' lang='lat' dir='ltr'>acie</span> <span class='ocrx_word' id='word_1_77' title='bbox 490 1588 645 1666; x_wconf 90' lang='lat' dir='ltr'>separata</span> <span class='ocrx_word' id='word_1_78' title='bbox 668 1590 760 1663; x_wconf 81' lang='lat' dir='ltr'>sunt3</span> <span class='ocrx_word' id='word_1_79' title='bbox 794 1584 884 1648; x_wconf 86' lang='lat' dir='ltr'>loco</span> <span class='ocrx_word' id='word_1_80' title='bbox 919 1589 1031 1648; x_wconf 88' lang='lat' dir='ltr'>autem</span> <span class='ocrx_word' id='word_1_81' title='bbox 1059 1583 1221 1647; x_wconf 88' lang='lat' dir='ltr'>instruere</span> <span class='ocrx_word' id='word_1_82' title='bbox 1248 1602 1359 1664; x_wconf 90' lang='lat' dir='ltr'>neque</span> 
     </span>
     <span class='ocr_line' id='line_1_11' title="bbox 207 1689 1358 1776; baseline 0.001 -23"><span class='ocrx_word' id='word_1_83' title='bbox 207 1690 271 1754; x_wconf 90' lang='lat' dir='ltr'>dioi</span> <span class='ocrx_word' id='word_1_84' title='bbox 305 1712 344 1755; x_wconf 87' lang='lat' dir='ltr'>ea</span> <span class='ocrx_word' id='word_1_85' title='bbox 376 1689 612 1774; x_wconf 83' lang='lat' dir='ltr'>significatione</span> <span class='ocrx_word' id='word_1_86' title='bbox 641 1697 752 1775; x_wconf 89' lang='lat' dir='ltr'>potest</span> <span class='ocrx_word' id='word_1_87' title='bbox 774 1698 814 1757; x_wconf 84' lang='lat' dir='ltr'>&#39;et</span> <span class='ocrx_word' id='word_1_88' title='bbox 841 1693 926 1776; x_wconf 92' lang='lat' dir='ltr'>perit</span> <span class='ocrx_word' id='word_1_89' title='bbox 952 1693 1057 1776; x_wconf 90' lang='lat' dir='ltr'>ipsius</span> <span class='ocrx_word' id='word_1_90' title='bbox 1085 1692 1168 1756; x_wconf 88' lang='lat' dir='ltr'>aciei</span> <span class='ocrx_word' id='word_1_91' title='bbox 1195 1690 1280 1755; x_wconf 89' lang='lat' dir='ltr'>bene</span> <span class='ocrx_word' id='word_1_92' title='bbox 1308 1691 1358 1754; x_wconf 92' lang='lat' dir='ltr'>in·</span> 
     </span>
     <span class='ocr_line' id='line_1_12' title="bbox 207 1799 1357 1883; baseline 0 -20"><span class='ocrx_word' id='word_1_93' title='bbox 207 1805 340 1864; x_wconf 75' lang='lat' dir='ltr'>structae</span> <span class='ocrx_word' id='word_1_94' title='bbox 369 1805 403 1863; x_wconf 89' lang='lat' dir='ltr'>et</span> <span class='ocrx_word' id='word_1_95' title='bbox 430 1800 599 1882; x_wconf 76' lang='lat' dir='ltr'>dispositae</span> <span class='ocrx_word' id='word_1_96' title='bbox 628 1799 716 1878; x_wconf 88' lang='lat' dir='ltr'>laus,</span> <span class='ocrx_word' id='word_1_97' title='bbox 750 1823 823 1881; x_wconf 84' lang='lat' dir='ltr'>quae</span> <span class='ocrx_word' id='word_1_98' title='bbox 851 1801 957 1865; x_wconf 88' lang='lat' dir='ltr'>omitti</span> <span class='ocrx_word' id='word_1_99' title='bbox 987 1823 1051 1866; x_wconf 95' lang='lat' dir='ltr'>non</span> <span class='ocrx_word' id='word_1_100' title='bbox 1074 1799 1182 1864; x_wconf 86' lang='lat' dir='ltr'>debet.</span> <span class='ocrx_word' id='word_1_101' title='bbox 1238 1799 1357 1883; x_wconf 88' lang='lat' dir='ltr'>ltaque</span> 
     </span>
     <span class='ocr_line' id='line_1_13' title="bbox 207 1907 1358 1990; baseline 0 -19"><span class='ocrx_word' id='word_1_102' title='bbox 207 1908 322 1972; x_wconf 83' lang='lat' dir='ltr'>vellem</span> <span class='ocrx_word' id='word_1_103' title='bbox 346 1908 502 1990; x_wconf 86' lang='lat' dir='ltr'>seriptum</span> <span class='ocrx_word' id='word_1_104' title='bbox 525 1915 624 1972; x_wconf 88' lang='lat' dir='ltr'>esset:</span> <span class='ocrx_word' id='word_1_105' title='bbox 654 1909 712 1973; x_wconf 91' lang='lat' dir='ltr'>ita</span> <span class='ocrx_word' id='word_1_106' title='bbox 734 1910 931 1974; x_wconf 85' lang='lat' dir='ltr'>instruxit</span> <span class='ocrx_word' id='word_1_107' title='bbox 953 1910 1095 1988; x_wconf 83' lang='lat' dir='ltr'>aciem,</span> <span class='ocrx_word' id='word_1_108' title='bbox 1123 1907 1178 1969; x_wconf 80' lang='lat' dir='ltr'>lta</span> <span class='ocrx_word' id='word_1_109' title='bbox 1199 1907 1290 1971; x_wconf 88' lang='lat' dir='ltr'>loco</span> <span class='ocrx_word' id='word_1_110' title='bbox 1314 1928 1358 1971; x_wconf 81' lang='lat' dir='ltr'>ao</span> 
     </span>
     <span class='ocr_line' id='line_1_14' title="bbox 207 2014 1358 2095; baseline -0.002 -13"><span class='ocrx_word' id='word_1_111' title='bbox 207 2017 422 2095; x_wconf 88' lang='lat' dir='ltr'>subsidiis,</span> <span class='ocrx_word' id='word_1_112' title='bbox 456 2017 516 2082; x_wconf 87' lang='lat' dir='ltr'>ita</span> <span class='ocrx_word' id='word_1_113' title='bbox 544 2018 650 2081; x_wconf 90' lang='lat' dir='ltr'>omni</span> <span class='ocrx_word' id='word_1_114' title='bbox 677 2023 766 2081; x_wconf 90' lang='lat' dir='ltr'>arte</span> <span class='ocrx_word' id='word_1_115' title='bbox 795 2017 948 2082; x_wconf 84' lang='lat' dir='ltr'>bellica</span> <span class='ocrx_word' id='word_1_116' title='bbox 970 2017 1162 2082; x_wconf 84' lang='lat' dir='ltr'>firmavit.</span> <span class='ocrx_word' id='word_1_117' title='bbox 1219 2014 1358 2081; x_wconf 81' lang='lat' dir='ltr'>Codices</span> 
     </span>
     <span class='ocr_line' id='line_1_15' title="bbox 207 2124 1358 2190; baseline 0 -1"><span class='ocrx_word' id='word_1_118' title='bbox 207 2124 288 2189; x_wconf 88' lang='lat' dir='ltr'>nihil</span> <span class='ocrx_word' id='word_1_119' title='bbox 310 2126 476 2190; x_wconf 82' lang='lat' dir='ltr'>adiuvant.</span> <span class='ocrx_word' id='word_1_120' title='bbox 526 2125 662 2190; x_wconf 80' lang='lat' dir='ltr'>Poterat</span> <span class='ocrx_word' id='word_1_121' title='bbox 688 2126 828 2190; x_wconf 80' lang='lat' dir='ltr'>fortasse</span> <span class='ocrx_word' id='word_1_122' title='bbox 857 2127 956 2190; x_wconf 88' lang='lat' dir='ltr'>etiam</span> <span class='ocrx_word' id='word_1_123' title='bbox 984 2125 1153 2190; x_wconf 80' lang='lat' dir='ltr'>commode</span> <span class='ocrx_word' id='word_1_124' title='bbox 1176 2124 1256 2188; x_wconf 86' lang='lat' dir='ltr'>diei:</span> <span class='ocrx_word' id='word_1_125' title='bbox 1291 2124 1358 2189; x_wconf 88' lang='lat' dir='ltr'>Ita</span> 
     </span>
     <span class='ocr_line' id='line_1_16' title="bbox 206 2233 1358 2314; baseline -0.003 -16"><span class='ocrx_word' id='word_1_126' title='bbox 206 2234 405 2298; x_wconf 80' lang='lat' dir='ltr'>instruxit</span> <span class='ocrx_word' id='word_1_127' title='bbox 432 2234 557 2297; x_wconf 84' lang='lat' dir='ltr'>aciem</span> <span class='ocrx_word' id='word_1_128' title='bbox 587 2233 691 2313; x_wconf 88' lang='lat' dir='ltr'>loco,</span> <span class='ocrx_word' id='word_1_129' title='bbox 726 2235 785 2298; x_wconf 87' lang='lat' dir='ltr'>ita</span> <span class='ocrx_word' id='word_1_130' title='bbox 808 2234 1021 2314; x_wconf 87' lang='lat' dir='ltr'>subsidiis,</span> <span class='ocrx_word' id='word_1_131' title='bbox 1057 2236 1116 2299; x_wconf 89' lang='lat' dir='ltr'>ita</span> <span class='ocrx_word' id='word_1_132' title='bbox 1139 2234 1244 2299; x_wconf 90' lang='lat' dir='ltr'>omni</span> <span class='ocrx_word' id='word_1_133' title='bbox 1267 2239 1358 2303; x_wconf 79' lang='lat' dir='ltr'>arte</span> 
     </span>
    </p>

    <p class='ocr_par' dir='ltr' id='par_1_3' title="bbox 122 2341 1361 3399">
     <span class='ocr_line' id='line_1_17' title="bbox 122 2341 1359 2427; baseline -0.003 -18"><span class='ocrx_word' id='word_1_134' title='bbox 122 2342 363 2424; x_wconf 70' lang='lat' dir='ltr'>(innuentes</span> <span class='ocrx_word' id='word_1_135' title='bbox 395 2342 585 2407; x_wconf 85' lang='lat' dir='ltr'>firmavit.</span> <span class='ocrx_word' id='word_1_136' title='bbox 644 2342 728 2406; x_wconf 86' lang='lat' dir='ltr'>Nam</span> <span class='ocrx_word' id='word_1_137' title='bbox 760 2343 851 2408; x_wconf 87' lang='lat' dir='ltr'>loeus</span> <span class='ocrx_word' id='word_1_138' title='bbox 884 2350 961 2427; x_wconf 90' lang='lat' dir='ltr'>apte</span> <span class='ocrx_word' id='word_1_139' title='bbox 995 2342 1141 2408; x_wconf 87' lang='lat' dir='ltr'>delectus</span> <span class='ocrx_word' id='word_1_140' title='bbox 1175 2363 1250 2406; x_wconf 88' lang='lat' dir='ltr'>curn</span> <span class='ocrx_word' id='word_1_141' title='bbox 1276 2341 1359 2424; x_wconf 24' lang='lat' dir='ltr'>,ipsa</span> 
     </span>
     <span class='ocr_line' id='line_1_18' title="bbox 207 2449 1359 2534; baseline 0.001 -20"><span class='ocrx_word' id='word_1_142' title='bbox 207 2450 289 2514; x_wconf 87' lang='lat' dir='ltr'>aeiei</span> <span class='ocrx_word' id='word_1_143' title='bbox 313 2458 480 2515; x_wconf 86' lang='lat' dir='ltr'>structura</span> <span class='ocrx_word' id='word_1_144' title='bbox 503 2452 693 2516; x_wconf 84' lang='lat' dir='ltr'>coniunctus</span> <span class='ocrx_word' id='word_1_145' title='bbox 715 2458 775 2515; x_wconf 90' lang='lat' dir='ltr'>est.</span> <span class='ocrx_word' id='word_1_146' title='bbox 819 2450 922 2515; x_wconf 89' lang='lat' dir='ltr'>Paulo</span> <span class='ocrx_word' id='word_1_147' title='bbox 945 2457 1022 2534; x_wconf 88' lang='lat' dir='ltr'>post</span> <span class='ocrx_word' id='word_1_148' title='bbox 1044 2449 1075 2532; x_wconf 60' lang='grc' dir='ltr'>(ᾖ</span> <span class='ocrx_word' id='word_1_149' title='bbox 1099 2450 1131 2533; x_wconf 85' lang='grc'>7)</span> <span class='ocrx_word' id='word_1_150' title='bbox 1154 2452 1273 2514; x_wconf 89' lang='lat' dir='ltr'>mirum</span> <span class='ocrx_word' id='word_1_151' title='bbox 1296 2456 1359 2529; x_wconf 89' lang='lat' dir='ltr'>est,</span> 
     </span>
     <span class='ocr_line' id='line_1_19' title="bbox 207 2557 1360 2643; baseline -0.002 -20"><span class='ocrx_word' id='word_1_152' title='bbox 207 2558 259 2623; x_wconf 91' lang='lat' dir='ltr'>edi</span> <span class='ocrx_word' id='word_1_153' title='bbox 293 2559 393 2623; x_wconf 86' lang='lat' dir='ltr'>etiarn</span> <span class='ocrx_word' id='word_1_154' title='bbox 425 2581 525 2623; x_wconf 88' lang='lat' dir='ltr'>nuno:</span> <span class='ocrx_word' id='word_1_155' title='bbox 560 2560 651 2624; x_wconf 87' lang='lat' dir='ltr'>Rern</span> <span class='ocrx_word' id='word_1_156' title='bbox 686 2581 754 2643; x_wconf 91' lang='lat' dir='ltr'>per</span> <span class='ocrx_word' id='word_1_157' title='bbox 788 2582 828 2624; x_wconf 88' lang='lat' dir='ltr'>so</span> <span class='ocrx_word' id='word_1_158' title='bbox 861 2559 1098 2643; x_wconf 79' lang='lat' dir='ltr'>popularem</span> <span class='ocrx_word' id='word_1_159' title='bbox 1130 2559 1190 2623; x_wconf 89' lang='lat' dir='ltr'>ita</span> <span class='ocrx_word' id='word_1_160' title='bbox 1213 2557 1360 2622; x_wconf 84' lang='lat' dir='ltr'>dexter</span> 
     </span>
     <span class='ocr_line' id='line_1_20' title="bbox 207 2666 1361 2749; baseline 0 -18"><span class='ocrx_word' id='word_1_161' title='bbox 207 2669 304 2749; x_wconf 82' lang='lat' dir='ltr'>egit,</span> <span class='ocrx_word' id='word_1_162' title='bbox 346 2690 446 2749; x_wconf 83' lang='lat' dir='ltr'>quum</span> <span class='ocrx_word' id='word_1_163' title='bbox 483 2669 649 2749; x_wconf 80' lang='lat' dir='ltr'>geminata</span> <span class='ocrx_word' id='word_1_164' title='bbox 687 2668 800 2733; x_wconf 87' lang='lat' dir='ltr'>littera</span> <span class='ocrx_word' id='word_1_165' title='bbox 838 2667 1047 2732; x_wconf 82' lang='lat' dir='ltr'>scribendum</span> <span class='ocrx_word' id='word_1_166' title='bbox 1081 2688 1152 2732; x_wconf 88' lang='lat' dir='ltr'>esse</span> <span class='ocrx_word' id='word_1_167' title='bbox 1187 2666 1361 2731; x_wconf 84' lang='lat' dir='ltr'>dextere</span> 
     </span>
     <span class='ocr_line' id='line_1_21' title="bbox 207 2775 1361 2858; baseline 0 -18"><span class='ocrx_word' id='word_1_168' title='bbox 207 2777 293 2858; x_wconf 80' lang='lat' dir='ltr'>egit</span> <span class='ocrx_word' id='word_1_169' title='bbox 325 2777 390 2841; x_wconf 84' lang='lat' dir='ltr'>iarn</span> <span class='ocrx_word' id='word_1_170' title='bbox 419 2777 609 2841; x_wconf 85' lang='lat' dir='ltr'>enrendator</span> <span class='ocrx_word' id='word_1_171' title='bbox 637 2777 756 2858; x_wconf 86' lang='lat' dir='ltr'>aliquis</span> <span class='ocrx_word' id='word_1_172' title='bbox 785 2777 975 2841; x_wconf 84' lang='lat' dir='ltr'>recentioris</span> <span class='ocrx_word' id='word_1_173' title='bbox 1005 2777 1127 2841; x_wconf 76' lang='lat' dir='ltr'>codicis</span> <span class='ocrx_word' id='word_1_174' title='bbox 1156 2775 1361 2840; x_wconf 80' lang='lat' dir='ltr'>intellexerit</span> 
     </span>
     <span class='ocr_line' id='line_1_22' title="bbox 208 2883 1361 2969; baseline -0.001 -21"><span class='ocrx_word' id='word_1_175' title='bbox 208 2884 352 2968; x_wconf 75' lang='lat' dir='ltr'>(Portug.</span> <span class='ocrx_word' id='word_1_176' title='bbox 378 2891 411 2949; x_wconf 89' lang='lat' dir='ltr'>et</span> <span class='ocrx_word' id='word_1_177' title='bbox 438 2885 552 2969; x_wconf 79' lang='lat' dir='ltr'>fragm.</span> <span class='ocrx_word' id='word_1_178' title='bbox 576 2883 736 2966; x_wconf 60' lang='lat' dir='ltr'>flavere).</span> <span class='ocrx_word' id='word_1_179' title='bbox 793 2884 900 2960; x_wconf 81' lang='lat' dir='ltr'>Quum</span> <span class='ocrx_word' id='word_1_180' title='bbox 935 2907 993 2967; x_wconf 88' lang='lat' dir='ltr'>per</span> <span class='ocrx_word' id='word_1_181' title='bbox 1027 2907 1061 2948; x_wconf 89' lang='lat' dir='ltr'>se</span> <span class='ocrx_word' id='word_1_182' title='bbox 1091 2885 1264 2948; x_wconf 76' lang='lat' dir='ltr'>Liuianum</span> <span class='ocrx_word' id='word_1_183' title='bbox 1292 2906 1361 2948; x_wconf 93' lang='lat' dir='ltr'>non</span> 
     </span>
     <span class='ocr_line' id='line_1_23' title="bbox 207 2991 1361 3072; baseline 0.001 -17"><span class='ocrx_word' id='word_1_184' title='bbox 207 3001 257 3057; x_wconf 80' lang='lat' dir='ltr'>est</span> <span class='ocrx_word' id='word_1_185' title='bbox 291 2993 487 3058; x_wconf 81' lang='lat' dir='ltr'>adiectivuur</span> <span class='ocrx_word' id='word_1_186' title='bbox 521 2994 553 3056; x_wconf 94' lang='lat' dir='ltr'>in</span> <span class='ocrx_word' id='word_1_187' title='bbox 588 2991 649 3056; x_wconf 87' lang='lat' dir='ltr'>hac</span> <span class='ocrx_word' id='word_1_188' title='bbox 677 2993 834 3057; x_wconf 86' lang='lat' dir='ltr'>orationis</span> <span class='ocrx_word' id='word_1_189' title='bbox 863 2993 983 3072; x_wconf 79' lang='lat' dir='ltr'>foruna,</span> <span class='ocrx_word' id='word_1_190' title='bbox 1017 3000 1087 3056; x_wconf 89' lang='lat' dir='ltr'>turn</span> <span class='ocrx_word' id='word_1_191' title='bbox 1116 2992 1149 3055; x_wconf 93' lang='lat' dir='ltr'>in</span> <span class='ocrx_word' id='word_1_192' title='bbox 1179 2992 1242 3056; x_wconf 84' lang='lat' dir='ltr'>hac</span> <span class='ocrx_word' id='word_1_193' title='bbox 1270 3013 1361 3056; x_wconf 84' lang='lat' dir='ltr'>com-</span> 
     </span>
     <span class='ocr_line' id='line_1_24' title="bbox 207 3100 1361 3184; baseline 0.001 -21"><span class='ocrx_word' id='word_1_194' title='bbox 207 3102 378 3183; x_wconf 84' lang='lat' dir='ltr'>paratione</span> <span class='ocrx_word' id='word_1_195' title='bbox 407 3104 454 3165; x_wconf 80' lang='lat' dir='ltr'>rei</span> <span class='ocrx_word' id='word_1_196' title='bbox 477 3102 580 3184; x_wconf 89' lang='lat' dir='ltr'>ipsius</span> <span class='ocrx_word' id='word_1_197' title='bbox 604 3102 694 3184; x_wconf 88' lang='lat' dir='ltr'>(pop</span> <span class='ocrx_word' id='word_1_198' title='bbox 703 3101 869 3175; x_wconf 81' lang='lat' dir='ltr'>ulareni)</span> <span class='ocrx_word' id='word_1_199' title='bbox 894 3108 927 3164; x_wconf 82' lang='lat' dir='ltr'>et</span> <span class='ocrx_word' id='word_1_200' title='bbox 949 3101 1035 3165; x_wconf 82' lang='lat' dir='ltr'>inodi</span> <span class='ocrx_word' id='word_1_201' title='bbox 1059 3101 1176 3183; x_wconf 65' lang='lat' dir='ltr'>eugendi</span> <span class='ocrx_word' id='word_1_202' title='bbox 1200 3100 1361 3164; x_wconf 85' lang='lat' dir='ltr'>intolera-</span> 
     </span>
     <span class='ocr_line' id='line_1_25' title="bbox 207 3207 1361 3290; baseline 0.001 -18"><span class='ocrx_word' id='word_1_203' title='bbox 207 3209 281 3272; x_wconf 89' lang='lat' dir='ltr'>bile.</span> <span class='ocrx_word' id='word_1_204' title='bbox 328 3210 396 3290; x_wconf 71' lang='lat' dir='ltr'>(lx,</span> <span class='ocrx_word' id='word_1_205' title='bbox 424 3216 471 3287; x_wconf 74' lang='lat'>12,</span> <span class='ocrx_word' id='word_1_206' title='bbox 498 3214 510 3272; x_wconf 94' lang='lat'>1</span> <span class='ocrx_word' id='word_1_207' title='bbox 537 3217 625 3274; x_wconf 84' lang='lat' dir='ltr'>recte</span> <span class='ocrx_word' id='word_1_208' title='bbox 648 3232 733 3273; x_wconf 88' lang='lat' dir='ltr'>nuno</span> <span class='ocrx_word' id='word_1_209' title='bbox 756 3209 866 3273; x_wconf 89' lang='lat' dir='ltr'>editur</span> <span class='ocrx_word' id='word_1_210' title='bbox 889 3207 1033 3271; x_wconf 84' lang='lat' dir='ltr'>deinde</span> <span class='ocrx_word' id='word_1_211' title='bbox 1058 3214 1294 3287; x_wconf 86' lang='lat' dir='ltr'>evenerunt;</span> <span class='ocrx_word' id='word_1_212' title='bbox 1324 3210 1361 3273; x_wconf 92' lang='lat' dir='ltr'>in</span> 
     </span>
     <span class='ocr_line' id='line_1_26' title="bbox 207 3316 881 3399; baseline 0.001 -21"><span class='ocrx_word' id='word_1_213' title='bbox 207 3316 382 3399; x_wconf 69' lang='lat' dir='ltr'>archetypo</span> <span class='ocrx_word' id='word_1_214' title='bbox 406 3319 468 3381; x_wconf 85' lang='lat' dir='ltr'>l&#39;uit</span> <span class='ocrx_word' id='word_1_215' title='bbox 491 3317 636 3381; x_wconf 87' lang='lat' dir='ltr'>deinde</span> <span class='ocrx_word' id='word_1_216' title='bbox 660 3318 881 3393; x_wconf 87' lang='lat' dir='ltr'>venerunt.)</span> 
     </span>
    </p>

    <p class='ocr_par' dir='ltr' id='par_1_4' title="bbox 206 3423 1363 4483">
     <span class='ocr_line' id='line_1_27' title="bbox 293 3423 1363 3507; baseline 0.003 -20"><span class='ocrx_word' id='word_1_217' title='bbox 293 3423 371 3507; x_wconf 83' lang='lat' dir='ltr'>Gap.</span> <span class='ocrx_word' id='word_1_218' title='bbox 402 3432 455 3504; x_wconf 74' lang='lat'>38,</span> <span class='ocrx_word' id='word_1_219' title='bbox 493 3431 530 3489; x_wconf 84' lang='grc'>15</span> <span class='ocrx_word' id='word_1_220' title='bbox 566 3427 612 3503; x_wconf 86' lang='lat' dir='ltr'>(in</span> <span class='ocrx_word' id='word_1_221' title='bbox 642 3425 747 3489; x_wconf 81' lang='lat' dir='ltr'>verbis</span> <span class='ocrx_word' id='word_1_222' title='bbox 776 3425 813 3488; x_wconf 85' lang='grc' dir='ltr'>Α.</span> <span class='ocrx_word' id='word_1_223' title='bbox 844 3424 985 3488; x_wconf 85' lang='lat' dir='ltr'>Cornelii</span> <span class='ocrx_word' id='word_1_224' title='bbox 1012 3424 1140 3488; x_wconf 75' lang='lat' dir='ltr'>Arvina</span> <span class='ocrx_word' id='word_1_225' title='bbox 1175 3425 1363 3505; x_wconf 86' lang='lat' dir='ltr'>dictatoris,</span> 
     </span>
     <span class='ocr_line' id='line_1_28' title="bbox 207 3532 1362 3616; baseline 0.005 -23"><span class='ocrx_word' id='word_1_226' title='bbox 207 3532 324 3613; x_wconf 88' lang='lat' dir='ltr'>quihus</span> <span class='ocrx_word' id='word_1_227' title='bbox 348 3533 389 3596; x_wconf 86' lang='lat' dir='ltr'>hl.</span> <span class='ocrx_word' id='word_1_228' title='bbox 415 3532 667 3615; x_wconf 79' lang='lat' dir='ltr'>l&#39;ahiu1n,1nag.</span> <span class='ocrx_word' id='word_1_229' title='bbox 692 3534 803 3616; x_wconf 82' lang='lat' dir='ltr'>equit,</span> <span class='ocrx_word' id='word_1_230' title='bbox 827 3532 920 3596; x_wconf 87' lang='lat' dir='ltr'>iubet</span> <span class='ocrx_word' id='word_1_231' title='bbox 942 3554 1015 3595; x_wconf 81' lang='lat' dir='ltr'>euin</span> <span class='ocrx_word' id='word_1_232' title='bbox 1037 3533 1188 3613; x_wconf 87' lang='lat' dir='ltr'>equitatu</span> <span class='ocrx_word' id='word_1_233' title='bbox 1212 3533 1362 3599; x_wconf 87' lang='lat' dir='ltr'>hostium</span> 
     </span>
     <span class='ocr_line' id='line_1_29' title="bbox 207 3639 1362 3726; baseline 0.001 -22"><span class='ocrx_word' id='word_1_234' title='bbox 207 3641 333 3720; x_wconf 81' lang='lat' dir='ltr'>equites</span> <span class='ocrx_word' id='word_1_235' title='bbox 363 3641 597 3723; x_wconf 83' lang='lat' dir='ltr'>impedimenta</span> <span class='ocrx_word' id='word_1_236' title='bbox 626 3643 846 3704; x_wconf 78' lang='lat' dir='ltr'>lhuuauorunr</span> <span class='ocrx_word' id='word_1_237' title='bbox 875 3639 1060 3722; x_wconf 88' lang='lat' dir='ltr'>diripiendo</span> <span class='ocrx_word' id='word_1_238' title='bbox 1091 3640 1272 3724; x_wconf 86' lang='lat' dir='ltr'>dissipatos</span> <span class='ocrx_word' id='word_1_239' title='bbox 1300 3664 1362 3726; x_wconf 85' lang='lat' dir='ltr'>ag·</span> 
     </span>
     <span class='ocr_line' id='line_1_30' title="bbox 206 3748 1361 3829; baseline 0.003 -19"><span class='ocrx_word' id='word_1_240' title='bbox 206 3748 327 3829; x_wconf 72' lang='lat' dir='ltr'>gredil:</span> <span class='ocrx_word' id='word_1_241' title='bbox 368 3770 482 3812; x_wconf 86' lang='lat' dir='ltr'>raros</span> <span class='ocrx_word' id='word_1_242' title='bbox 511 3750 625 3829; x_wconf 85' lang='lat' dir='ltr'>equis</span> <span class='ocrx_word' id='word_1_243' title='bbox 655 3749 900 3827; x_wconf 85' lang='lat' dir='ltr'>insidentes,</span> <span class='ocrx_word' id='word_1_244' title='bbox 934 3770 1064 3823; x_wconf 86' lang='lat' dir='ltr'>raros,</span> <span class='ocrx_word' id='word_1_245' title='bbox 1099 3749 1246 3829; x_wconf 82' lang='lat' dir='ltr'>quihus</span> <span class='ocrx_word' id='word_1_246' title='bbox 1275 3749 1361 3814; x_wconf 88' lang='lat' dir='ltr'>fer-</span> 
     </span>
     <span class='ocr_line' id='line_1_31' title="bbox 207 3854 1363 3940; baseline 0.004 -21"><span class='ocrx_word' id='word_1_247' title='bbox 207 3878 288 3920; x_wconf 86' lang='lat' dir='ltr'>rum</span> <span class='ocrx_word' id='word_1_248' title='bbox 323 3857 361 3919; x_wconf 89' lang='lat' dir='ltr'>in</span> <span class='ocrx_word' id='word_1_249' title='bbox 392 3875 507 3919; x_wconf 87' lang='lat' dir='ltr'>rnauu</span> <span class='ocrx_word' id='word_1_250' title='bbox 537 3858 605 3934; x_wconf 89' lang='lat' dir='ltr'>sit,</span> <span class='ocrx_word' id='word_1_251' title='bbox 639 3858 834 3931; x_wconf 76' lang='lat' dir='ltr'>invenies3</span> <span class='ocrx_word' id='word_1_252' title='bbox 869 3876 1072 3939; x_wconf 88' lang='lat' dir='ltr'>equosque</span> <span class='ocrx_word' id='word_1_253' title='bbox 1104 3854 1193 3920; x_wconf 90' lang='lat' dir='ltr'>dum</span> <span class='ocrx_word' id='word_1_254' title='bbox 1224 3858 1363 3940; x_wconf 69' lang='lat' dir='ltr'>praeda</span> 
     </span>
     <span class='ocr_line' id='line_1_32' title="bbox 207 3964 1361 4049; baseline 0.003 -21"><span class='ocrx_word' id='word_1_255' title='bbox 207 3971 390 4043; x_wconf 86' lang='lat' dir='ltr'>onerant,</span> <span class='ocrx_word' id='word_1_256' title='bbox 425 3964 529 4027; x_wconf 65' lang='lat' dir='ltr'>caulo</span> <span class='ocrx_word' id='word_1_257' title='bbox 554 3965 733 4040; x_wconf 88' lang='lat' dir='ltr'>inermes,</span> <span class='ocrx_word' id='word_1_258' title='bbox 758 3970 1047 4046; x_wconf 80' lang='lat' dir='ltr'>cruentamque</span> <span class='ocrx_word' id='word_1_259' title='bbox 1070 3964 1160 4029; x_wconf 89' lang='lat' dir='ltr'>illis</span> <span class='ocrx_word' id='word_1_260' title='bbox 1183 3965 1361 4049; x_wconf 72' lang='lat' dir='ltr'>praidaru</span> 
     </span>
     <span class='ocr_line' id='line_1_33' title="bbox 207 4071 1361 4157; baseline 0.004 -22"><span class='ocrx_word' id='word_1_261' title='bbox 207 4072 340 4135; x_wconf 85' lang='lat' dir='ltr'>reddo.</span> <span class='ocrx_word' id='word_1_262' title='bbox 397 4072 488 4135; x_wconf 76' lang='lat' dir='ltr'>Ferri</span> <span class='ocrx_word' id='word_1_263' title='bbox 517 4071 613 4154; x_wconf 74' lang='lat' dir='ltr'>phun¹</span> <span class='ocrx_word' id='word_1_264' title='bbox 642 4073 755 4153; x_wconf 85' lang='lat' dir='ltr'>nequit</span> <span class='ocrx_word' id='word_1_265' title='bbox 783 4071 852 4135; x_wconf 71' lang='lat' dir='ltr'>haee</span> <span class='ocrx_word' id='word_1_266' title='bbox 880 4071 922 4135; x_wconf 82' lang='lat' dir='ltr'>ad</span> <span class='ocrx_word' id='word_1_267' title='bbox 950 4073 998 4136; x_wconf 88' lang='lat' dir='ltr'>roi</span> <span class='ocrx_word' id='word_1_268' title='bbox 1022 4080 1147 4137; x_wconf 87' lang='lat' dir='ltr'>statum</span> <span class='ocrx_word' id='word_1_269' title='bbox 1170 4073 1361 4157; x_wconf 84' lang='lat' dir='ltr'>expositum</span> 
     </span>
     <span class='ocr_line' id='line_1_34' title="bbox 207 4179 1362 4266; baseline 0.005 -23"><span class='ocrx_word' id='word_1_270' title='bbox 207 4181 335 4262; x_wconf 90' lang='lat' dir='ltr'>imperii</span> <span class='ocrx_word' id='word_1_271' title='bbox 369 4185 402 4242; x_wconf 88' lang='lat' dir='ltr'>et</span> <span class='ocrx_word' id='word_1_272' title='bbox 435 4179 674 4244; x_wconf 75' lang='lat' dir='ltr'>adhortationis</span> <span class='ocrx_word' id='word_1_273' title='bbox 712 4179 788 4243; x_wconf 92' lang='lat' dir='ltr'>inde</span> <span class='ocrx_word' id='word_1_274' title='bbox 822 4180 926 4243; x_wconf 85' lang='lat' dir='ltr'>duotae</span> <span class='ocrx_word' id='word_1_275' title='bbox 960 4202 1019 4263; x_wconf 89' lang='lat' dir='ltr'>per</span> <span class='ocrx_word' id='word_1_276' title='bbox 1052 4181 1251 4264; x_wconf 80' lang='lat' dir='ltr'>particulam</span> <span class='ocrx_word' id='word_1_277' title='bbox 1283 4204 1362 4266; x_wconf 88' lang='lat' dir='ltr'>que</span> 
     </span>
     <span class='ocr_line' id='line_1_35' title="bbox 208 4286 1361 4370; baseline 0.006 -20"><span class='ocrx_word' id='word_1_278' title='bbox 208 4287 375 4351; x_wconf 84' lang='lat' dir='ltr'>adiunctio</span> <span class='ocrx_word' id='word_1_279' title='bbox 410 4286 624 4367; x_wconf 87' lang='lat' dir='ltr'>(invenies,</span> <span class='ocrx_word' id='word_1_280' title='bbox 663 4305 864 4368; x_wconf 89' lang='lat' dir='ltr'>equosque</span> <span class='ocrx_word' id='word_1_281' title='bbox 896 4322 940 4331; x_wconf 90' lang='lat'>—</span> <span class='ocrx_word' id='word_1_282' title='bbox 972 4288 1107 4370; x_wconf 74' lang='lat' dir='ltr'>eade),</span> <span class='ocrx_word' id='word_1_283' title='bbox 1147 4310 1209 4353; x_wconf 89' lang='lat' dir='ltr'>neo</span> <span class='ocrx_word' id='word_1_284' title='bbox 1250 4291 1361 4357; x_wconf 88' lang='lat' dir='ltr'>minus</span> 
     </span>
     <span class='ocr_line' id='line_1_36' title="bbox 207 4395 1361 4483; baseline 0.008 -23"><span class='ocrx_word' id='word_1_285' title='bbox 207 4415 359 4482; x_wconf 81' lang='lat' dir='ltr'>perverse</span> <span class='ocrx_word' id='word_1_286' title='bbox 392 4416 486 4461; x_wconf 88' lang='lat' dir='ltr'>omno</span> <span class='ocrx_word' id='word_1_287' title='bbox 519 4395 677 4462; x_wconf 86' lang='lat' dir='ltr'>orationis</span> <span class='ocrx_word' id='word_1_288' title='bbox 709 4395 837 4480; x_wconf 90' lang='lat' dir='ltr'>pondus</span> <span class='ocrx_word' id='word_1_289' title='bbox 873 4396 907 4462; x_wconf 91' lang='lat' dir='ltr'>in</span> <span class='ocrx_word' id='word_1_290' title='bbox 935 4417 1132 4483; x_wconf 87' lang='lat' dir='ltr'>equorum</span> <span class='ocrx_word' id='word_1_291' title='bbox 1159 4418 1281 4466; x_wconf 90' lang='lat' dir='ltr'>nomen</span> <span class='ocrx_word' id='word_1_292' title='bbox 1309 4400 1361 4469; x_wconf 88' lang='lat' dir='ltr'>in·</span> 
     </span>
    </p>
   </div>
   <div class='ocr_carea' id='block_1_3' title="bbox 0 0 1504 5108">
    <p class='ocr_par' dir='ltr' id='par_1_5' title="bbox 0 0 1504 5108">
     <span class='ocr_line' id='line_1_37' title="bbox 0 0 1504 5108; baseline 0 0"><span class='ocrx_word' id='word_1_293' title='bbox 0 0 1504 5108; x_wconf 95' lang='lat' dir='ltr'> </span> 
     </span>
    </p>
   </div>
  </div>
 </body>
</html>
