2994 5108
685 460 747 521 613
1137 472 1199 527 Lib.
1217 471 1289 528 m

139 642 234 708 utin
257 641 370 709 codice
405 650 469 708 est:
504 643 591 709 sine
624 645 815 710 missione
844 645 982 725 etiam,
1015 651 1056 711 et
1083 642 1292 710 familiare

141 749 275 818 oculis
299 757 371 830 cet,
395 772 494 834 prave
517 753 634 835 positis
655 752 873 837 particulis.¹)
1174 825 1180 833 ,

231 857 309 944 Cap.
334 862 383 939 22,
408 863 437 937 6,
460 858 519 924 ubi
541 860 650 926 editur
673 861 727 943 (de
744 861 864 927 Perseo
887 881 960 926 cum
983 861 1128 926 exercitu
1145 860 1293 946 Delphos

140 967 252 1034 subito
276 967 456 1051 profecto):
480 969 566 1034 sine
590 969 732 1035 damno
754 969 983 1051 iniuriaque
1001 989 1199 1052 agrorum,
1222 990 1293 1055 per

130 1059 242 1159 'quos
276 1078 359 1141 iter
392 1076 510 1156 fecit,
544 1078 584 1141 in
605 1098 768 1160 regnum
790 1077 931 1156 rediit,
964 1078 997 1142 in
1031 1077 1158 1157 codice,
1189 1083 1227 1142 ut
1259 1077 1294 1141 in

138 1184 297 1269 proximis
331 1184 554 1268 superioribus
588 1191 622 1250 et
656 1184 874 1269 sequentibus
907 1185 1073 1264 versibus,
1102 1185 1295 1251 membrana

139 1291 293 1356 mutilata
315 1292 432 1356 litterae
461 1292 589 1374 aliquot
621 1314 687 1359 non
716 1301 862 1375 exstant3
897 1295 944 1360 sic
977 1301 1089 1359 autem
1122 1292 1292 1358 scribitur:

138 1402 228 1466 sine
252 1400 393 1464 damno
416 1400 611 1485 iniuriaq.
630 1401 746 1466 *rum
766 1400 899 1483 (desunt
923 1401 1050 1484 aliquot
1068 1400 1200 1481 litterae)
1224 1420 1294 1484 per

137 1529 304 1593 quorum
327 1508 407 1572 iter
428 1508 537 1586 fecit,
560 1509 601 1573 in
623 1530 692 1593 reg
715 1509 732 1546 *
754 1508 888 1591 (desunt
905 1509 1031 1592 aliquot
1046 1507 1178 1590 littera)
1198 1508 1292 1573 edit.

136 1616 246 1682 Livius
264 1617 432 1699 scripsisse
448 1616 592 1681 videtur:
612 1619 694 1683 sine
713 1618 854 1684 damno
876 1618 1110 1698 iniuriaque
1129 1617 1294 1704 populo·

136 1747 221 1790 rum
252 1721 376 1808 [potius
405 1723 564 1807 eorum]‚
594 1747 665 1809 per
688 1747 853 1808 qnorum
877 1725 987 1790 fines
1008 1726 1090 1791 iter
1112 1725 1232 1807 fecit,
1254 1727 1295 1792 in

136 1854 305 1916 regnum
325 1830 460 1896 rediit.
506 1832 580 1898 Non
604 1833 682 1899 solis
705 1836 792 1917 agris
814 1833 1000 1918 periculum
1023 1833 1142 1916 eratl)

228 1939 305 2025 Cap.
329 1943 380 2017 23,
411 1943 429 2002 6
454 1938 501 2020 (in
529 1943 678 2007 oratione
708 1940 893 2007 Callicratis
926 1943 961 2006 in
991 1942 1132 2008 concilio
1160 1943 1294 2008 Achaeo·

137 2070 211 2116 rum
233 2057 349 2114 contra
371 2048 502 2113 litteras
526 2049 637 2114 Persei
666 2050 781 2133 regis):
804 2050 901 2115 Nam
930 2050 998 2132 qui
1025 2049 1191 2133 regibus
1213 2049 1294 2115 Ma-

136 2158 330 2225 cedonum
352 2155 729 2240 Macedonibusque
751 2159 857 2241 ipsis
880 2157 1038 2223 linibus
1055 2155 1295 2222 interdixis-

136 2287 281 2343 semus,
304 2286 544 2347 manereque
567 2265 607 2330 id
630 2265 837 2331 decretum
856 2265 1031 2343 scilicet,
1054 2286 1101 2330 ne
1119 2265 1287 2331 nuutios
1306 2276 1380 2347 (504)

137 2374 448 2441 admitteremus
471 2394 616 2456 regum,
640 2395 712 2457 per
734 2395 832 2456 quos
855 2374 1092 2458 aliquorum
1112 2394 1159 2438 ex
1176 2372 1295 2438 nobis

137 2482 263 2549 animi
286 2480 632 2562 sollicitarentur,
656 2483 685 2547 ii
702 2483 1016 2548 contionantem
1034 2480 1293 2564 quodammo-

137 2590 184 2656 do
207 2588 413 2654 absentem
436 2589 624 2655 audimus
647 2612 781 2673 regern
804 2597 857 2664 et,
882 2590 915 2655 si
938 2589 1002 2654 dis
1026 2589 1178 2672 placet,
1201 2609 1293 2654 ora-

136 2700 286 2764 tionem
302 2698 390 2761 eius
405 2697 633 2780 probamus.
645 2699 683 2763 ln
692 2699 804 2765 codice
814 2697 940 2763 nullum
950 2706 1000 2762 est
1010 2696 1298 2762 mendiindicium.

137 2804 300 2891 corrupta
322 2814 432 2870 tamen
455 2825 527 2869 esse
543 2805 616 2869 illa:
640 2827 881 2890 manereque
904 2804 945 2870 id
969 2805 1183 2871 decretum
1202 2805 1297 2870 multi

136 2922 213 3001 post
236 2913 405 2994 Sigonium
426 2918 484 2976 aut
507 2933 618 2980 omnes
641 2914 892 2994 intellexerunt,
927 2913 984 2978 sed
1015 2935 1088 2998 quae
1122 2913 1165 2978 ad
1189 2933 1298 2978 emen·

136 3022 280 3090 dandum
313 3021 423 3086 locum
457 3022 693 3102 excogitarunt,
728 3043 748 3086 a
781 3028 870 3086 recto
907 3021 1081 3099 aberrant;
1115 3042 1194 3085 nam
1222 3020 1296 3104 ipsa

135 3130 288 3197 manendi
310 3128 400 3194 notio
424 3128 532 3193 aliena
555 3135 620 3208 est3
654 3129 734 3212 quid
757 3131 843 3193 enim
879 3150 961 3212 opus
987 3134 1037 3193 est
1059 3127 1139 3206 dici,
1162 3129 1217 3210 qui
1241 3127 1296 3194 de·

136 3245 263 3306 cretum
285 3236 394 3313 faciat,
420 3257 495 3300 eum
519 3236 553 3301 id
578 3258 708 3302 manere
730 3236 838 3302 velle?
862 3245 920 3301 aut
943 3235 1022 3320 quid
1045 3234 1088 3299 ad
1110 3235 1196 3299 hanc
1220 3256 1297 3300 con·

139 3336 318 3413 trariorum
340 3345 535 3410 relationem
559 3344 637 3408 addi
656 3353 745 3409 recte
764 3351 888 3428 potest:
914 3344 981 3429 qui
1002 3378 1042 3388 —
1060 3342 1296 3408 interdixis-

137 3475 285 3522 semus.
318 3489 361 3498 -
394 3453 425 3516 ii
461 3487 498 3497 —
535 3452 748 3517 audimus?
792 3452 901 3517 Verba
923 3452 981 3516 illa
1007 3452 1194 3517 necessario
1218 3472 1292 3516 cum

168 3648 195 3713 ²)
214 3644 280 3716 Cap.
300 3648 342 3712 21,
361 3647 377 3698 2
397 3646 502 3698 excidit
520 3662 651 3699 numerus
679 3647 819 3701 sociorum
842 3646 948 3715 legioni
971 3644 1145 3699 additurum:
1173 3643 1297 3712 equiti-

207 3732 268 3785 bus
287 3731 476 3797 (sociorum
496 3765 510 3796 ,,
528 3731 689 3785 millibus
707 3731 871 3800 peditum,
889 3729 1120 3798 ,equitibusb
1143 3726 1296 3798 [Potiusad

208 3817 301 3871 socios
328 3818 473 3886 pertinent
496 3818 549 3886 ipsi
571 3817 681 3871 numeri
703 3817 732 3870 in
750 3817 849 3871 codice
866 3816 953 3885 positi
976 3815 1168 3883 scriptumque
1190 3815 1231 3868 ita
1247 3813 1291 3867 iu·

206 3907 279 3956 erat:
308 3902 610 3971 conscripserunt,
643 3908 677 3956 et
703 3902 834 3956 socium
859 3900 983 3955 Latini
1008 3899 1157 3953 nominis
1181 3899 1290 3953 Vmil.

212 3993 266 4043 cet.
297 3985 381 4054 1861]

160 4073 185 4143 ¹)
204 4072 221 4144 ᾗ
242 4078 255 4127 1
273 4090 327 4142 pro
351 4075 556 4139 rescierant,
581 4073 657 4141 quod
680 4089 696 4126 a
715 4069 834 4139 Grynaeo
853 4088 949 4125 omnes
968 4074 1126 4136 tenuerunt,
1144 4070 1292 4124 restituen-

213 4159 279 4213 dum
298 4176 313 4212 e
331 4159 430 4213 codice
449 4158 567 4227 simplex
584 4157 745 4222 scierant,
763 4155 790 4210 h.
806 4172 839 4224 a,
859 4159 1062 4226 cognoverant3
1081 4153 1131 4208 cfr.
1150 4153 1185 4220 II,
1205 4158 1247 4222 11,
1266 4157 1292 4222 6,

205 4244 263 4311 XL,
283 4246 326 4311 25,
349 4247 388 4312 10,
409 4243 464 4297 Cic.
484 4243 567 4297 Rosc.
585 4243 647 4295 Am.
667 4244 701 4296 97
720 4247 749 4297 et
767 4242 915 4310 aliquoties
935 4240 1010 4310 apud
1028 4239 1147 4294 eundem
1164 4239 1291 4293 scitum

207 4337 272 4392 est.
293 4329 367 4399 apud
384 4329 494 4383 Livium
512 4325 619 4395 XXIII,
638 4329 680 4396 39,
704 4331 724 4380 1.
