2994 5108
103 127 165 182 Lib.
184 128 297 183 XXVII.
652 117 712 177 392

19 317 88 386 (820)
107 304 241 383 fugati
281 309 387 366 metu
422 302 515 366 inde
550 301 754 380 afuerint,
795 323 870 367 non
904 323 1007 384 esse,
1049 326 1187 372 omnes
1220 312 1262 372 in

103 414 240 489 urbes,
275 412 313 474 in
348 431 468 492 agros
499 430 591 473 suos
618 408 811 473 reductos
839 429 955 474 arare
986 418 1046 477 cet.
1105 413 1179 479 Non
1202 437 1260 500 op·

103 523 182 586 time
211 540 271 583 uec
301 517 343 582 ad
371 518 454 581 Livii
482 516 752 581 consuetudinem
780 516 934 582 dicuntur
956 517 1029 583 illa:
1062 524 1262 589 neminem

105 627 301 705 Siculum,
331 627 463 708 qui-
486 623 685 703 afuerint,
715 645 775 706 pro
804 644 856 705 eo,
886 626 974 708 quod
998 635 1063 693 est:
1099 629 1265 696 Siculo·

103 759 186 801 rum
210 755 355 812 eorum,
383 733 449 814 qui
472 739 532 796 oet.
585 730 649 796 Sed
671 731 841 796 molestius
865 741 924 813 est,
949 735 1038 816 quod
1060 737 1264 822 interposita

103 846 174 909 illa:
209 844 274 924 qui
303 841 438 922 fugati
460 876 502 883 —
525 838 706 903 afuerint
733 847 781 918 et,
817 841 1009 924 equalitate
1037 845 1259 912 membrorum

103 955 190 1016 inter
223 972 257 1015 se
280 950 457 1013 relatorum
482 947 628 1025 sublata,
663 946 839 1011 artificium
873 949 1075 1017 rhetoricum
1108 961 1265 1022 evertunt

104 1067 137 1124 et
166 1060 270 1141 ipsam
298 1055 575 1139 magnificentiam
604 1053 818 1137 professionis
846 1055 1043 1141 infringunt,
1077 1081 1198 1144 genere
1227 1072 1267 1128 et

102 1188 238 1232 numero
280 1171 376 1229 caute
415 1163 672 1244 circumscripto.
735 1162 865 1241 Quanto
906 1165 1110 1249 elegantiora
1149 1173 1261 1237 omnia

104 1283 214 1354 eruut,
247 1274 400 1338 retractis
429 1273 462 1334 in
493 1292 586 1335 suam
615 1271 725 1334 sedem
754 1271 883 1336 duabus
911 1273 1062 1354 vocibus,
1096 1296 1170 1361 quae
1193 1281 1263 1363 pri·

103 1405 191 1447 mum
214 1382 359 1458 omissae,
393 1379 511 1443 deinde
540 1399 642 1461 pravo
670 1378 742 1442 loco
771 1379 904 1445 insertae
932 1388 1023 1446 sunt:
1058 1385 1262 1452 neminem

104 1489 484 1572 Carthaginiensem
518 1487 556 1549 in
592 1485 735 1550 Sicilia
769 1508 873 1567 csse3
905 1490 1106 1555 neminem
1143 1490 1262 1559 Sicu-

102 1599 181 1663 lum
203 1620 281 1662 non
303 1617 408 1675 esse;
438 1596 504 1679 qui
531 1593 666 1675 fugati
696 1602 802 1658 metu
830 1596 925 1661 inde
948 1598 1148 1679 afuerint,
1178 1622 1265 1668 om·-

102 1728 171 1771 nes
205 1708 244 1770 in
277 1705 413 1783 urbes,
452 1704 491 1766 in
532 1722 651 1783 agros
685 1723 778 1767 suos
812 1705 1007 1770 reductos
1042 1727 1161 1773 arare
1195 1717 1263 1775 cet.

103 1813 172 1879 Iam
200 1814 386 1897 aptissime,
419 1811 590 1894 praemissa
622 1809 794 1893 splendida
826 1811 885 1876 illa
912 1812 1118 1896 professione
1147 1816 1262 1898 (nem.

104 1922 180 1987 Sic.
209 1943 286 1986 non
322 1919 443 2000 esse),
477 1939 530 1982 res
565 1918 707 2000 pressius
742 1920 924 2001 exponitur.
981 1920 1129 1988 Accedat
1155 1925 1265 2009 igitur

102 2031 165 2094 hoc
192 2029 235 2092 ad
263 2028 321 2092 illa
343 2027 528 2091 huiusmodi
552 2026 782 2090 traiectionnm
806 2027 963 2111 exempla,
989 2050 1063 2112 quae
1085 2032 1130 2096 sd
1152 2031 1262 2115 XXII,

105 2142 153 2214 10,
179 2136 478 2200 &commemoravi
525 2133 705 2198 Turbatum
728 2133 851 2215 aliquid
875 2134 928 2200 hic
951 2137 985 2200 in
1008 2138 1121 2204 codice
1143 2141 1265 2208 arche-

101 2252 181 2329 typo
204 2244 324 2322 fuisse,
355 2244 575 2324 suspicionem
598 2243 699 2307 etiam
721 2241 804 2305 illud
826 2241 935 2308 facere
958 2251 1082 2327 posset,
1111 2249 1204 2330 quod
1225 2251 1262 2316 in

102 2353 126 2416 P
150 2353 200 2418 bis
229 2353 353 2435 scripta
381 2358 457 2415 sunt
486 2358 519 2415 et
545 2349 617 2415 illa:
652 2351 850 2414 neminem
875 2349 1263 2437 Carthaginiensem

102 2461 163 2543 (in)
197 2460 343 2527 Sicilia
377 2479 464 2524 esse
498 2465 532 2523 et
565 2458 648 2522 haec:
685 2478 821 2522 omnes
853 2445 1049 2526 inurbes
1083 2461 1192 2546 (prius
1221 2466 1262 2531 in

101 2568 231 2651 urbe),
265 2568 329 2633 uisi
358 2568 392 2631 id
423 2567 530 2630 mendi
558 2586 661 2648 genus
691 2565 737 2631 ibi
766 2565 919 2648 frequens
948 2575 1046 2634 esset.
1104 2569 1265 2655 Sequitur

102 2675 133 2759 (ἓ
163 2675 211 2757 6);
251 2675 349 2739 Exin
378 2675 550 2738 Muttine
584 2681 622 2738 et
651 2675 683 2738 si
712 2695 878 2756 quorum
906 2675 1081 2741 aliorum
1110 2683 1263 2746 merita

102 2805 197 2865 erga
225 2806 311 2867 pop.
336 2785 549 2847 Romanum
572 2787 697 2858 erant,
720 2782 759 2844 in
783 2790 966 2847 senatum
989 2785 1258 2869 introductis

100 2893 273 2956 honores
302 2891 488 2954 omnibus
518 2889 565 2952 ad
595 2888 878 2953 exsolvendam
900 2890 1023 2955 fidem
1047 2913 1067 2956 a
1091 2896 1261 2962 consule

100 2999 243 3063 habiti.
278 2998 452 3076 Enarrant,
469 2997 591 3061 fidem
612 3018 632 3060 a
652 2996 819 3061 consule
839 2998 954 3062 eodem
973 2999 1070 3065 modo
1091 3001 1168 3084 dici,
1191 3025 1261 3087 quo

100 3106 250 3170 bellum
273 3127 293 3168 a
312 3106 486 3184 Volscis,
509 3126 639 3188 poena
658 3126 678 3168 a
699 3106 902 3183 Romanis,
925 3115 1051 3172 metus
1071 3107 1120 3173 ab
1140 3092 1261 3177 hoste

47 3230 53 3239 ·
100 3222 133 3278 et
161 3213 281 3278 similia
310 3214 471 3277 dicantur.
528 3212 724 3276 Incredibile
753 3218 815 3292 est,
850 3234 916 3277 non
944 3215 1179 3297 animadverti,
1211 3220 1264 3285 ita

100 3322 165 3385 dici
189 3322 229 3385 dc
252 3320 365 3398 rebus,
396 3342 467 3402 quie
491 3320 532 3384 ab
556 3321 669 3402 aliqua
691 3328 785 3403 parte
808 3323 940 3386 veniant
963 3329 1021 3387 aut
1043 3324 1263 3408 impendeant

100 3428 259 3510 (metum
288 3429 420 3511 quidem
449 3428 490 3492 ab
521 3429 631 3510 aliquo
658 3430 721 3507 ita,
756 3436 792 3492 ut
813 3429 890 3492 mali
913 3429 989 3494 inde
1011 3434 1144 3497 venturi
1167 3437 1263 3501 notio

100 3537 221 3614 subsit,
251 3558 290 3600 ex
314 3558 377 3618 quo
402 3536 539 3600 dicimus
563 3538 662 3601 etiam
686 3557 828 3600 cavere
852 3537 900 3601 ab
924 3537 1066 3621 aliquo
1091 3546 1126 3604 et
1149 3542 1259 3625 ipsum

98 3651 280 3709 metuere
298 3644 344 3709 ab
363 3643 500 3725 aliquo
521 3646 631 3708 Livius
652 3644 804 3708 absolute
822 3645 933 3726 posuit
951 3644 1072 3725 XXIII,
1093 3650 1144 3728 36,
1160 3655 1188 3730 l,
1200 3650 1260 3715 alii

99 3752 278 3817 insidias
302 3751 350 3817 ab
374 3753 512 3834 aliquo
536 3760 715 3817 metuere
738 3758 772 3816 et
795 3752 939 3833 similia),
966 3774 1026 3818 nec
1048 3776 1148 3838 posse
1171 3756 1260 3824 hunc

100 3882 197 3924 usum
226 3861 410 3942 promiscue
440 3861 482 3924 ad
506 3862 571 3926 alia
594 3861 741 3938 traduci,
774 3865 813 3923 ut
835 3858 938 3925 fides
961 3882 981 3925 a
1004 3863 1176 3930 consule
1197 3888 1261 3950 pro

100 3968 243 4033 consulis
272 3968 335 4033 fide
365 3969 508 4048 dicatur,
539 3991 612 4034 cum
635 3975 730 4034 tanta
752 3969 935 4050 praesertim
958 3970 1193 4053 ambiguitate,
1223 3982 1263 4039 ut
