2994 5108
228 467 289 523 Lib.
309 467 409 522 XXVI.
775 458 836 520 386

229 637 260 722 (ᾗ
282 644 303 703 4
324 640 378 703 vix
401 640 500 704 credo
521 639 663 724 figuram
685 641 777 706 illam
799 641 973 720 orationis,
1007 661 1074 723 qua
1100 659 1160 723 pro
1190 637 1388 704 condicione

228 746 416 812 adfirmatio
444 750 578 830 ponitur
600 755 661 814 aut
682 750 912 831 interrogatio,
944 749 1055 814 locum
1080 746 1205 812 habere
1228 747 1263 809 in
1285 765 1383 826 argu·

223 857 331 952 ‘menti
364 856 586 934 conclusione,
621 878 693 940 quae
727 858 891 941 particula
922 859 1066 940 itaque
1098 854 1152 935 fit3
1190 855 1264 936 ipsa
1297 852 1384 917 euim

227 963 297 1028 haec
330 963 496 1048 particula
528 965 621 1030 initio
649 964 757 1049 posita
783 964 922 1048 figurram
949 963 1140 1049 perturbat3
1179 981 1310 1041 vercor,
1344 980 1385 1024 ue

230 1072 263 1135 si
303 1078 379 1154 post
416 1073 556 1154 itaque
590 1071 774 1154 exciderit.)
836 1072 919 1156 [lam
953 1069 1196 1138 Alschefskius:
1237 1069 1387 1150 ltaquc

229 1179 385 1244 classes
408 1181 442 1243 si
463 1177 568 1261 —.]¹)

315 1285 395 1371 Cap.
426 1290 481 1366 38,
517 1291 535 1351 7
572 1287 627 1370 (de
656 1288 780 1354 Blattio
816 1288 953 1353 consilia
981 1289 1129 1371 agitante
1152 1285 1296 1368 Salapia
1317 1283 1386 1349 Ro·

227 1395 333 1459 manis
355 1394 556 1475 tradendae):
586 1395 661 1461 Sed
691 1397 779 1461 sine
804 1397 995 1462 adiutore
1018 1394 1142 1458 Dasio
1164 1414 1230 1458 res
1252 1399 1386 1457 trans·

227 1503 283 1584 igi
307 1525 384 1567 non
405 1510 579 1587 poterat.
624 1503 796 1569 Multum
818 1525 863 1568 ac
885 1502 954 1567 diu
977 1507 1210 1580 cunctatus,
1240 1506 1280 1565 et
1301 1504 1385 1563 tum

228 1631 389 1694 quoque
423 1612 550 1692 magis
583 1611 723 1694 inopia
756 1611 921 1677 consilii
955 1611 1132 1694 potioris
1165 1629 1286 1692 quam
1314 1627 1385 1690 sps

228 1717 404 1784 effectus
428 1719 594 1784 Dasium
622 1719 880 1803 appellabat,
907 1726 950 1785 at
971 1718 1044 1783 ille
1065 1753 1109 1762 -
1130 1738 1212 1782 rem
1234 1715 1384 1782 Hanni-

226 1826 314 1890 hali
338 1828 484 1910 aperit.
529 1826 591 1891 Vix
619 1849 718 1911 posse
746 1834 964 1893 cunctatus
988 1833 1027 1891 et
1050 1825 1107 1907 (-
1128 1822 1386 1909 appellabat)

227 1955 287 2016 pro
312 1942 531 2001 cunctatus
554 1941 618 2000 est
641 1942 679 2000 et
703 1936 823 2020 accipi,
853 1934 1076 2000 demonstravi
1098 1932 1141 1997 ad
1163 1932 1252 2012 XXI,
1276 1936 1329 2011 25,
1351 1936 1386 2012 93

226 2042 294 2106 alia
321 2049 433 2108 autem
462 2043 633 2127 particula
663 2050 702 2109 et
724 2042 934 2126 expediendae
956 2042 1010 2107 via
1031 2041 1123 2106 nulla
1145 2049 1206 2106 est.
1256 2039 1387 2105 Deinde

226 2171 362 2234 prorsus
384 2150 464 2215 ferri
487 2152 602 2234 nequit
625 2148 856 2234 imperfectum
879 2148 1157 2235 (appellabat),
1181 2148 1240 2214 ubi
1262 2146 1387 2232 signifi·

226 2266 323 2322 catur
344 2280 398 2324 res
421 2265 496 2342 post
514 2259 646 2342 longam
664 2258 905 2324 dubitationem
922 2257 1102 2340 aliquando
1118 2257 1223 2337 Iacta3
1246 2256 1386 2320 Dasium

227 2366 366 2431 subinde
389 2386 410 2430 a
432 2366 558 2432 Blattio
589 2365 790 2450 appellatum
813 2388 853 2430 ne
875 2365 1047 2448 fingamus,
1070 2365 1225 2449 prohibet
1246 2372 1283 2430 et
1304 2370 1388 2429 tum

230 2494 396 2558 quoque,
420 2495 559 2557 queres
583 2474 684 2539 semel
707 2481 784 2539 acta
805 2479 950 2552 notatur,
973 2480 1006 2538 et
1027 2473 1145 2552 brevis,
1168 2472 1248 2557 quid
1272 2472 1388 2538 statim

228 2580 350 2646 Dasius
373 2580 560 2665 appellatus
582 2582 712 2661 lecerit,
746 2581 942 2664 significatio
971 2581 1027 2662 (at
1055 2581 1129 2646 ille
1156 2615 1202 2626 -
1223 2577 1387 2664 aperit).

229 2687 443 2753 Scribendum
473 2696 539 2754 est:
579 2689 748 2754 Multum
778 2710 823 2754 ac
851 2688 918 2753 diu
946 2695 1167 2754 cunctatus
1196 2693 1270 2767 cst;
1303 2693 1388 2752 tum

227 2819 385 2881 quoque
418 2798 547 2879 magis
580 2799 722 2880 inopia
754 2796 918 2861 consilii
952 2798 1126 2879 potioris
1160 2816 1280 2878 quam
1314 2814 1386 2878 spe

227 2904 404 2971 effectus
437 2906 599 2970 Dasium
633 2905 816 2985 appellen
851 2911 893 2969 at
931 2905 1001 2969 ille
1037 2911 1098 2969 cet
1155 2903 1205 2967 Ex
1239 2902 1387 2987 appel·

225 3014 331 3078 latat
353 3012 448 3078 facile
471 3015 549 3078 oriri
572 3014 683 3096 potuit
704 3011 948 3095 appellabat
970 3020 1021 3076 at.
1067 3011 1170 3076 Paulo
1194 3017 1273 3094 post
1299 3008 1331 3092 (ᾗ
1350 3009 1387 3089 8)

225 3121 465 3204 appellabat
503 3126 614 3204 potest
652 3119 796 3184 fortasse
837 3120 941 3204 accipi
976 3119 1192 3203 appellare
1226 3119 1384 3201 coepit;

224 3229 281 3293 sed
314 3251 355 3292 ne
384 3228 430 3293 ibi
458 3228 589 3311 quidem
619 3227 841 3310 improbarem
870 3227 1065 3310 appellat.
1123 3225 1155 3309 [ἓ
1187 3231 1226 3291 10
1256 3227 1293 3290 in
1322 3226 1385 3290 hac

224 3337 381 3400 orationis
403 3335 523 3401 forma:
548 3337 587 3400 id
612 3336 761 3399 crimen
788 3333 953 3414 adferri,
979 3335 1094 3418 quod,
1119 3335 1385 3416 quiatestem

222 3442 373 3506 habere
406 3464 481 3506 non
515 3450 663 3526 posset,
691 3441 865 3508 liberius
893 3442 1073 3525 fingenti
1107 3444 1162 3507 sit
1189 3442 1384 3531 necessario

223 3556 359 3632 propter
383 3551 447 3628 sit,
476 3552 509 3613 in
533 3572 601 3633 quo
625 3550 728 3614 errari
752 3571 817 3613 non
840 3552 959 3633 potuit,
983 3550 1195 3615 scribendum
1221 3555 1274 3614 est
1295 3569 1384 3634 pos·

222 3658 290 3735 sit,
315 3658 348 3720 in
372 3678 437 3739 quo
461 3657 641 3739 saepissime
665 3655 849 3721 aberratur.
898 3656 1004 3739 1863]
1141 3740 1150 3748 ¹

307 3763 384 3848 Cap.
410 3768 464 3843 39,
498 3770 535 3828 16
560 3762 606 3844 (in
630 3763 852 3847 descriptione
880 3786 997 3849 pugnae
1019 3764 1148 3829 navalis
1171 3765 1260 3830 inter
1282 3765 1384 3830 Nico·

135 3883 204 3951 (816)
223 3893 297 3937 nem
326 3872 538 3937 Tarentinum
572 3878 605 3935 et
633 3871 671 3935 D.
696 3869 883 3947 Quinctium
913 3869 1128 3952 Romanum):
1168 3873 1244 3938 Hic
1269 3872 1383 3956 (Nico)

246 4070 269 4135 ¹)
290 4069 316 4139 [ξ
339 4073 356 4124 6
378 4076 413 4124 et
440 4073 549 4126 libras
575 4072 689 4142 pondo
714 4073 895 4128 distributive
918 4076 1037 4142 dicitur,
1066 4080 1100 4129 ut
1121 4075 1255 4143 millia,
1284 4092 1385 4130 assas

286 4156 321 4210 de
336 4157 454 4225 singulis
469 4158 600 4224 millibus,
619 4158 738 4224 assibus;
757 4177 781 4210 v.
792 4158 831 4225 Π,
841 4163 882 4226 33,
895 4164 935 4228 11,
945 4161 978 4228 V,
988 4164 1030 4227 47,
1040 4164 1065 4228 8,
1075 4160 1141 4228 VH,
1151 4163 1194 4228 37,
1204 4164 1230 4228 3,
1239 4161 1276 4230 Χ,
1285 4164 1329 4230 30,
1341 4165 1381 4229 10,

285 4240 389 4377 ffi,
415 4245 511 4393 113έ637ἰ
538 4259 612 4308 mox,
631 4244 735 4296 omissa
752 4245 801 4298 illa
819 4245 1037 4314 significatione,
1060 4247 1205 4312 libram3
1228 4247 1279 4301 cfr.
1298 4247 1384 4315 VIII,

320 4365 326 4390 ‚
381 4366 386 4377 .
492 4366 497 4377 .
