2994 5108
635 464 695 525 553
1008 476 1070 530 Lib.
1088 476 1246 532 XXXVIII.

85 647 218 713 dehere.
263 648 374 713 Livius
397 654 486 712 artes
511 645 672 729 Scipionis
695 668 769 712 cum
793 646 928 726 artibus,
952 648 1026 712 vitae
1046 669 1144 712 uuam
1167 669 1243 732 par-

85 761 154 821 tem
189 777 262 820 cunr
295 755 403 820 altera
435 756 614 838 separatim
648 761 897 838 comparaverat
929 755 992 819 hoe
1025 755 1138 820 modo:
1173 756 1243 820 Vir

86 862 385 943 memorabilis,
418 863 589 927 bellicis
622 869 756 927 tamen
791 883 905 945 quam
933 863 1045 945 pacis
1079 864 1242 929 artibus

85 972 408 1051 memorabilior,
459 978 494 1034 et
537 970 683 1032 elarlor
722 952 850 1053 prima
882 991 975 1052 pars
1005 971 1096 1035 vitae
1124 992 1243 1052 quam

86 1086 296 1162 postrema
325 1079 418 1159 fuit,
449 1080 543 1162 quia
573 1084 634 1142 cet.
681 1077 787 1155 Quam
814 1077 912 1143 facile
936 1079 977 1143 ob
1003 1078 1141 1143 similem
1176 1086 1242 1143 ter-

86 1189 301 1253 minationem
325 1186 413 1268 (ior)
438 1187 599 1253 exciderit
621 1193 660 1252 et
683 1187 835 1252 clarior
860 1187 940 1267 (sive
964 1187 1048 1250 alius
1073 1207 1243 1270 compara-

86 1295 183 1372 tivus,
207 1294 295 1360 velut
317 1295 553 1377 illustrior),
580 1301 726 1378 apparet.
773 1293 1054 1378 [Comparativum
1083 1294 1242 1359 excidisse

86 1403 152 1468 iam
175 1403 461 1469 Weissenbornius
485 1403 672 1485 suspicatus
697 1400 792 1483 erat]

174 1508 252 1594 Cap.
277 1515 327 1590 56,
350 1514 385 1574 9:
409 1511 591 1602 legatum
609 1511 648 1574 in
672 1510 840 1574 Etruria
864 1507 990 1574 fuisse
1009 1509 1242 1575 Africanum

87 1618 269 1698 tradunt,
293 1637 368 1701 quo
391 1626 483 1703 post
505 1618 651 1683 famam
672 1618 917 1682 —adlatam
940 1619 1240 1683 —cucurrisse

88 1747 175 1791 eum
197 1727 359 1792 Romam
383 1734 443 1791 cet.
478 1727 550 1791 Hoc
579 1746 654 1808 quo
684 1724 952 1808 postiamam
984 1759 1027 1770 —
1061 1725 1242 1791 adlatam

89 1834 171 1899 dure
194 1833 371 1899 admodum
400 1834 521 1899 dicitur
543 1855 603 1918 pro
628 1854 681 1912 eo,
705 1832 793 1914 quod
818 1840 883 1897 est:
913 1855 989 1916 quo
1024 1840 1242 1916 postquam

88 1940 195 2007 fama
212 1978 256 1987 —
280 1942 423 2008 adlata
455 1943 510 2006 sit
531 1941 597 2006 vel:
621 1949 797 2025 postque
821 1940 961 2005 famam
986 1962 1029 2005 eo
1053 1941 1241 2007 adlatam.

88 2047 207 2114 Fuitne
229 2049 403 2115 tradunt
425 2050 642 2127 adduntque
665 2055 757 2133 post
778 2050 844 2112 —?
870 2049 991 2130 (1865.)

174 2154 253 2240 Cap.
278 2161 328 2235 58,
365 2161 403 2220 10
426 2156 473 2239 (in
507 2158 656 2222 oratione
689 2157 723 2220 Ρ.
752 2157 888 2235 Nasicae,
923 2178 963 2220 ue
997 2156 1031 2220 L.
1063 2155 1173 2239 Scipio
1207 2157 1242 2220 iu

88 2264 195 2329 vincla
214 2263 398 2345 duceretur,
411 2265 468 2329 ubi
484 2266 627 2330 victoriae
646 2265 797 2329 Asiaticae
808 2265 1068 2346 magnitudinem
1087 2264 1241 2346 extollit):

88 2370 357 2437 Hannibalem
381 2372 549 2438 eundem
577 2372 706 2438 fuisse
736 2374 844 2437 iuter
870 2373 1024 2438 multos
1049 2371 1156 2436 alios
1178 2392 1241 2436 re·

88 2480 175 2562 gius
199 2480 333 2559 ducas,
358 2481 425 2565 qui
448 2481 674 2564 imperator
696 2480 840 2544 Punici
863 2479 963 2544 belli
981 2480 1116 2545 fuerit.
1150 2478 1241 2544 Nihil

89 2586 220 2667 adrem
245 2588 429 2669 augendam
452 2587 579 2654 confert
600 2588 778 2653 multitudo
801 2589 941 2652 aliorum
965 2588 1093 2665 ducum,
1118 2590 1145 2651 si
1161 2588 1240 2651 mali

89 2701 145 2760 aut
167 2695 350 2761 mediocres
373 2694 514 2760 fuerunt.
549 2695 587 2759 In
610 2696 642 2759 M
666 2717 731 2761 non
754 2698 891 2778 regios
915 2695 1079 2769 scribitur,
1104 2696 1160 2759 sed
1184 2716 1240 2759 re·

88 2802 202 2885 gulos
237 2801 284 2883 (in
307 2803 400 2867 Voss.
425 2803 618 2882 Rhodios,
648 2805 682 2867 in
712 2804 831 2867 Lov.5
862 2801 1004 2886 reges).
1050 2802 1147 2866 Latet
1180 2823 1241 2866 vox

87 2907 216 2975 laudem
255 2910 461 2993 significans,
499 2910 640 2976 fortasse
681 2911 903 2976 scribendum:
942 2912 1051 2974 inter
1089 2909 1241 2973 multos

87 3017 190 3082 alios
213 3018 390 3099 egregios
414 3018 544 3084 duces.

172 3123 252 3209 Cap.
278 3130 328 3205 59,
354 3130 368 3190 1
395 3134 427 3191 et
451 3131 470 3190 2
494 3127 542 3206 (in
564 3126 680 3191 eadem
705 3126 882 3208 oratioue):
918 3126 968 3190 At
996 3125 1165 3189 hercule
1200 3125 1239 3188 in

87 3229 277 3315 Scipione
299 3235 414 3316 ipsas
432 3235 541 3317 leges
564 3236 686 3317 pacis,
711 3241 755 3299 ut
777 3235 939 3299 nimium
963 3231 1239 3298 accommoda-

84 3343 149 3405 tas
166 3340 376 3421 Antiocho,
395 3348 606 3426 suspectas
630 3363 734 3421 esse,
757 3343 960 3424 integrum
978 3343 1080 3406 euim
1100 3342 1134 3404 ei
1156 3362 1239 3424 reg·

84 3467 173 3511 nuru
195 3448 402 3529 relictum;
438 3485 475 3494 -
511 3451 599 3514 auri
623 3458 662 3515 et
689 3450 854 3531 argenti
883 3471 1000 3531 quum
1033 3450 1108 3513 vim
1130 3469 1239 3531 mag-

83 3574 171 3618 nam
194 3553 421 3636 habuisset,
454 3557 561 3622 nihil
593 3559 633 3621 in
661 3557 865 3640 publicum
892 3556 1090 3636 relatum,
1125 3577 1239 3621 omne

82 3660 122 3724 in
144 3662 349 3744 privatum
372 3685 536 3730 versum.
581 3665 637 3729 An
659 3686 736 3729 nou
760 3671 912 3747 prater
942 3665 1114 3730 omnium
1145 3685 1239 3730 ocu-

80 3764 145 3832 los
167 3772 327 3835 tantum
350 3772 438 3835 auri
461 3773 707 3855 argentique
730 3774 769 3836 in
791 3772 1000 3855 triumpho
1024 3773 1058 3836 L,
1079 3771 1240 3855 Scipio-

80 3876 161 3954 nis,
191 3885 384 3958 quantum
413 3902 488 3944 non
521 3880 656 3944 decem
691 3880 785 3945 aliis
807 3880 1045 3963 triumphis,
1067 3881 1101 3944 si
1124 3900 1234 3943 omne

79 3983 120 4047 in
143 4004 262 4048 unum
290 3985 544 4066 conferatur,
575 3988 630 4053 sit
656 3988 806 4052 latum?
851 3988 991 4053 Prorsus
1015 3993 1132 4053 contra
1154 3986 1237 4051 Livii

78 4097 114 4157 et
148 4099 333 4157 ceterorum
365 4094 463 4160 huius
503 4097 611 4159 aetatis
644 4096 840 4178 scriptorum
880 4094 1143 4160 consuetudinem
1189 4114 1236 4158 an

78 4219 160 4265 non
183 4221 244 4282 pro
266 4222 397 4266 nonne
415 4196 547 4285 ponitur
569 4204 602 4266 in
626 4202 831 4268 adfirmando
855 4224 914 4287 per
936 4203 1237 4284 interrogationem.
