3000 5116
225 454 287 507 Lib.
307 451 431 505 XXXIV.
773 441 834 500 496

226 626 305 707 legi,
340 632 376 688 ut
410 625 442 687 in
478 623 672 686 brevissimo
708 632 741 687 et
774 621 931 686 facillimo
961 624 1120 687 orationis
1150 625 1278 688 anrbitu
1308 625 1382 689 sub·

226 733 346 796 iectunr
388 732 557 794 sententia
597 731 704 812 ipsum
745 729 860 794 eadem
903 729 1099 794 substantivi
1140 732 1247 796 forma
1280 732 1381 796 inclu-

226 839 325 904 datur
358 840 391 903 in
426 838 589 902 ablativos
624 837 810 902 absolutos:
851 838 951 903 urbe
991 848 1110 921 capta
1146 840 1243 904 urbs
1277 840 1379 904 redi·

226 949 356 1011 mitur.
413 946 476 1027 (W.
506 944 628 1022 XXXI,
659 950 695 1023 2,
727 950 761 1019 6,
791 947 977 1028 comparari
1006 946 1112 1023 iubet,
1148 947 1205 1011 ubi
1235 948 1316 1030 quid
1343 970 1377 1011 ex

225 1056 358 1118 minima
400 1060 492 1136 parte
535 1053 639 1117 simile
680 1054 736 1127 sit,
775 1050 912 1130 nescio.)
975 1051 1108 1117 Certum
1150 1063 1215 1131 est,
1258 1055 1376 1119 Liriurn

224 1162 394 1244 scripsisse
427 1161 668 1224 tantummodo:
700 1160 781 1224 Iam
815 1166 935 1243 capta
969 1182 989 1223 a
1018 1160 1150 1226 Gallis
1180 1184 1260 1245 quo
1290 1162 1375 1227 red·

225 1277 357 1352 empta
381 1268 477 1332 urbs
502 1269 584 1331 est‘?

137 1384 210 1448 (397)
315 1375 451 1458 Capti,
486 1380 504 1437 7
534 1375 581 1455 (iu
611 1375 724 1439 eadem
748 1374 925 1455 oratione):
960 1375 1049 1439 Haeo
1077 1398 1199 1457 quum
1230 1380 1286 1442 ita
1314 1400 1373 1441 na·

223 1493 316 1549 tura
351 1483 553 1547 distincta
588 1484 673 1546 sint
707 1481 759 1561 (ut
792 1482 866 1545 alia
898 1482 988 1564 leges
1021 1491 1193 1566 perpetua
1228 1485 1372 1549 utilitatis

225 1613 334 1667 causa,
357 1592 429 1655 aliae
453 1590 495 1654 ad
519 1598 648 1672 tempus
670 1587 844 1667 ferantur),
869 1610 913 1653 ex
936 1597 1027 1655 utro
1051 1590 1214 1655 tandem
1238 1613 1371 1674 genere

225 1722 269 1765 ea
298 1699 362 1763 lex
386 1720 473 1762 esse
497 1697 676 1776 videtur,
707 1718 822 1777 quam
852 1697 1123 1779 abrogamus?
1158 1721 1244 1781 quae
1267 1710 1369 1763 retus

224 1808 339 1888 regia
366 1807 429 1870 lex
458 1804 578 1869 simul
608 1825 690 1868 cum
720 1805 809 1887 ipsa
836 1805 936 1869 urbe
960 1811 1057 1869 nata
1079 1816 1159 1884 aut,
1190 1808 1294 1890 quod
1314 1828 1368 1870 se·

224 1913 397 1978 cundum
443 1920 518 1989 est,
563 1912 610 1975 ab
657 1911 899 1977 decemviris
946 1912 994 1976 ad
1035 1914 1251 1978 condenda
1290 1916 1366 1978 iura

224 2022 379 2085 creatis
425 2022 462 2083 in
502 2019 713 2084 duodecim
759 2019 914 2084 tabulis
954 2022 1128 2103 scripta,
1176 2023 1265 2085 sine
1300 2040 1364 2103 qua

224 2151 341 2212 quum
371 2129 544 2192 maiores
573 2128 704 2191 nostri
734 2148 809 2191 non
839 2128 1120 2192 existimarint
1149 2128 1269 2193 decus
1297 2150 1361 2193 mo·

223 2236 385 2300 trono-le
409 2236 565 2299 servari
588 2255 720 2316 posse,
749 2234 865 2298 nobis
889 2257 1047 2318 quoque
1071 2236 1289 2300 verendum
1309 2236 1357 2307 sit,

224 2365 268 2407 ne
310 2364 395 2406 cum
436 2363 482 2406 ea
520 2341 712 2424 pudorem
752 2343 1102 2423 sanctitatemque
1137 2341 1354 2407 feminarun

224 2451 482 2532 abrogemus·
536 2447 632 2524 Quis
665 2449 794 2529 igitur
826 2450 959 2513 nescit
993 2458 1055 2514 oet.
1113 2449 1168 2514 Sic
1203 2450 1244 2525 B;
1275 2448 1352 2513 cetui

223 2557 351 2622 codices
372 2557 427 2637 (de
447 2556 480 2619 M
498 2556 641 2635 tacetur)
662 2577 721 2638 pro
748 2576 833 2636 <pua
858 2563 972 2621 retus
997 2557 1121 2622 habent
1140 2560 1235 2639 quia
1252 2568 1348 2621 retus,

223 2666 286 2729 nisi
309 2664 396 2747 quod
421 2685 506 2727 unus
527 2661 785 2727 Drakenborchii
811 2663 926 2728 eodem
944 2664 1041 2729 modo
1058 2664 1274 2748 interpolatus
1289 2670 1346 2727 erat.

221 2795 284 2854 quo
310 2771 433 2853 Sigonii
457 2778 548 2834 retus
572 2770 614 2851 (si
637 2770 686 2834 dis
709 2768 831 2853 placet)
855 2771 953 2847 liber,
984 2793 1081 2853 quem
1106 2772 1247 2837 editores
1268 2788 1343 2851 usque

222 2881 264 2944 ad
292 2886 443 2943 nostrum
472 2887 600 2960 tempus
630 2880 734 2942 secuti
764 2885 856 2955 sunt,
891 2880 937 2942 sic
966 2872 1165 2944 scribentes}
1189 2915 1230 2924 —
1249 2878 1339 2943 abro-

221 2991 382 3069 gamus?
416 3006 458 3047 an
487 2993 603 3050 vetus
632 2987 749 3068 regia
777 2986 840 3050 lex
868 3021 911 3030 -
940 2987 1057 3050 nata?
1092 3005 1153 3064 un,
1183 2985 1277 3069 quod
1298 3004 1337 3043 so·

221 3094 392 3158 cundum
421 3102 497 3159 est.
528 3093 575 3156 ab
605 3093 847 3157 ‹lecemviris
870 3102 932 3158 cet.
983 3094 1132 3177 Apparet
1155 3096 1207 3175 (ne
1229 3086 1335 3173 quidde

220 3223 265 3264 an
302 3209 334 3264 et
370 3221 453 3281 quae
483 3200 532 3262 rol
563 3201 656 3282 quia
687 3202 882 3282 permutatis
912 3201 1033 3281 dicam)
1063 3204 1154 3285 prius
1182 3191 1333 3265 auritiose

220 3309 296 3390 poni
320 3328 378 3390 pro
403 3316 580 3370 vetusne.
616 3306 732 3390 ltaque
758 3309 1040 3373 Weissenbornius
1063 3309 1210 3373 codicum
1231 3300 1331 3381 restigia

220 3415 355 3496 propius
380 3435 529 3496 premens
553 3414 671 3479 edidit:
707 3414 865 3498 Quippe
888 3424 1002 3481 vetus
1025 3418 1140 3497 regia
1161 3414 1328 3479 lex-art

218 3520 319 3601 quod
345 3521 563 3584 secundum
587 3530 656 3600 est,
681 3522 729 3586 ab
753 3522 991 3586 decemviris
1010 3532 1084 3602 cet,
1109 3530 1145 3588 ut
1164 3514 1327 3587 tronione

218 3627 406 3691 dicerentur
425 3628 540 3692 eodem
559 3628 753 3709 significatu,
773 3651 854 3711 quo:
880 3629 1011 3697 Vetus,
1030 3631 1161 3705 credo,
1180 3628 1326 3709 regirat·

217 3732 281 3797 Sed
305 3757 324 3815 q
333 3735 451 3816 uippe
475 3756 655 3816 numquam
672 3737 720 3800 sic
737 3737 871 3818 ponitur
888 3736 982 3802 initio
1001 3738 1074 3802 eius
1094 3738 1326 3809 sententiaque

217 3841 339 3904 ironice
363 3840 510 3922 fingitur,
545 3851 748 3925 repugnante
778 3843 853 3927 ipsa
880 3844 1032 3909 vocabuli
1062 3853 1180 3909 natura
1200 3842 1238 3907 ab
1255 3840 1326 3903 inter·

216 3947 361 4030 rogando
386 3956 473 4027 orta3
503 3950 610 4030 posito
634 3951 704 4033 ipso
727 3949 794 4029 illo,
824 3950 911 4033 quod
933 3951 1104 4017 irridendo
1128 3950 1255 4033 tingitur.
1272 3936 1325 4005 at
1420 3964 1422 4015 i

216 4055 326 4119 iioitur
349 4076 423 4119 cum
446 4057 572 4120 ironica
595 4054 822 4122 adfirmatione
847 4057 984 4136 (warum
1004 4059 1142 4135 nicht?).
1185 4054 1229 4120 dd
1247 4066 1324 4115 euen-

215 4161 383 4227 dationem
416 4163 643 4228 inveniendam
677 4164 824 4246 proderit
858 4164 1145 4245 animadvertisse,
1176 4184 1232 4228 non
1259 4158 1324 4221 rede
