2994 5108
215 463 280 520 Lib.
297 464 332 520 Χ.
766 451 829 514 240

216 658 358 704 munus
386 658 458 704 esse
485 642 613 723 potest:
647 642 686 703 et
712 636 841 702 militi
871 636 1017 704 donum
1046 636 1137 701 <luri
1165 656 1212 702 ex
1239 635 1378 721 praede

217 752 258 812 et
280 746 534 831 stipendium
555 744 744 810 militare
765 745 961 831 praestari
983 742 1239 833 petuisset.¹)
1271 742 1376 810 Paulo

217 861 293 939 post
321 852 353 939 (ξ
376 853 410 937 8)
433 853 645 921 scribendum
672 860 740 919 est:
775 853 845 919 sed
873 853 997 920 sociis
1027 853 1147 918 etium
1175 851 1377 920 coloniis·

177 1022 181 1030 .
216 984 292 1047 que
314 962 389 1047 (pro
413 959 673 1045 colonisque)
695 959 902 1042 finitimis,
933 960 1211 1046 quemadmodum
1232 959 1258 1041 1,
1281 963 1332 1042 52,
1355 963 1376 1025 2

215 1071 313 1137 video
349 1091 436 1136 nunc
468 1076 558 1135 reete
594 1069 664 1151 edi3
697 1090 775 1135 nem
805 1069 893 1155 apud
921 1070 1060 1136 Latinos
1090 1067 1228 1135 coloni
1254 1068 1377 1153 singuli

217 1177 444 1263 appellantur,
484 1177 599 1264 pepuli
633 1178 850 1263 civitatesque
884 1178 1088 1245 coloniarum
1121 1177 1270 1258 nomine,
1307 1197 1377 1244 non

217 1286 421 1368 colonorum,
444 1285 680 1370 significentur.

247 1487 274 1557 ¹)
292 1485 373 1557 [Fuit
389 1505 487 1560 nuper,
506 1490 554 1558 qui
571 1494 741 1560 praestare
759 1490 795 1546 de
812 1492 945 1547 erutione
962 1492 1156 1562 inposterum
1174 1493 1265 1564 eeeipi
1280 1492 1377 1561 vellet,

285 1591 348 1644 quse
367 1575 462 1630 centio
480 1575 570 1644 qualis
588 1576 710 1645 cogitari
727 1578 820 1647 possit
837 1582 866 1633 et
885 1595 902 1631 e
919 1594 974 1648 quo
987 1578 1139 1649 postulate,
1157 1594 1215 1634 nen
1229 1578 1376 1649 intellege.

284 1661 499 1730 Apparatum
517 1660 700 1717 scribendum
716 1661 815 1718 fuisse:
841 1663 1056 1733 stipendium
1079 1663 1235 1722 militare
1254 1669 1288 1720 et
1304 1669 1376 1720 tum

222 1818 224 1823 Ι
285 1743 363 1800 deri
389 1745 497 1800 militi
525 1750 560 1801 et
588 1747 623 1802 in
649 1752 828 1818 posterum
851 1750 1031 1819 pressteri;
1057 1750 1112 1806 etsi
1133 1766 1170 1805 ne
1193 1750 1236 1804 sie
1259 1749 1375 1820 quidem

285 1836 364 1887 reete
391 1830 537 1887 diceretur
561 1837 732 1902 praestere
759 1834 991 1904 stipendium
1018 1835 1103 1892 aliter
1128 1835 1203 1892 enim
1230 1834 1375 1904 damnum,

283 1916 439 1986 perieulum
456 1916 630 1988 prestetur]
