2994 5108
206 481 268 536 Lib.
286 480 374 535 XXlI.
756 469 817 530 302

207 652 312 717 undo
340 653 513 735 speciem
543 654 748 737 praebeam.
803 651 988 735 Scripserat
1010 649 1136 713 Livius:
1170 647 1254 713 nisi
1278 668 1367 712 eum

206 758 307 842 iugae
331 761 469 842 specie
493 761 720 827 abeundum
742 760 776 823 ol
799 758 991 838 11111111)

292 868 370 952 (lap.
396 871 447 946 33,
477 873 505 948 5,
527 868 584 933 ubi
605 875 784 934 narrantur
807 868 855 932 ad
878 866 1043 931 Pineum
1063 899 1108 909 —
1129 865 1169 928 in
1192 862 1366 947 Illyrios

119 987 193 1056 (248)
212 978 342 1058 legati
376 976 488 1041 missi
521 976 570 1041 ad
603 976 870 1061 stipendium,
911 975 1024 1039 cuius
1064 972 1151 1037 dies
1183 971 1366 1051 *exierat

205 1083 452 1168 poscendum
487 1092 570 1165 aut,
605 1087 637 1150 si
672 1086 778 1150 diem
805 1083 991 1167 proferre
1020 1079 1164 1159 vellet,
1200 1078 1366 1145 obsides

207 1192 488 1275 accipiendos,
517 1193 726 1258 manifestum
749 1198 816 1270 est,
846 1189 1058 1257 scribendum
1080 1209 1152 1254 esse
1173 1184 1365 1271 proferri.

204 1301 291 1366 Nam
324 1302 396 1384 ipse
429 1300 561 1366 debitor
589 1301 674 1366 diem
703 1299 852 1383 proferre
879 1320 944 1364 non
973 1302 1122 1381 poterat,
1157 1295 1216 1361 sed
1244 1315 1365 1379 rogare

204 1415 349 1487 tantum
381 1414 419 1472 ut
441 1429 462 1474 a
484 1409 649 1476 creditore
677 1407 890 1493 proferretur.
946 1405 1058 1471 blondi
1086 1425 1189 1487 genus
1217 1403 1365 1468 breviter

204 1517 317 1582 notavi
338 1538 370 1599 p.
395 1520 436 1579 33
458 1522 526 1582 not.
550 1522 579 1581 1.
625 1518 690 1584 Sed
712 1516 810 1581 simul
831 1517 865 1580 iu
887 1515 937 1595 iis,
960 1534 1033 1598 quse
1057 1518 1241 1597 sequuntur
1262 1509 1361 1590 (nul-

204 1624 285 1689 lius
313 1644 482 1706 usquam
508 1630 711 1690 terrarum
738 1626 799 1690 rei
828 1644 924 1689 cura
952 1623 1171 1699 Romanos,
1201 1639 1248 1684 ne
1274 1618 1369 1682 lon·

205 1733 356 1815 ginqua
395 1731 570 1815 quidem,
616 1731 878 1815 effugiebat),
925 1728 1112 1795 necessario
1153 1725 1365 1792 scribendum

203 1840 437 1922 longinqua
465 1846 499 1904 at
527 1848 662 1923 propter
690 1841 887 1904 sententiam
911 1838 1000 1917 (nam
1022 1857 1076 1902 res
1097 1834 1278 1918 longinqua
1300 1838 1364 1910 est,

203 1970 269 2014 non
289 1947 381 2028 cura)
401 1953 435 2012 et
451 1947 540 2029 quod
559 1947 621 2012 hoc
631 1969 732 2012 --ue
751 1947 909 2029 quidem
927 1944 1161 2028 superadditur
1178 1941 1257 2007 illis:
1281 1938 1369 2005 nul·

203 2054 284 2120 lius
312 2076 479 2138 usquam
507 2061 711 2120 terrarum
740 2057 811 2120 rei.
836 2053 875 2137 [C
898 2053 1140 2135 longinque,
1174 2055 1368 2116 correxerat

203 2163 270 2228 iam
293 2161 533 2246 Rupertius.]¹)

288 2269 386 2354 *Cap
411 2277 466 2345 34,
503 2277 538 2335 ll
574 2271 623 2351 (in
657 2271 694 2348 Q.
723 2270 826 2335 Baebii
854 2269 1012 2335 Herennii
1040 2276 1083 2333 tr.
1107 2267 1151 2351 pl.
1174 2261 1359 2344 oratione):

204 2374 459 2441 consulatum
486 2379 746 2461 -populum
767 2414 811 2423 —
833 2378 1024 2443 daturum
1053 2377 1112 2455 ei,
1138 2375 1206 2459 qui
1234 2371 1363 2455 magis

109 2496 114 2506 '
204 2504 296 2547 vere
320 2485 480 2550 vincere
504 2508 620 2569 quam
643 2487 711 2552 diu
734 2488 936 2570 imperare
959 2483 1087 2549 malit.
1132 2482 1288 2547 Mendum
1309 2502 1368 2545 ar·

204 2591 274 2672 guit
307 2613 373 2656 non
407 2593 512 2658 solum
546 2596 672 2676 magis
707 2594 829 2659 malle
863 2593 997 2673 (dicitur
1032 2591 1199 2657 interdum
1226 2588 1369 2672 potius

203 2698 341 2776 malle,
370 2721 430 2765 nec
459 2709 569 2766 tamen
598 2708 721 2767 temere
751 2705 785 2767 in
808 2711 876 2766 tem
898 2701 989 2764 brevi
1012 2721 1050 2765 ac
1072 2699 1163 2764 facili
1184 2697 1366 2763 verborum

204 2807 406 2889 complexu),
446 2810 502 2873 sed
537 2809 640 2874 multo
679 2811 781 2893 magis
817 2830 909 2873 vere
939 2809 1100 2872 vincere
1130 2807 1177 2870 sio
1205 2805 1367 2888 positum,

203 2914 298 2995 quasi
322 2937 361 2979 ex
384 2916 522 2983 adverso
546 2920 710 3000 cogitetur
733 2918 877 2982 victoriae
901 2917 1041 2999 species,
1078 2935 1139 2978 nec
1167 2913 1234 2978 ullo
1265 2912 1368 2978 modo

232 3135 258 3197 ¹)
278 3133 368 3201 [Quod
393 3136 568 3190 Woelfflinus
600 3137 700 3191 edidit:
729 3138 761 3189 ni
791 3137 858 3190 sibi
889 3152 964 3187 cum
991 3134 1079 3202 fugae
1103 3134 1221 3203 specie
1243 3133 1373 3188 abenn-

274 3219 350 3272 dum
373 3223 567 3287 timuisset,
592 3240 694 3289 neque,
718 3222 793 3290 quod
818 3221 924 3274 timeo
948 3219 1118 3274 facturum
1143 3218 1296 3287 aliquem
1318 3217 1369 3272 Li·

272 3305 334 3357 vius
362 3306 447 3371 dixit,
481 3309 618 3375 sequitur,
649 3307 753 3360 dixisse
782 3307 867 3359 etiam
895 3306 1000 3358 timeo
1028 3305 1240 3373 faciendum,
1271 3318 1369 3372 neque

272 3391 391 3444 timebat
408 3391 564 3458 Hannibal,
588 3410 623 3445 ne
648 3393 700 3445 sibi
721 3408 784 3445 cum
802 3390 876 3458 fugae
895 3391 988 3458 specie
1007 3390 1182 3459 (aliquando)
1201 3387 1367 3443 abeundum

274 3481 355 3540 esset,
375 3476 477 3530 sedne
497 3494 570 3532 nnnc
590 3496 654 3532 cum
673 3494 706 3530 ea
723 3478 817 3545 specie
836 3474 947 3543 abiret]

232 3558 260 3624 ¹)
278 3559 330 3627 [De
349 3560 365 3628 ἓ
383 3564 399 3614 2
417 3562 500 3616 huius
518 3562 620 3630 capitis
639 3579 723 3630 quam
741 3578 890 3631 posueram
909 3561 1104 3629 suspicionem,
1123 3559 1224 3614 sustuli
1241 3575 1266 3611 a
1287 3559 1370 3625 1862,

274 3662 402 3700 assensus
429 3647 560 3715 Ussingio
589 3647 741 3716 significari
769 3664 876 3711 servos,
909 3647 956 3713 qui
990 3645 1196 3713 consequendae
1222 3643 1369 3705 libertatis
1419 3678 1422 3683 ·

274 3747 358 3784 cansa
384 3749 413 3784 se
440 3732 632 3786 fraudulenter
657 3733 795 3786 militibus
824 3738 1028 3786 sacramentum
1055 3729 1215 3785 dicentibus
1241 3734 1272 3783 et
1296 3744 1369 3783 con·

274 3816 430 3871 iurantibus
450 3819 680 3881 immiscuissent,
708 3818 782 3886 quod
805 3835 894 3886 genus
918 3816 1024 3870 fraudis
1049 3817 1134 3869 etiam
1158 3815 1368 3883 imperatorum

275 3910 401 3970 tempore
425 3904 547 3971 capitale
571 3903 625 3956 fuit
647 3903 727 3969 (Plin.
747 3903 838 3971 Epist.
857 3902 895 3967 X,
919 3904 952 3954 29
970 3899 1047 3969 [38]).
1089 3900 1130 3953 De
1154 3899 1370 3954 coniurandi

275 3988 360 4040 verbo
384 3988 413 4041 in
438 3987 491 4040 hac
509 4005 538 4041 re
558 3989 606 4042 cfr.
626 4005 647 4041 c.
668 3991 710 4053 38,
729 3991 754 4054 3,
773 3987 841 4041 Caes.
861 3988 890 4039 B.
910 3987 940 4038 u.
961 3985 1024 4050 VII,
1045 3991 1066 4038 l.
1107 3985 1249 4039 Dilectum
1267 3986 1298 4038 in
1317 3984 1371 4039 Ca·

275 4072 375 4139 pitolio
405 4073 502 4125 haberi
526 4074 651 4140 solitum,
680 4077 794 4126 constat
818 4091 833 4125 e
855 4072 916 4125 Liv.
936 4070 1042 4136 XXVI,
1070 4074 1101 4125 31
1125 4075 1194 4124 extr.
1213 4074 1243 4125 et
1266 4070 1370 4139 Polyb.

274 4155 322 4221 VI,
344 4159 388 4222 193
413 4157 570 4211 coniuratio
594 4166 687 4211 tamen
706 4158 860 4211 iuventutis
879 4158 907 4211 in
926 4174 1025 4225 campo
1044 4156 1147 4210 Martio
1165 4154 1227 4208 fieri
1244 4160 1371 4224 poterat

273 4239 369 4308 ipsum
397 4240 530 4294 dilectum
553 4242 684 4296 inferiore
709 4248 794 4297 aetate
818 4243 857 4295 ibi
879 4241 1019 4307 habitum,
1042 4241 1135 4294 Varro
1159 4241 1191 4296 R.
1213 4240 1247 4295 R.
1271 4236 1328 4308 111,
1353 4244 1372 4295 2

276 4323 435 4392 significare
458 4328 584 4394 videtur,
606 4329 660 4380 nisi
684 4328 723 4380 ibi
747 4344 802 4396 pro
827 4326 866 4379 ad
891 4327 1060 4379 dilectum
1082 4325 1263 4379 scribendum
1287 4332 1335 4380 est
1352 4344 1371 4381 a

277 4408 428 4476 dilectu]
