<?xml version="1.0" encoding="UTF-8"?>
<!DOCTYPE html PUBLIC "-//W3C//DTD XHTML 1.0 Transitional//EN"
    "http://www.w3.org/TR/xhtml1/DTD/xhtml1-transitional.dtd">
<html xmlns="http://www.w3.org/1999/xhtml" xml:lang="en" lang="en">
 <head>
  <title>
</title>
<meta http-equiv="Content-Type" content="text/html;charset=utf-8" />
  <meta name='ocr-system' content='tesseract 3.04.00' />
  <meta name='ocr-capabilities' content='ocr_page ocr_carea ocr_par ocr_line ocrx_word'/>
</head>
<body>
  <div class='ocr_page' id='page_1' title='image "./emendationesliv00madvgoog_0135.png"; bbox 0 0 2994 5108; ppageno 0'>
   <div class='ocr_carea' id='block_1_1' title="bbox 225 471 836 539">
    <p class='ocr_par' dir='ltr' id='par_1_1' title="bbox 225 471 836 539">
     <span class='ocr_line' id='line_1_1' title="bbox 225 471 836 539; baseline -0.008 -1"><span class='ocrx_word' id='word_1_1' title='bbox 225 482 288 538; x_wconf 85' lang='lat' dir='ltr'><strong>Lib.</strong></span> <span class='ocrx_word' id='word_1_2' title='bbox 305 483 354 539; x_wconf 83' lang='grc' dir='ltr'><strong>Ν.</strong></span> <span class='ocrx_word' id='word_1_3' title='bbox 775 471 836 533; x_wconf 72' lang='lat'><strong>124</strong></span> 
     </span>
    </p>
   </div>
   <div class='ocr_carea' id='block_1_2' title="bbox 137 656 1388 3454">
    <p class='ocr_par' dir='ltr' id='par_1_2' title="bbox 137 656 1388 3454">
     <span class='ocr_line' id='line_1_2' title="bbox 225 656 1385 742; baseline 0 -21"><span class='ocrx_word' id='word_1_4' title='bbox 225 679 313 722; x_wconf 87' lang='lat' dir='ltr'><strong>mam</strong></span> <span class='ocrx_word' id='word_1_5' title='bbox 345 664 477 741; x_wconf 91' lang='lat' dir='ltr'><strong>tempus</strong></span> <span class='ocrx_word' id='word_1_6' title='bbox 510 656 603 722; x_wconf 84' lang='lat' dir='ltr'><strong>verbi</strong></span> <span class='ocrx_word' id='word_1_7' title='bbox 636 658 701 722; x_wconf 90' lang='lat' dir='ltr'><strong>usi</strong></span> <span class='ocrx_word' id='word_1_8' title='bbox 735 664 830 723; x_wconf 92' lang='lat' dir='ltr'><strong>sunt</strong></span> <span class='ocrx_word' id='word_1_9' title='bbox 862 675 999 742; x_wconf 89' lang='lat' dir='ltr'><strong>prorsus</strong></span> <span class='ocrx_word' id='word_1_10' title='bbox 1032 677 1170 742; x_wconf 78' lang='lat' dir='ltr'><strong>pravum</strong></span> <span class='ocrx_word' id='word_1_11' title='bbox 1201 662 1267 738; x_wconf 84' lang='lat' dir='ltr'><strong>est3</strong></span> <span class='ocrx_word' id='word_1_12' title='bbox 1305 676 1385 722; x_wconf 88' lang='lat' dir='ltr'><strong>nam</strong></span> 
     </span>
     <span class='ocr_line' id='line_1_3' title="bbox 192 763 1385 850; baseline 0 -21"><span class='ocrx_word' id='word_1_13' title='bbox 192 766 314 847; x_wconf 88' lang='lat' dir='ltr'><strong>.quod</strong></span> <span class='ocrx_word' id='word_1_14' title='bbox 336 765 622 832; x_wconf 89' lang='lat' dir='ltr'><strong>Weissenbornius</strong></span> <span class='ocrx_word' id='word_1_15' title='bbox 651 787 669 831; x_wconf 93' lang='lat' dir='ltr'><strong>e</strong></span> <span class='ocrx_word' id='word_1_16' title='bbox 691 764 776 830; x_wconf 88' lang='lat' dir='ltr'><strong>Livii</strong></span> <span class='ocrx_word' id='word_1_17' title='bbox 808 766 913 850; x_wconf 91' lang='lat' dir='ltr'><strong>ipsius</strong></span> <span class='ocrx_word' id='word_1_18' title='bbox 946 786 1089 850; x_wconf 86' lang='lat' dir='ltr'><strong>persona</strong></span> <span class='ocrx_word' id='word_1_19' title='bbox 1120 766 1184 832; x_wconf 89' lang='lat' dir='ltr'><strong>hoc</strong></span> <span class='ocrx_word' id='word_1_20' title='bbox 1211 764 1277 831; x_wconf 87' lang='lat' dir='ltr'><strong>dici</strong></span> <span class='ocrx_word' id='word_1_21' title='bbox 1304 763 1385 845; x_wconf 85' lang='lat' dir='ltr'><strong>vult,</strong></span> 
     </span>
     <span class='ocr_line' id='line_1_4' title="bbox 225 872 1383 959; baseline 0 -21"><span class='ocrx_word' id='word_1_22' title='bbox 225 874 281 956; x_wconf 89' lang='lat' dir='ltr'><strong>qui</strong></span> <span class='ocrx_word' id='word_1_23' title='bbox 309 880 420 959; x_wconf 87' lang='lat' dir='ltr'><strong>potest</strong></span> <span class='ocrx_word' id='word_1_24' title='bbox 447 874 518 940; x_wconf 85' lang='lat' dir='ltr'><strong>haec</strong></span> <span class='ocrx_word' id='word_1_25' title='bbox 546 875 765 940; x_wconf 82' lang='lat' dir='ltr'><strong>concessionis</strong></span> <span class='ocrx_word' id='word_1_26' title='bbox 792 895 871 958; x_wconf 88' lang='lat' dir='ltr'><strong>pars</strong></span> <span class='ocrx_word' id='word_1_27' title='bbox 894 896 912 940; x_wconf 98' lang='lat' dir='ltr'><strong>e</strong></span> <span class='ocrx_word' id='word_1_28' title='bbox 934 874 1017 939; x_wconf 84' lang='lat' dir='ltr'><strong>Livii</strong></span> <span class='ocrx_word' id='word_1_29' title='bbox 1044 894 1189 958; x_wconf 91' lang='lat' dir='ltr'><strong>persona</strong></span> <span class='ocrx_word' id='word_1_30' title='bbox 1217 872 1307 939; x_wconf 79' lang='lat' dir='ltr'><strong>dici?</strong></span> <span class='ocrx_word' id='word_1_31' title='bbox 1328 873 1383 954; x_wconf 84' lang='lat' dir='ltr'><strong>Et,</strong></span> 
     </span>
     <span class='ocr_line' id='line_1_5' title="bbox 224 982 1385 1068; baseline 0.001 -20"><span class='ocrx_word' id='word_1_32' title='bbox 224 984 252 1048; x_wconf 92' lang='lat' dir='ltr'><strong>si</strong></span> <span class='ocrx_word' id='word_1_33' title='bbox 286 989 413 1067; x_wconf 92' lang='lat' dir='ltr'><strong>posset,</strong></span> <span class='ocrx_word' id='word_1_34' title='bbox 447 983 504 1067; x_wconf 90' lang='lat' dir='ltr'><strong>qui</strong></span> <span class='ocrx_word' id='word_1_35' title='bbox 537 989 670 1068; x_wconf 89' lang='lat' dir='ltr'><strong>poterat</strong></span> <span class='ocrx_word' id='word_1_36' title='bbox 690 982 803 1048; x_wconf 83' lang='lat' dir='ltr'><strong>Livius</strong></span> <span class='ocrx_word' id='word_1_37' title='bbox 837 982 878 1048; x_wconf 92' lang='lat' dir='ltr'><strong>de</strong></span> <span class='ocrx_word' id='word_1_38' title='bbox 911 982 1002 1048; x_wconf 90' lang='lat' dir='ltr'><strong>illius</strong></span> <span class='ocrx_word' id='word_1_39' title='bbox 1034 983 1208 1068; x_wconf 91' lang='lat' dir='ltr'><strong>temporis,</strong></span> <span class='ocrx_word' id='word_1_40' title='bbox 1243 982 1285 1048; x_wconf 91' lang='lat' dir='ltr'><strong>de</strong></span> <span class='ocrx_word' id='word_1_41' title='bbox 1318 1002 1385 1066; x_wconf 89' lang='lat' dir='ltr'><strong>quc</strong></span> 
     </span>
     <span class='ocr_line' id='line_1_6' title="bbox 223 1089 1385 1176; baseline 0 -21"><span class='ocrx_word' id='word_1_42' title='bbox 223 1092 398 1171; x_wconf 87' lang='lat' dir='ltr'><strong>narrabat,</strong></span> <span class='ocrx_word' id='word_1_43' title='bbox 432 1092 584 1157; x_wconf 89' lang='lat' dir='ltr'><strong>instituto</strong></span> <span class='ocrx_word' id='word_1_44' title='bbox 613 1112 653 1156; x_wconf 88' lang='lat' dir='ltr'><strong>ac</strong></span> <span class='ocrx_word' id='word_1_45' title='bbox 680 1112 771 1157; x_wconf 92' lang='lat' dir='ltr'><strong>more</strong></span> <span class='ocrx_word' id='word_1_46' title='bbox 799 1090 947 1176; x_wconf 87' lang='lat' dir='ltr'><strong>perfecto</strong></span> <span class='ocrx_word' id='word_1_47' title='bbox 974 1091 1041 1170; x_wconf 90' lang='lat' dir='ltr'><strong>uti,</strong></span> <span class='ocrx_word' id='word_1_48' title='bbox 1074 1112 1141 1157; x_wconf 90' lang='lat' dir='ltr'><strong>non</strong></span> <span class='ocrx_word' id='word_1_49' title='bbox 1167 1089 1385 1176; x_wconf 81' lang='lat' dir='ltr'><strong>imperfecto?</strong></span> 
     </span>
     <span class='ocr_line' id='line_1_7' title="bbox 225 1197 1386 1285; baseline 0.001 -21"><span class='ocrx_word' id='word_1_50' title='bbox 225 1197 305 1276; x_wconf 83' lang='lat' dir='ltr'><strong>Quae</strong></span> <span class='ocrx_word' id='word_1_51' title='bbox 337 1199 415 1265; x_wconf 85' lang='lat' dir='ltr'><strong>hinc</strong></span> <span class='ocrx_word' id='word_1_52' title='bbox 447 1200 596 1265; x_wconf 89' lang='lat' dir='ltr'><strong>nascitur</strong></span> <span class='ocrx_word' id='word_1_53' title='bbox 631 1201 790 1285; x_wconf 90' lang='lat' dir='ltr'><strong>suspicio,</strong></span> <span class='ocrx_word' id='word_1_54' title='bbox 830 1220 903 1264; x_wconf 86' lang='lat' dir='ltr'><strong>eam</strong></span> <span class='ocrx_word' id='word_1_55' title='bbox 943 1198 1117 1266; x_wconf 86' lang='lat' dir='ltr'><strong>confirmat</strong></span> <span class='ocrx_word' id='word_1_56' title='bbox 1155 1205 1191 1266; x_wconf 91' lang='lat' dir='ltr'><strong>et</strong></span> <span class='ocrx_word' id='word_1_57' title='bbox 1228 1200 1386 1266; x_wconf 85' lang='lat' dir='ltr'><strong>invictam</strong></span> 
     </span>
     <span class='ocr_line' id='line_1_8' title="bbox 224 1306 1387 1393; baseline 0.003 -22"><span class='ocrx_word' id='word_1_58' title='bbox 224 1306 306 1373; x_wconf 87' lang='lat' dir='ltr'><strong>facit</strong></span> <span class='ocrx_word' id='word_1_59' title='bbox 344 1308 448 1392; x_wconf 86' lang='lat' dir='ltr'><strong>ipsius</strong></span> <span class='ocrx_word' id='word_1_60' title='bbox 487 1308 578 1373; x_wconf 85' lang='lat' dir='ltr'><strong>verbi</strong></span> <span class='ocrx_word' id='word_1_61' title='bbox 619 1314 652 1373; x_wconf 91' lang='lat' dir='ltr'><strong>et</strong></span> <span class='ocrx_word' id='word_1_62' title='bbox 685 1307 943 1374; x_wconf 78' lang='lat' dir='ltr'><strong>constructionis</strong></span> <span class='ocrx_word' id='word_1_63' title='bbox 976 1308 1139 1392; x_wconf 81' lang='lat' dir='ltr'><strong>pravitas;</strong></span> <span class='ocrx_word' id='word_1_64' title='bbox 1184 1309 1259 1393; x_wconf 90' lang='lat' dir='ltr'><strong>quis</strong></span> <span class='ocrx_word' id='word_1_65' title='bbox 1298 1309 1387 1374; x_wconf 90' lang='lat' dir='ltr'><strong>cuim</strong></span> 
     </span>
     <span class='ocr_line' id='line_1_9' title="bbox 223 1415 1385 1500; baseline 0.001 -19"><span class='ocrx_word' id='word_1_66' title='bbox 223 1438 370 1500; x_wconf 92' lang='lat' dir='ltr'><strong>unquam</strong></span> <span class='ocrx_word' id='word_1_67' title='bbox 397 1415 498 1482; x_wconf 85' lang='lat' dir='ltr'><strong>fando</strong></span> <span class='ocrx_word' id='word_1_68' title='bbox 528 1416 668 1496; x_wconf 84' lang='lat' dir='ltr'><strong>audivit,</strong></span> <span class='ocrx_word' id='word_1_69' title='bbox 703 1416 821 1481; x_wconf 90' lang='lat' dir='ltr'><strong>Latine</strong></span> <span class='ocrx_word' id='word_1_70' title='bbox 849 1415 930 1480; x_wconf 89' lang='lat' dir='ltr'><strong>dici:</strong></span> <span class='ocrx_word' id='word_1_71' title='bbox 963 1416 1005 1480; x_wconf 92' lang='lat' dir='ltr'><strong>in</strong></span> <span class='ocrx_word' id='word_1_72' title='bbox 1037 1415 1113 1482; x_wconf 87' lang='lat' dir='ltr'><strong>hac</strong></span> <span class='ocrx_word' id='word_1_73' title='bbox 1140 1437 1183 1482; x_wconf 89' lang='lat' dir='ltr'><strong>re</strong></span> <span class='ocrx_word' id='word_1_74' title='bbox 1211 1417 1272 1484; x_wconf 87' lang='lat' dir='ltr'><strong>ita</strong></span> <span class='ocrx_word' id='word_1_75' title='bbox 1300 1417 1385 1483; x_wconf 92' lang='lat' dir='ltr'><strong>uti·</strong></span> 
     </span>
     <span class='ocr_line' id='line_1_10' title="bbox 223 1525 1386 1601; baseline 0.003 -12"><span class='ocrx_word' id='word_1_76' title='bbox 223 1547 322 1601; x_wconf 91' lang='lat' dir='ltr'><strong>mur,</strong></span> <span class='ocrx_word' id='word_1_77' title='bbox 357 1530 395 1589; x_wconf 90' lang='lat' dir='ltr'><strong>ut</strong></span> <span class='ocrx_word' id='word_1_78' title='bbox 428 1532 532 1591; x_wconf 91' lang='lat' dir='ltr'><strong>esset:</strong></span> <span class='ocrx_word' id='word_1_79' title='bbox 574 1525 648 1590; x_wconf 92' lang='lat' dir='ltr'><strong>hae</strong></span> <span class='ocrx_word' id='word_1_80' title='bbox 687 1525 842 1590; x_wconf 91' lang='lat' dir='ltr'><strong>utimur</strong></span> <span class='ocrx_word' id='word_1_81' title='bbox 874 1525 1178 1591; x_wconf 90' lang='lat' dir='ltr'><strong>consuetudine</strong></span> <span class='ocrx_word' id='word_1_82' title='bbox 1210 1530 1286 1591; x_wconf 91' lang='lat' dir='ltr'><strong>aut:</strong></span> <span class='ocrx_word' id='word_1_83' title='bbox 1325 1525 1386 1592; x_wconf 90' lang='lat' dir='ltr'><strong>ita</strong></span> 
     </span>
     <span class='ocr_line' id='line_1_11' title="bbox 223 1632 1386 1719; baseline 0.001 -21"><span class='ocrx_word' id='word_1_84' title='bbox 223 1634 423 1699; x_wconf 86' lang='lat' dir='ltr'><strong>facimus?</strong></span> <span class='ocrx_word' id='word_1_85' title='bbox 446 1633 594 1699; x_wconf 89' lang='lat' dir='ltr'><strong>Tertium</strong></span> <span class='ocrx_word' id='word_1_86' title='bbox 616 1634 758 1719; x_wconf 91' lang='lat' dir='ltr'><strong>denique</strong></span> <span class='ocrx_word' id='word_1_87' title='bbox 781 1633 910 1699; x_wconf 87' lang='lat' dir='ltr'><strong>accedit</strong></span> <span class='ocrx_word' id='word_1_88' title='bbox 931 1632 1041 1698; x_wconf 90' lang='lat' dir='ltr'><strong>mendi</strong></span> <span class='ocrx_word' id='word_1_89' title='bbox 1063 1655 1129 1700; x_wconf 91' lang='lat' dir='ltr'><strong>non</strong></span> <span class='ocrx_word' id='word_1_90' title='bbox 1151 1633 1259 1699; x_wconf 90' lang='lat' dir='ltr'><strong>minus</strong></span> <span class='ocrx_word' id='word_1_91' title='bbox 1279 1633 1386 1699; x_wconf 83' lang='lat' dir='ltr'><strong>meni·</strong></span> 
     </span>
     <span class='ocr_line' id='line_1_12' title="bbox 224 1740 1384 1827; baseline 0 -20"><span class='ocrx_word' id='word_1_92' title='bbox 224 1741 345 1807; x_wconf 87' lang='lat' dir='ltr'><strong>festum</strong></span> <span class='ocrx_word' id='word_1_93' title='bbox 376 1741 549 1823; x_wconf 86' lang='lat' dir='ltr'><strong>indicium,</strong></span> <span class='ocrx_word' id='word_1_94' title='bbox 581 1765 645 1809; x_wconf 83' lang='lat' dir='ltr'><strong>vox</strong></span> <span class='ocrx_word' id='word_1_95' title='bbox 672 1741 826 1807; x_wconf 88' lang='lat' dir='ltr'><strong>Plautina</strong></span> <span class='ocrx_word' id='word_1_96' title='bbox 860 1740 1042 1825; x_wconf 79' lang='lat' dir='ltr'><strong>adaque,</strong></span> <span class='ocrx_word' id='word_1_97' title='bbox 1077 1762 1144 1826; x_wconf 88' lang='lat' dir='ltr'><strong>qua</strong></span> <span class='ocrx_word' id='word_1_98' title='bbox 1175 1762 1272 1808; x_wconf 91' lang='lat' dir='ltr'><strong>nemo</strong></span> <span class='ocrx_word' id='word_1_99' title='bbox 1304 1746 1384 1827; x_wconf 87' lang='lat' dir='ltr'><strong>post</strong></span> 
     </span>
     <span class='ocr_line' id='line_1_13' title="bbox 224 1850 1385 1935; baseline 0.001 -20"><span class='ocrx_word' id='word_1_100' title='bbox 224 1850 318 1916; x_wconf 90' lang='lat' dir='ltr'><strong>illum</strong></span> <span class='ocrx_word' id='word_1_101' title='bbox 341 1872 382 1916; x_wconf 85' lang='lat' dir='ltr'><strong>ex</strong></span> <span class='ocrx_word' id='word_1_102' title='bbox 403 1852 459 1931; x_wconf 89' lang='lat' dir='ltr'><strong>iis,</strong></span> <span class='ocrx_word' id='word_1_103' title='bbox 487 1871 628 1933; x_wconf 91' lang='lat' dir='ltr'><strong>quorum</strong></span> <span class='ocrx_word' id='word_1_104' title='bbox 651 1850 777 1935; x_wconf 87' lang='lat' dir='ltr'><strong>scripta</strong></span> <span class='ocrx_word' id='word_1_105' title='bbox 799 1855 947 1930; x_wconf 84' lang='lat' dir='ltr'><strong>exstant,</strong></span> <span class='ocrx_word' id='word_1_106' title='bbox 975 1871 1081 1934; x_wconf 90' lang='lat' dir='ltr'><strong>neque</strong></span> <span class='ocrx_word' id='word_1_107' title='bbox 1103 1851 1138 1915; x_wconf 93' lang='lat' dir='ltr'><strong>in</strong></span> <span class='ocrx_word' id='word_1_108' title='bbox 1160 1851 1253 1933; x_wconf 92' lang='lat' dir='ltr'><strong>poesi</strong></span> <span class='ocrx_word' id='word_1_109' title='bbox 1274 1871 1385 1935; x_wconf 88' lang='lat' dir='ltr'><strong>neque</strong></span> 
     </span>
     <span class='ocr_line' id='line_1_14' title="bbox 137 1957 1387 2045; baseline -0.004 -15"><span class='ocrx_word' id='word_1_110' title='bbox 137 1975 209 2045; x_wconf 77' lang='lat'>(104)</span> <span class='ocrx_word' id='word_1_111' title='bbox 227 1960 260 2024; x_wconf 88' lang='lat' dir='ltr'><strong>in</strong></span> <span class='ocrx_word' id='word_1_112' title='bbox 294 1980 394 2043; x_wconf 90' lang='lat' dir='ltr'><strong>prosa</strong></span> <span class='ocrx_word' id='word_1_113' title='bbox 427 1961 574 2025; x_wconf 85' lang='lat' dir='ltr'><strong>oratione</strong></span> <span class='ocrx_word' id='word_1_114' title='bbox 607 1981 688 2025; x_wconf 89' lang='lat' dir='ltr'><strong>usus</strong></span> <span class='ocrx_word' id='word_1_115' title='bbox 722 1958 819 2042; x_wconf 88' lang='lat' dir='ltr'><strong>est.¹)</strong></span> <span class='ocrx_word' id='word_1_116' title='bbox 874 1957 923 2024; x_wconf 86' lang='lat' dir='ltr'><strong>Ac</strong></span> <span class='ocrx_word' id='word_1_117' title='bbox 952 1979 994 2023; x_wconf 89' lang='lat' dir='ltr'><strong>ne</strong></span> <span class='ocrx_word' id='word_1_118' title='bbox 1015 1958 1155 2024; x_wconf 90' lang='lat' dir='ltr'><strong>Plautus</strong></span> <span class='ocrx_word' id='word_1_119' title='bbox 1182 1958 1317 2043; x_wconf 89' lang='lat' dir='ltr'><strong>quidem</strong></span> <span class='ocrx_word' id='word_1_120' title='bbox 1345 1978 1387 2025; x_wconf 86' lang='lat' dir='ltr'><strong>eo</strong></span> 
     </span>
     <span class='ocr_line' id='line_1_15' title="bbox 224 2066 1385 2151; baseline 0.001 -19"><span class='ocrx_word' id='word_1_121' title='bbox 224 2067 412 2150; x_wconf 83' lang='lat' dir='ltr'><strong>significatu</strong></span> <span class='ocrx_word' id='word_1_122' title='bbox 435 2068 470 2133; x_wconf 93' lang='lat' dir='ltr'><strong>id</strong></span> <span class='ocrx_word' id='word_1_123' title='bbox 494 2068 686 2133; x_wconf 82' lang='lat' dir='ltr'><strong>adverbium</strong></span> <span class='ocrx_word' id='word_1_124' title='bbox 710 2067 802 2147; x_wconf 86' lang='lat' dir='ltr'><strong>dixit,</strong></span> <span class='ocrx_word' id='word_1_125' title='bbox 831 2067 889 2151; x_wconf 90' lang='lat' dir='ltr'><strong>qui</strong></span> <span class='ocrx_word' id='word_1_126' title='bbox 910 2066 965 2132; x_wconf 92' lang='lat' dir='ltr'><strong>hic</strong></span> <span class='ocrx_word' id='word_1_127' title='bbox 986 2067 1185 2151; x_wconf 84' lang='lat' dir='ltr'><strong>requiritur3</strong></span> <span class='ocrx_word' id='word_1_128' title='bbox 1214 2066 1255 2132; x_wconf 92' lang='lat' dir='ltr'><strong>de</strong></span> <span class='ocrx_word' id='word_1_129' title='bbox 1277 2066 1385 2151; x_wconf 84' lang='lat' dir='ltr'><strong>gradu</strong></span> 
     </span>
     <span class='ocr_line' id='line_1_16' title="bbox 224 2173 1385 2260; baseline 0.001 -20"><span class='ocrx_word' id='word_1_130' title='bbox 224 2177 311 2241; x_wconf 92' lang='lat' dir='ltr'><strong>enim</strong></span> <span class='ocrx_word' id='word_1_131' title='bbox 334 2176 448 2259; x_wconf 85' lang='lat' dir='ltr'><strong>posuit</strong></span> <span class='ocrx_word' id='word_1_132' title='bbox 470 2175 549 2259; x_wconf 86' lang='lat' dir='ltr'><strong>(quo</strong></span> <span class='ocrx_word' id='word_1_133' title='bbox 573 2176 665 2241; x_wconf 91' lang='lat' dir='ltr'><strong>ducit</strong></span> <span class='ocrx_word' id='word_1_134' title='bbox 688 2176 788 2241; x_wconf 88' lang='lat' dir='ltr'><strong>etiam</strong></span> <span class='ocrx_word' id='word_1_135' title='bbox 811 2174 934 2259; x_wconf 87' lang='lat' dir='ltr'><strong>origo),</strong></span> <span class='ocrx_word' id='word_1_136' title='bbox 963 2175 1093 2241; x_wconf 91' lang='lat' dir='ltr'><strong>nonde</strong></span> <span class='ocrx_word' id='word_1_137' title='bbox 1116 2173 1214 2260; x_wconf 88' lang='lat' dir='ltr'><strong>modo</strong></span> <span class='ocrx_word' id='word_1_138' title='bbox 1237 2175 1385 2258; x_wconf 86' lang='lat' dir='ltr'><strong>(quem-</strong></span> 
     </span>
     <span class='ocr_line' id='line_1_17' title="bbox 224 2283 1388 2368; baseline 0 -17"><span class='ocrx_word' id='word_1_139' title='bbox 224 2284 434 2351; x_wconf 82' lang='lat' dir='ltr'><strong>admodum</strong></span> <span class='ocrx_word' id='word_1_140' title='bbox 460 2320 504 2329; x_wconf 93' lang='lat'><em>-</em></span> <span class='ocrx_word' id='word_1_141' title='bbox 533 2283 722 2367; x_wconf 83' lang='lat' dir='ltr'><strong>adaeque).</strong></span> <span class='ocrx_word' id='word_1_142' title='bbox 779 2284 844 2350; x_wconf 90' lang='lat' dir='ltr'><strong>Sed</strong></span> <span class='ocrx_word' id='word_1_143' title='bbox 868 2290 916 2368; x_wconf 88' lang='lat' dir='ltr'><strong>ut</strong></span> <span class='ocrx_word' id='word_1_144' title='bbox 948 2285 1030 2348; x_wconf 82' lang='lat' dir='ltr'><strong>vitia</strong></span> <span class='ocrx_word' id='word_1_145' title='bbox 1057 2290 1204 2363; x_wconf 85' lang='lat' dir='ltr'><strong>exstant,</strong></span> <span class='ocrx_word' id='word_1_146' title='bbox 1231 2284 1281 2350; x_wconf 90' lang='lat' dir='ltr'><strong>ita</strong></span> <span class='ocrx_word' id='word_1_147' title='bbox 1314 2285 1388 2351; x_wconf 87' lang='lat' dir='ltr'><strong>veri</strong></span> 
     </span>
     <span class='ocr_line' id='line_1_18' title="bbox 223 2390 1385 2478; baseline 0.002 -21"><span class='ocrx_word' id='word_1_148' title='bbox 223 2394 368 2458; x_wconf 81' lang='lat' dir='ltr'><strong>inventio</strong></span> <span class='ocrx_word' id='word_1_149' title='bbox 392 2391 535 2457; x_wconf 89' lang='lat' dir='ltr'><strong>difficilis</strong></span> <span class='ocrx_word' id='word_1_150' title='bbox 558 2399 617 2457; x_wconf 89' lang='lat' dir='ltr'><strong>est.</strong></span> <span class='ocrx_word' id='word_1_151' title='bbox 654 2391 795 2475; x_wconf 85' lang='lat' dir='ltr'><strong>[Invenit</strong></span> <span class='ocrx_word' id='word_1_152' title='bbox 816 2393 941 2457; x_wconf 88' lang='lat' dir='ltr'><strong>maiore</strong></span> <span class='ocrx_word' id='word_1_153' title='bbox 963 2413 1003 2457; x_wconf 87' lang='lat' dir='ltr'><strong>ex</strong></span> <span class='ocrx_word' id='word_1_154' title='bbox 1025 2397 1122 2476; x_wconf 89' lang='lat' dir='ltr'><strong>parte</strong></span> <span class='ocrx_word' id='word_1_155' title='bbox 1144 2391 1188 2457; x_wconf 90' lang='lat' dir='ltr'><strong>M.</strong></span> <span class='ocrx_word' id='word_1_156' title='bbox 1201 2390 1385 2478; x_wconf 80' lang='lat' dir='ltr'><strong>Seyffertus</strong></span> 
     </span>
     <span class='ocr_line' id='line_1_19' title="bbox 223 2500 1384 2586; baseline 0.002 -20"><span class='ocrx_word' id='word_1_157' title='bbox 223 2501 312 2585; x_wconf 88' lang='lat' dir='ltr'><strong>(ann.</strong></span> <span class='ocrx_word' id='word_1_158' title='bbox 325 2500 438 2586; x_wconf 92' lang='lat' dir='ltr'><strong>philol.</strong></span> <span class='ocrx_word' id='word_1_159' title='bbox 452 2500 514 2566; x_wconf 87' lang='lat' dir='ltr'><strong>vol.</strong></span> <span class='ocrx_word' id='word_1_160' title='bbox 526 2501 696 2566; x_wconf 85' lang='lat' dir='ltr'>LXXXIII</span> <span class='ocrx_word' id='word_1_161' title='bbox 708 2525 740 2585; x_wconf 93' lang='lat' dir='ltr'><strong>p.</strong></span> <span class='ocrx_word' id='word_1_162' title='bbox 754 2501 808 2585; x_wconf 85' lang='grc'><strong>68)</strong></span> <span class='ocrx_word' id='word_1_163' title='bbox 823 2502 977 2566; x_wconf 84' lang='lat' dir='ltr'><strong>sissent</strong></span> <span class='ocrx_word' id='word_1_164' title='bbox 998 2502 1160 2583; x_wconf 85' lang='lat' dir='ltr'><strong>aequari,</strong></span> <span class='ocrx_word' id='word_1_165' title='bbox 1183 2500 1299 2567; x_wconf 90' lang='lat' dir='ltr'><strong>addidi</strong></span> <span class='ocrx_word' id='word_1_166' title='bbox 1320 2522 1384 2584; x_wconf 82' lang='lat' dir='ltr'><strong>ego</strong></span> 
     </span>
     <span class='ocr_line' id='line_1_20' title="bbox 226 2609 1388 2693; baseline 0.002 -18"><span class='ocrx_word' id='word_1_167' title='bbox 226 2614 323 2689; x_wconf 71' lang='grc' dir='ltr'><strong>1861,Ι</strong></span> <span class='ocrx_word' id='word_1_168' title='bbox 346 2609 435 2691; x_wconf 91' lang='lat' dir='ltr'><strong>quod</strong></span> <span class='ocrx_word' id='word_1_169' title='bbox 457 2609 642 2675; x_wconf 89' lang='lat' dir='ltr'><strong>desiderari</strong></span> <span class='ocrx_word' id='word_1_170' title='bbox 674 2632 741 2676; x_wconf 94' lang='lat' dir='ltr'><strong>non</strong></span> <span class='ocrx_word' id='word_1_171' title='bbox 774 2615 921 2693; x_wconf 87' lang='lat' dir='ltr'><strong>poterat,</strong></span> <span class='ocrx_word' id='word_1_172' title='bbox 957 2609 1142 2675; x_wconf 90' lang='lat' dir='ltr'><strong>subiectum</strong></span> <span class='ocrx_word' id='word_1_173' title='bbox 1169 2609 1323 2676; x_wconf 85' lang='lat' dir='ltr'><strong>infinitivi</strong></span> <span class='ocrx_word' id='word_1_174' title='bbox 1349 2611 1388 2677; x_wconf 92' lang='lat' dir='ltr'><strong>in</strong></span> 
     </span>
     <span class='ocr_line' id='line_1_21' title="bbox 221 2717 1385 2802; baseline 0.002 -20"><span class='ocrx_word' id='word_1_175' title='bbox 221 2720 337 2802; x_wconf 91' lang='lat' dir='ltr'><strong>primis</strong></span> <span class='ocrx_word' id='word_1_176' title='bbox 371 2719 493 2783; x_wconf 89' lang='lat' dir='ltr'><strong>litteris</strong></span> <span class='ocrx_word' id='word_1_177' title='bbox 522 2720 608 2798; x_wconf 90' lang='lat' dir='ltr'><strong>eius,</strong></span> <span class='ocrx_word' id='word_1_178' title='bbox 647 2719 735 2800; x_wconf 90' lang='lat' dir='ltr'><strong>quod</strong></span> <span class='ocrx_word' id='word_1_179' title='bbox 765 2720 829 2784; x_wconf 89' lang='lat' dir='ltr'><strong>usi</strong></span> <span class='ocrx_word' id='word_1_180' title='bbox 851 2718 1022 2797; x_wconf 88' lang='lat' dir='ltr'><strong>scribitur,</strong></span> <span class='ocrx_word' id='word_1_181' title='bbox 1055 2717 1178 2798; x_wconf 87' lang='lat' dir='ltr'><strong>latens,</strong></span> <span class='ocrx_word' id='word_1_182' title='bbox 1211 2723 1249 2784; x_wconf 90' lang='lat' dir='ltr'><strong>ut</strong></span> <span class='ocrx_word' id='word_1_183' title='bbox 1270 2717 1385 2786; x_wconf 87' lang='lat' dir='ltr'><strong>fieret:</strong></span> 
     </span>
     <span class='ocr_line' id='line_1_22' title="bbox 222 2823 1386 2910; baseline 0.001 -18"><span class='ocrx_word' id='word_1_184' title='bbox 222 2827 414 2892; x_wconf 81' lang='lat' dir='ltr'><strong>creandis</strong></span> <span class='ocrx_word' id='word_1_185' title='bbox 454 2828 512 2889; x_wconf 77' lang='lat' dir='ltr'><strong>las</strong></span> <span class='ocrx_word' id='word_1_186' title='bbox 552 2828 697 2890; x_wconf 84' lang='lat' dir='ltr'><strong>sissent</strong></span> <span class='ocrx_word' id='word_1_187' title='bbox 730 2827 932 2904; x_wconf 75' lang='lat' dir='ltr'><strong>adaquari.</strong></span> <span class='ocrx_word' id='word_1_188' title='bbox 984 2823 1176 2910; x_wconf 81' lang='lat' dir='ltr'><strong>Comparari</strong></span> <span class='ocrx_word' id='word_1_189' title='bbox 1208 2826 1386 2893; x_wconf 84' lang='lat' dir='ltr'><strong>velimsi-</strong></span> 
     </span>
     <span class='ocr_line' id='line_1_23' title="bbox 222 2933 753 3020; baseline 0 -19"><span class='ocrx_word' id='word_1_190' title='bbox 222 2938 306 3001; x_wconf 88' lang='lat' dir='ltr'><strong>rint</strong></span> <span class='ocrx_word' id='word_1_191' title='bbox 329 2957 356 3001; x_wconf 90' lang='lat' dir='ltr'><strong>e.</strong></span> <span class='ocrx_word' id='word_1_192' title='bbox 380 2940 431 3016; x_wconf 79' lang='grc'><strong>24,</strong></span> <span class='ocrx_word' id='word_1_193' title='bbox 456 2941 475 3001; x_wconf 79' lang='lat'><strong>2</strong></span> <span class='ocrx_word' id='word_1_194' title='bbox 499 2933 753 3020; x_wconf 75' lang='lat' dir='ltr'><strong>corruptumP)</strong></span> 
     </span>
     <span class='ocr_line' id='line_1_24' title="bbox 308 3043 1380 3129; baseline 0 -19"><span class='ocrx_word' id='word_1_195' title='bbox 308 3044 386 3129; x_wconf 83' lang='lat' dir='ltr'><strong>Cap.</strong></span> <span class='ocrx_word' id='word_1_196' title='bbox 410 3050 461 3125; x_wconf 86' lang='grc'><strong>48,</strong></span> <span class='ocrx_word' id='word_1_197' title='bbox 486 3050 520 3109; x_wconf 90' lang='lat' dir='ltr'><strong>l:</strong></span> <span class='ocrx_word' id='word_1_198' title='bbox 543 3045 798 3110; x_wconf 89' lang='lat' dir='ltr'><strong>Turbatores</strong></span> <span class='ocrx_word' id='word_1_199' title='bbox 821 3043 932 3124; x_wconf 83' lang='lat' dir='ltr'><strong>vulgi</strong></span> <span class='ocrx_word' id='word_1_200' title='bbox 955 3050 1073 3109; x_wconf 88' lang='lat' dir='ltr'><strong>erant</strong></span> <span class='ocrx_word' id='word_1_201' title='bbox 1096 3044 1155 3128; x_wconf 87' lang='lat' dir='ltr'><strong>Sp.</strong></span> <span class='ocrx_word' id='word_1_202' title='bbox 1175 3043 1380 3111; x_wconf 80' lang='lat' dir='ltr'><strong>Maecilius</strong></span> 
     </span>
     <span class='ocr_line' id='line_1_25' title="bbox 221 3151 1382 3237; baseline 0.001 -19"><span class='ocrx_word' id='word_1_203' title='bbox 221 3161 412 3236; x_wconf 89' lang='lat' dir='ltr'><strong>quartum</strong></span> <span class='ocrx_word' id='word_1_204' title='bbox 452 3160 491 3219; x_wconf 92' lang='lat' dir='ltr'><strong>et</strong></span> <span class='ocrx_word' id='word_1_205' title='bbox 523 3153 713 3218; x_wconf 91' lang='lat' dir='ltr'><strong>Metilius</strong></span> <span class='ocrx_word' id='word_1_206' title='bbox 742 3152 785 3234; x_wconf 71' lang='lat' dir='ltr'><strong>(l)</strong></span> <span class='ocrx_word' id='word_1_207' title='bbox 824 3153 995 3217; x_wconf 91' lang='lat' dir='ltr'><strong>tertium</strong></span> <span class='ocrx_word' id='word_1_208' title='bbox 1033 3153 1191 3218; x_wconf 90' lang='lat' dir='ltr'><strong>tribuni</strong></span> <span class='ocrx_word' id='word_1_209' title='bbox 1230 3151 1382 3237; x_wconf 90' lang='lat' dir='ltr'><strong>plebis,</strong></span> 
     </span>
     <span class='ocr_line' id='line_1_26' title="bbox 165 3260 1383 3346; baseline 0.001 -20"><span class='ocrx_word' id='word_1_210' title='bbox 165 3268 168 3275; x_wconf 86' lang='lat'>&#39;</span> <span class='ocrx_word' id='word_1_211' title='bbox 221 3262 335 3326; x_wconf 90' lang='lat' dir='ltr'><strong>ambo</strong></span> <span class='ocrx_word' id='word_1_212' title='bbox 364 3262 558 3327; x_wconf 88' lang='lat' dir='ltr'><strong>absentes</strong></span> <span class='ocrx_word' id='word_1_213' title='bbox 587 3262 728 3326; x_wconf 90' lang='lat' dir='ltr'><strong>creati.</strong></span> <span class='ocrx_word' id='word_1_214' title='bbox 781 3260 832 3325; x_wconf 89' lang='lat' dir='ltr'><strong>Et</strong></span> <span class='ocrx_word' id='word_1_215' title='bbox 854 3282 972 3343; x_wconf 91' lang='lat' dir='ltr'><strong>quum</strong></span> <span class='ocrx_word' id='word_1_216' title='bbox 1001 3262 1256 3344; x_wconf 82' lang='lat' dir='ltr'><strong>rogationem</strong></span> <span class='ocrx_word' id='word_1_217' title='bbox 1284 3283 1383 3346; x_wconf 91' lang='lat' dir='ltr'><strong>pro-</strong></span> 
     </span>
     <span class='ocr_line' id='line_1_27' title="bbox 218 3369 1381 3454; baseline 0.001 -19"><span class='ocrx_word' id='word_1_218' title='bbox 218 3369 488 3452; x_wconf 84' lang='lat' dir='ltr'><strong>mulgassent,</strong></span> <span class='ocrx_word' id='word_1_219' title='bbox 523 3376 567 3435; x_wconf 87' lang='lat' dir='ltr'><strong>ut</strong></span> <span class='ocrx_word' id='word_1_220' title='bbox 600 3389 698 3450; x_wconf 84' lang='lat' dir='ltr'><strong>ager</strong></span> <span class='ocrx_word' id='word_1_221' title='bbox 732 3392 777 3434; x_wconf 84' lang='lat' dir='ltr'><strong>ex</strong></span> <span class='ocrx_word' id='word_1_222' title='bbox 810 3369 1002 3435; x_wconf 87' lang='lat' dir='ltr'><strong>hostibus</strong></span> <span class='ocrx_word' id='word_1_223' title='bbox 1037 3376 1185 3454; x_wconf 89' lang='lat' dir='ltr'><strong>captus</strong></span> <span class='ocrx_word' id='word_1_224' title='bbox 1218 3370 1381 3436; x_wconf 86' lang='lat' dir='ltr'><strong>viritim</strong></span> 
     </span>
    </p>
   </div>
   <div class='ocr_carea' id='block_1_3' title="bbox 243 3589 1380 4432">
    <p class='ocr_par' dir='ltr' id='par_1_3' title="bbox 247 3589 1380 3917">
     <span class='ocr_line' id='line_1_28' title="bbox 247 3589 1380 3658; baseline 0.005 -16"><span class='ocrx_word' id='word_1_225' title='bbox 247 3591 270 3656; x_wconf 87' lang='lat'><strong>¹)</strong></span> <span class='ocrx_word' id='word_1_226' title='bbox 290 3591 456 3658; x_wconf 73' lang='lat' dir='ltr'><strong>„Adeoque</strong></span> <span class='ocrx_word' id='word_1_227' title='bbox 486 3589 589 3657; x_wconf 79' lang='lat' dir='ltr'><strong>gehdrt</strong></span> <span class='ocrx_word' id='word_1_228' title='bbox 612 3609 646 3643; x_wconf 83' lang='lat' dir='ltr'><strong>au</strong></span> <span class='ocrx_word' id='word_1_229' title='bbox 672 3590 727 3644; x_wconf 87' lang='lat' dir='ltr'><strong>den</strong></span> <span class='ocrx_word' id='word_1_230' title='bbox 751 3590 950 3656; x_wconf 79' lang='lat' dir='ltr'><strong>Ausdrdcken,</strong></span> <span class='ocrx_word' id='word_1_231' title='bbox 978 3590 1083 3645; x_wconf 87' lang='lat' dir='ltr'><strong>welche</strong></span> <span class='ocrx_word' id='word_1_232' title='bbox 1105 3591 1201 3646; x_wconf 86' lang='lat' dir='ltr'><strong>Livius</strong></span> <span class='ocrx_word' id='word_1_233' title='bbox 1223 3592 1299 3647; x_wconf 84' lang='lat' dir='ltr'><strong>nach</strong></span> <span class='ocrx_word' id='word_1_234' title='bbox 1322 3590 1380 3648; x_wconf 89' lang='lat' dir='ltr'><strong>den</strong></span> 
     </span>
     <span class='ocr_line' id='line_1_29' title="bbox 285 3674 1378 3746; baseline 0.004 -17"><span class='ocrx_word' id='word_1_235' title='bbox 285 3675 442 3729; x_wconf 86' lang='lat' dir='ltr'><strong>Komikern</strong></span> <span class='ocrx_word' id='word_1_236' title='bbox 456 3682 550 3728; x_wconf 82' lang='lat' dir='ltr'><strong>zuerst</strong></span> <span class='ocrx_word' id='word_1_237' title='bbox 563 3674 744 3744; x_wconf 82' lang='lat' dir='ltr'><strong>gebraucht“.</strong></span> <span class='ocrx_word' id='word_1_238' title='bbox 765 3675 837 3731; x_wconf 89' lang='lat' dir='ltr'><strong>Usos</strong></span> <span class='ocrx_word' id='word_1_239' title='bbox 852 3693 885 3729; x_wconf 88' lang='lat' dir='ltr'><strong>eo</strong></span> <span class='ocrx_word' id='word_1_240' title='bbox 899 3677 1037 3730; x_wconf 88' lang='lat' dir='ltr'><strong>vocabulo</strong></span> <span class='ocrx_word' id='word_1_241' title='bbox 1051 3677 1233 3746; x_wconf 76' lang='lat' dir='ltr'><strong>antiquamos,</strong></span> <span class='ocrx_word' id='word_1_242' title='bbox 1249 3677 1378 3733; x_wconf 83' lang='lat' dir='ltr'><strong>Fronto·</strong></span> 
     </span>
     <span class='ocr_line' id='line_1_30' title="bbox 285 3761 1379 3832; baseline 0 -15"><span class='ocrx_word' id='word_1_243' title='bbox 285 3779 349 3817; x_wconf 91' lang='lat' dir='ltr'><strong>nem</strong></span> <span class='ocrx_word' id='word_1_244' title='bbox 373 3768 402 3814; x_wconf 90' lang='lat' dir='ltr'><strong>et</strong></span> <span class='ocrx_word' id='word_1_245' title='bbox 419 3762 579 3831; x_wconf 80' lang='lat' dir='ltr'><strong>Apuleium,</strong></span> <span class='ocrx_word' id='word_1_246' title='bbox 606 3761 730 3815; x_wconf 87' lang='lat' dir='ltr'><strong>ostendit</strong></span> <span class='ocrx_word' id='word_1_247' title='bbox 747 3761 886 3830; x_wconf 88' lang='lat' dir='ltr'><strong>Hauptius</strong></span> <span class='ocrx_word' id='word_1_248' title='bbox 906 3763 972 3832; x_wconf 89' lang='lat' dir='ltr'><strong>(ind.</strong></span> <span class='ocrx_word' id='word_1_249' title='bbox 990 3763 1055 3816; x_wconf 88' lang='lat' dir='ltr'><strong>ieet.</strong></span> <span class='ocrx_word' id='word_1_250' title='bbox 1073 3761 1164 3818; x_wconf 92' lang='lat' dir='ltr'><strong>Berol.</strong></span> <span class='ocrx_word' id='word_1_251' title='bbox 1183 3770 1244 3817; x_wconf 76' lang='lat' dir='ltr'><strong>aest.</strong></span> <span class='ocrx_word' id='word_1_252' title='bbox 1263 3781 1287 3817; x_wconf 90' lang='lat' dir='ltr'><strong>a.</strong></span> <span class='ocrx_word' id='word_1_253' title='bbox 1309 3764 1379 3817; x_wconf 83' lang='grc'>1867</span> 
     </span>
     <span class='ocr_line' id='line_1_31' title="bbox 284 3846 716 3917; baseline 0 -17"><span class='ocrx_word' id='word_1_254' title='bbox 284 3866 311 3917; x_wconf 90' lang='lat' dir='ltr'><strong>p.</strong></span> <span class='ocrx_word' id='word_1_255' title='bbox 333 3846 388 3914; x_wconf 90' lang='lat'>10);</span> <span class='ocrx_word' id='word_1_256' title='bbox 407 3846 477 3900; x_wconf 90' lang='lat' dir='ltr'><strong>nibil</strong></span> <span class='ocrx_word' id='word_1_257' title='bbox 495 3847 525 3901; x_wconf 94' lang='lat' dir='ltr'><strong>id</strong></span> <span class='ocrx_word' id='word_1_258' title='bbox 543 3846 578 3900; x_wconf 85' lang='lat' dir='ltr'><strong>ad</strong></span> <span class='ocrx_word' id='word_1_259' title='bbox 597 3847 716 3901; x_wconf 86' lang='lat' dir='ltr'><strong>Livium.</strong></span> 
     </span>
    </p>

    <p class='ocr_par' dir='ltr' id='par_1_4' title="bbox 243 3931 1379 4432">
     <span class='ocr_line' id='line_1_32' title="bbox 243 3931 1379 4003; baseline 0.002 -17"><span class='ocrx_word' id='word_1_260' title='bbox 243 3933 268 4000; x_wconf 82' lang='lat'><strong>¹)</strong></span> <span class='ocrx_word' id='word_1_261' title='bbox 288 3933 352 4003; x_wconf 85' lang='lat' dir='ltr'><strong>Cap.</strong></span> <span class='ocrx_word' id='word_1_262' title='bbox 370 3936 413 3999; x_wconf 87' lang='grc'><strong>44,</strong></span> <span class='ocrx_word' id='word_1_263' title='bbox 431 3937 449 3986; x_wconf 90' lang='grc'><strong>4</strong></span> <span class='ocrx_word' id='word_1_264' title='bbox 467 3934 557 4001; x_wconf 89' lang='lat' dir='ltr'><strong>quod</strong></span> <span class='ocrx_word' id='word_1_265' title='bbox 575 3939 652 4002; x_wconf 86' lang='lat' dir='ltr'><strong>post:</strong></span> <span class='ocrx_word' id='word_1_266' title='bbox 671 3931 836 4000; x_wconf 75' lang='lat' dir='ltr'><strong>Quidnam</strong></span> <span class='ocrx_word' id='word_1_267' title='bbox 853 3934 888 3987; x_wconf 92' lang='lat' dir='ltr'><strong>id</strong></span> <span class='ocrx_word' id='word_1_268' title='bbox 905 3935 955 3989; x_wconf 86' lang='lat' dir='ltr'><strong>rei</strong></span> <span class='ocrx_word' id='word_1_269' title='bbox 974 3936 1070 3989; x_wconf 86' lang='lat' dir='ltr'><strong>esse?</strong></span> <span class='ocrx_word' id='word_1_270' title='bbox 1089 3935 1158 4002; x_wconf 91' lang='lat' dir='ltr'><strong>(non</strong></span> <span class='ocrx_word' id='word_1_271' title='bbox 1176 3932 1281 4001; x_wconf 87' lang='lat' dir='ltr'><strong>esset)</strong></span> <span class='ocrx_word' id='word_1_272' title='bbox 1299 3933 1379 3988; x_wconf 84' lang='lat' dir='ltr'><strong>addi·</strong></span> 
     </span>
     <span class='ocr_line' id='line_1_33' title="bbox 283 4018 1378 4089; baseline 0.003 -18"><span class='ocrx_word' id='word_1_273' title='bbox 283 4024 345 4072; x_wconf 89' lang='lat' dir='ltr'><strong>tum</strong></span> <span class='ocrx_word' id='word_1_274' title='bbox 367 4024 437 4088; x_wconf 89' lang='lat' dir='ltr'><strong>puto</strong></span> <span class='ocrx_word' id='word_1_275' title='bbox 461 4018 497 4072; x_wconf 86' lang='lat' dir='ltr'><strong>ad</strong></span> <span class='ocrx_word' id='word_1_276' title='bbox 513 4019 548 4072; x_wconf 93' lang='lat' dir='ltr'><strong>id</strong></span> <span class='ocrx_word' id='word_1_277' title='bbox 566 4019 608 4085; x_wconf 90' lang='lat' dir='ltr'><strong>(ut</strong></span> <span class='ocrx_word' id='word_1_278' title='bbox 626 4020 682 4088; x_wconf 90' lang='lat' dir='ltr'><strong>qui</strong></span> <span class='ocrx_word' id='word_1_279' title='bbox 700 4019 766 4088; x_wconf 84' lang='lat' dir='ltr'><strong>VII,</strong></span> <span class='ocrx_word' id='word_1_280' title='bbox 789 4022 835 4087; x_wconf 88' lang='grc'><strong>41,</strong></span> <span class='ocrx_word' id='word_1_281' title='bbox 858 4018 899 4086; x_wconf 89' lang='grc'><strong>6);</strong></span> <span class='ocrx_word' id='word_1_282' title='bbox 927 4022 1130 4087; x_wconf 83' lang='lat' dir='ltr'><strong>anacoluthon,</strong></span> <span class='ocrx_word' id='word_1_283' title='bbox 1158 4021 1235 4089; x_wconf 87' lang='lat' dir='ltr'><strong>quod</strong></span> <span class='ocrx_word' id='word_1_284' title='bbox 1252 4020 1378 4089; x_wconf 68' lang='lat' dir='ltr'><strong>fingunt,</strong></span> 
     </span>
     <span class='ocr_line' id='line_1_34' title="bbox 284 4105 1379 4174; baseline 0.005 -16"><span class='ocrx_word' id='word_1_285' title='bbox 284 4122 375 4174; x_wconf 89' lang='lat' dir='ltr'><strong>noque</strong></span> <span class='ocrx_word' id='word_1_286' title='bbox 392 4105 466 4159; x_wconf 80' lang='lat' dir='ltr'><strong>Livii</strong></span> <span class='ocrx_word' id='word_1_287' title='bbox 489 4122 581 4173; x_wconf 86' lang='lat' dir='ltr'><strong>neque</strong></span> <span class='ocrx_word' id='word_1_288' title='bbox 604 4106 768 4174; x_wconf 89' lang='lat' dir='ltr'><strong>cuiusquam</strong></span> <span class='ocrx_word' id='word_1_289' title='bbox 790 4106 993 4160; x_wconf 89' lang='lat' dir='ltr'><strong>consuetudine</strong></span> <span class='ocrx_word' id='word_1_290' title='bbox 1016 4114 1165 4160; x_wconf 87' lang='lat' dir='ltr'><strong>excusatur</strong></span> <span class='ocrx_word' id='word_1_291' title='bbox 1188 4106 1219 4161; x_wconf 89' lang='lat' dir='ltr'><strong>in</strong></span> <span class='ocrx_word' id='word_1_292' title='bbox 1243 4107 1379 4163; x_wconf 79' lang='lat' dir='ltr'><strong>oratione</strong></span> 
     </span>
     <span class='ocr_line' id='line_1_35' title="bbox 283 4191 1379 4259; baseline 0.005 -16"><span class='ocrx_word' id='word_1_293' title='bbox 283 4198 359 4244; x_wconf 89' lang='lat' dir='ltr'><strong>recte</strong></span> <span class='ocrx_word' id='word_1_294' title='bbox 382 4194 411 4244; x_wconf 90' lang='lat' dir='ltr'><strong>et</strong></span> <span class='ocrx_word' id='word_1_295' title='bbox 434 4191 545 4259; x_wconf 87' lang='lat' dir='ltr'><strong>ordine,</strong></span> <span class='ocrx_word' id='word_1_296' title='bbox 573 4192 596 4244; x_wconf 88' lang='lat' dir='ltr'><strong>si</strong></span> <span class='ocrx_word' id='word_1_297' title='bbox 619 4209 704 4245; x_wconf 88' lang='lat' dir='ltr'><strong>unam</strong></span> <span class='ocrx_word' id='word_1_298' title='bbox 726 4192 803 4245; x_wconf 90' lang='lat' dir='ltr'><strong>illam</strong></span> <span class='ocrx_word' id='word_1_299' title='bbox 824 4191 954 4247; x_wconf 89' lang='lat' dir='ltr'><strong>voculam</strong></span> <span class='ocrx_word' id='word_1_300' title='bbox 971 4193 1132 4259; x_wconf 89' lang='lat' dir='ltr'><strong>sustuleris,</strong></span> <span class='ocrx_word' id='word_1_301' title='bbox 1161 4191 1328 4247; x_wconf 86' lang='lat' dir='ltr'><strong>decurrenti</strong></span> <span class='ocrx_word' id='word_1_302' title='bbox 1346 4196 1379 4248; x_wconf 82' lang='lat' dir='ltr'><strong>et</strong></span> 
     </span>
     <span class='ocr_line' id='line_1_36' title="bbox 283 4275 1377 4346; baseline 0.005 -18"><span class='ocrx_word' id='word_1_303' title='bbox 283 4276 457 4345; x_wconf 81' lang='lat' dir='ltr'><strong>singularem</strong></span> <span class='ocrx_word' id='word_1_304' title='bbox 481 4275 598 4344; x_wconf 81' lang='lat' dir='ltr'><strong>figuram</strong></span> <span class='ocrx_word' id='word_1_305' title='bbox 620 4277 736 4330; x_wconf 83' lang='lat' dir='ltr'><strong>habenti</strong></span> <span class='ocrx_word' id='word_1_306' title='bbox 760 4278 1022 4346; x_wconf 78' lang='lat' dir='ltr'><strong>(Interrogationem</strong></span> <span class='ocrx_word' id='word_1_307' title='bbox 1045 4295 1108 4333; x_wconf 88' lang='lat' dir='ltr'><strong>cum</strong></span> <span class='ocrx_word' id='word_1_308' title='bbox 1131 4276 1319 4332; x_wconf 79' lang='lat' dir='ltr'><strong>admiratione</strong></span> <span class='ocrx_word' id='word_1_309' title='bbox 1343 4282 1377 4333; x_wconf 79' lang='lat' dir='ltr'><strong>et</strong></span> 
     </span>
     <span class='ocr_line' id='line_1_37' title="bbox 282 4361 1254 4432; baseline 0.003 -18"><span class='ocrx_word' id='word_1_310' title='bbox 282 4362 479 4430; x_wconf 76' lang='lat' dir='ltr'><strong>indignatione</strong></span> <span class='ocrx_word' id='word_1_311' title='bbox 496 4362 638 4416; x_wconf 86' lang='lat' dir='ltr'><strong>infinitivo</strong></span> <span class='ocrx_word' id='word_1_312' title='bbox 657 4362 778 4430; x_wconf 88' lang='lat' dir='ltr'><strong>elatam).</strong></span> <span class='ocrx_word' id='word_1_313' title='bbox 815 4362 875 4432; x_wconf 83' lang='lat' dir='ltr'><strong>[Sic</strong></span> <span class='ocrx_word' id='word_1_314' title='bbox 893 4364 949 4416; x_wconf 87' lang='lat' dir='ltr'><strong>iam</strong></span> <span class='ocrx_word' id='word_1_315' title='bbox 967 4371 1077 4418; x_wconf 88' lang='lat' dir='ltr'><strong>veteres</strong></span> <span class='ocrx_word' id='word_1_316' title='bbox 1095 4361 1254 4432; x_wconf 81' lang='lat' dir='ltr'><strong>editiones]</strong></span> 
     </span>
    </p>
   </div>
   <div class='ocr_carea' id='block_1_4' title="bbox 0 0 1502 5108">
    <p class='ocr_par' dir='ltr' id='par_1_5' title="bbox 0 0 1502 5108">
     <span class='ocr_line' id='line_1_38' title="bbox 0 0 1502 5108; baseline 0 0"><span class='ocrx_word' id='word_1_317' title='bbox 0 0 1502 5108; x_wconf 95' lang='lat' dir='ltr'><strong> </strong></span> 
     </span>
    </p>
   </div>
  </div>
 </body>
</html>
