<?xml version="1.0" encoding="UTF-8"?>
<!DOCTYPE html PUBLIC "-//W3C//DTD XHTML 1.0 Transitional//EN"
    "http://www.w3.org/TR/xhtml1/DTD/xhtml1-transitional.dtd">
<html xmlns="http://www.w3.org/1999/xhtml" xml:lang="en" lang="en">
 <head>
  <title>
</title>
<meta http-equiv="Content-Type" content="text/html;charset=utf-8" />
  <meta name='ocr-system' content='tesseract 3.04.00' />
  <meta name='ocr-capabilities' content='ocr_page ocr_carea ocr_par ocr_line ocrx_word'/>
</head>
<body>
  <div class='ocr_page' id='page_1' title='image "./emendationesliv00madvgoog_0663.png"; bbox 0 0 3000 5116; ppageno 0'>
   <div class='ocr_carea' id='block_1_1' title="bbox 237 437 845 501">
    <p class='ocr_par' dir='ltr' id='par_1_1' title="bbox 237 437 845 501">
     <span class='ocr_line' id='line_1_1' title="bbox 237 437 845 501; baseline -0.005 0"><span class='ocrx_word' id='word_1_1' title='bbox 237 445 300 501; x_wconf 85' lang='lat' dir='ltr'><strong>Lib.</strong></span> <span class='ocrx_word' id='word_1_2' title='bbox 318 445 443 501; x_wconf 80' lang='lat' dir='ltr'>XXXIX.</span> <span class='ocrx_word' id='word_1_3' title='bbox 784 437 845 499; x_wconf 78' lang='lat'>562</span> 
     </span>
    </p>
   </div>
   <div class='ocr_carea' id='block_1_2' title="bbox 136 618 1397 3925">
    <p class='ocr_par' dir='ltr' id='par_1_2' title="bbox 234 618 1397 1133">
     <span class='ocr_line' id='line_1_2' title="bbox 236 618 1397 705; baseline 0.003 -23"><span class='ocrx_word' id='word_1_4' title='bbox 236 618 374 684; x_wconf 80' lang='lat' dir='ltr'>uerbum</span> <span class='ocrx_word' id='word_1_5' title='bbox 397 618 549 684; x_wconf 81' lang='lat' dir='ltr'>dixerit</span> <span class='ocrx_word' id='word_1_6' title='bbox 570 619 752 685; x_wconf 91' lang='lat' dir='ltr'>tollendum</span> <span class='ocrx_word' id='word_1_7' title='bbox 781 642 867 701; x_wconf 64' lang='lat' dir='ltr'>essm</span> <span class='ocrx_word' id='word_1_8' title='bbox 900 642 1007 704; x_wconf 87' lang='lat' dir='ltr'>neque</span> <span class='ocrx_word' id='word_1_9' title='bbox 1030 623 1115 686; x_wconf 90' lang='lat' dir='ltr'>enim</span> <span class='ocrx_word' id='word_1_10' title='bbox 1138 621 1320 705; x_wconf 85' lang='lat' dir='ltr'><strong>quidquam</strong></span> <span class='ocrx_word' id='word_1_11' title='bbox 1348 623 1397 686; x_wconf 81' lang='lat' dir='ltr'>ri·</span> 
     </span>
     <span class='ocr_line' id='line_1_3' title="bbox 237 727 1393 814; baseline 0.004 -23"><span class='ocrx_word' id='word_1_12' title='bbox 237 728 325 791; x_wconf 85' lang='lat' dir='ltr'>vacis</span> <span class='ocrx_word' id='word_1_13' title='bbox 348 727 471 809; x_wconf 85' lang='lat' dir='ltr'>ingenii</span> <span class='ocrx_word' id='word_1_14' title='bbox 493 727 526 790; x_wconf 91' lang='lat' dir='ltr'>in</span> <span class='ocrx_word' id='word_1_15' title='bbox 549 748 588 792; x_wconf 89' lang='lat' dir='ltr'>eo</span> <span class='ocrx_word' id='word_1_16' title='bbox 612 735 760 811; x_wconf 87' lang='lat' dir='ltr'>apparet,</span> <span class='ocrx_word' id='word_1_17' title='bbox 790 727 878 810; x_wconf 93' lang='lat' dir='ltr'>quod</span> <span class='ocrx_word' id='word_1_18' title='bbox 905 735 1079 793; x_wconf 87' lang='lat' dir='ltr'>accusatus</span> <span class='ocrx_word' id='word_1_19' title='bbox 1113 736 1178 808; x_wconf 89' lang='lat' dir='ltr'>est,</span> <span class='ocrx_word' id='word_1_20' title='bbox 1212 729 1272 795; x_wconf 88' lang='lat' dir='ltr'>sed</span> <span class='ocrx_word' id='word_1_21' title='bbox 1305 730 1393 814; x_wconf 88' lang='lat' dir='ltr'>quod</span> 
     </span>
     <span class='ocr_line' id='line_1_4' title="bbox 235 834 1392 919; baseline 0.003 -21"><span class='ocrx_word' id='word_1_22' title='bbox 235 834 307 918; x_wconf 88' lang='lat' dir='ltr'>ipse</span> <span class='ocrx_word' id='word_1_23' title='bbox 332 854 465 899; x_wconf 89' lang='lat' dir='ltr'>oausam</span> <span class='ocrx_word' id='word_1_24' title='bbox 490 836 609 912; x_wconf 83' lang='lat' dir='ltr'>oravit,</span> <span class='ocrx_word' id='word_1_25' title='bbox 633 842 854 919; x_wconf 89' lang='lat' dir='ltr'>accurateque</span> <span class='ocrx_word' id='word_1_26' title='bbox 877 834 946 900; x_wconf 87' lang='lat' dir='ltr'>haec</span> <span class='ocrx_word' id='word_1_27' title='bbox 970 834 1035 900; x_wconf 94' lang='lat' dir='ltr'>duo</span> <span class='ocrx_word' id='word_1_28' title='bbox 1058 837 1145 901; x_wconf 87' lang='lat' dir='ltr'>inter</span> <span class='ocrx_word' id='word_1_29' title='bbox 1168 856 1202 900; x_wconf 89' lang='lat' dir='ltr'>se</span> <span class='ocrx_word' id='word_1_30' title='bbox 1226 839 1392 902; x_wconf 86' lang='lat' dir='ltr'>contraria</span> 
     </span>
     <span class='ocr_line' id='line_1_5' title="bbox 234 940 1390 1028; baseline 0.003 -22"><span class='ocrx_word' id='word_1_31' title='bbox 234 941 431 1021; x_wconf 86' lang='lat' dir='ltr'>referuntur,</span> <span class='ocrx_word' id='word_1_32' title='bbox 454 940 611 1006; x_wconf 80' lang='lat' dir='ltr'>Catonem</span> <span class='ocrx_word' id='word_1_33' title='bbox 635 948 726 1006; x_wconf 85' lang='lat' dir='ltr'>sexto</span> <span class='ocrx_word' id='word_1_34' title='bbox 750 949 783 1007; x_wconf 90' lang='lat' dir='ltr'>et</span> <span class='ocrx_word' id='word_1_35' title='bbox 805 945 1008 1025; x_wconf 82' lang='lat' dir='ltr'>octogesimo</span> <span class='ocrx_word' id='word_1_36' title='bbox 1031 964 1117 1009; x_wconf 93' lang='lat' dir='ltr'>anno</span> <span class='ocrx_word' id='word_1_37' title='bbox 1141 945 1251 1027; x_wconf 88' lang='lat' dir='ltr'>ipsum</span> <span class='ocrx_word' id='word_1_38' title='bbox 1273 966 1333 1028; x_wconf 89' lang='lat' dir='ltr'>pro</span> <span class='ocrx_word' id='word_1_39' title='bbox 1356 966 1390 1010; x_wconf 90' lang='lat' dir='ltr'>se</span> 
     </span>
     <span class='ocr_line' id='line_1_6' title="bbox 235 1049 1367 1133; baseline 0.002 -18"><span class='ocrx_word' id='word_1_40' title='bbox 235 1070 369 1115; x_wconf 89' lang='lat' dir='ltr'>oausam</span> <span class='ocrx_word' id='word_1_41' title='bbox 392 1050 553 1127; x_wconf 84' lang='lat' dir='ltr'>oravisse,</span> <span class='ocrx_word' id='word_1_42' title='bbox 577 1051 789 1132; x_wconf 85' lang='lat' dir='ltr'>nonagesimo</span> <span class='ocrx_word' id='word_1_43' title='bbox 813 1049 954 1114; x_wconf 82' lang='lat' dir='ltr'>Galbam</span> <span class='ocrx_word' id='word_1_44' title='bbox 976 1071 1160 1116; x_wconf 79' lang='lat' dir='ltr'>accusasse.</span> <span class='ocrx_word' id='word_1_45' title='bbox 1207 1052 1367 1133; x_wconf 80' lang='lat'>(1865.)¹)</span> 
     </span>
    </p>

    <p class='ocr_par' dir='ltr' id='par_1_3' title="bbox 183 1155 1390 1450">
     <span class='ocr_line' id='line_1_7' title="bbox 183 1155 1390 1241; baseline 0.005 -22"><span class='ocrx_word' id='word_1_46' title='bbox 183 1155 185 1160; x_wconf 78' lang='grc'><strong>’</strong></span> <span class='ocrx_word' id='word_1_47' title='bbox 321 1155 401 1239; x_wconf 84' lang='lat' dir='ltr'>Cap.</span> <span class='ocrx_word' id='word_1_48' title='bbox 430 1161 481 1235; x_wconf 88' lang='lat'>46,</span> <span class='ocrx_word' id='word_1_49' title='bbox 506 1162 524 1220; x_wconf 85' lang='lat' dir='ltr'>b</span> <span class='ocrx_word' id='word_1_50' title='bbox 549 1155 702 1238; x_wconf 82' lang='lat' dir='ltr'>Ussingio</span> <span class='ocrx_word' id='word_1_51' title='bbox 729 1177 794 1221; x_wconf 92' lang='lat' dir='ltr'>non</span> <span class='ocrx_word' id='word_1_52' title='bbox 829 1158 899 1222; x_wconf 88' lang='lat' dir='ltr'>sino</span> <span class='ocrx_word' id='word_1_53' title='bbox 932 1178 1032 1222; x_wconf 88' lang='lat' dir='ltr'>causa</span> <span class='ocrx_word' id='word_1_54' title='bbox 1055 1158 1228 1241; x_wconf 83' lang='lat' dir='ltr'>displicuit</span> <span class='ocrx_word' id='word_1_55' title='bbox 1257 1160 1390 1225; x_wconf 74' lang='lat' dir='ltr'>verbum</span> 
     </span>
     <span class='ocr_line' id='line_1_8' title="bbox 234 1262 1389 1347; baseline 0.004 -19"><span class='ocrx_word' id='word_1_56' title='bbox 234 1269 337 1342; x_wconf 83' lang='lat' dir='ltr'>erat3</span> <span class='ocrx_word' id='word_1_57' title='bbox 361 1263 562 1347; x_wconf 85' lang='lat' dir='ltr'>significatur</span> <span class='ocrx_word' id='word_1_58' title='bbox 581 1265 675 1342; x_wconf 91' lang='lat' dir='ltr'>enim,</span> <span class='ocrx_word' id='word_1_59' title='bbox 694 1263 774 1346; x_wconf 91' lang='lat' dir='ltr'>quid</span> <span class='ocrx_word' id='word_1_60' title='bbox 790 1262 984 1346; x_wconf 84' lang='lat' dir='ltr'>religionem</span> <span class='ocrx_word' id='word_1_61' title='bbox 1000 1266 1157 1330; x_wconf 89' lang='lat' dir='ltr'>iniectam</span> <span class='ocrx_word' id='word_1_62' title='bbox 1175 1277 1389 1334; x_wconf 88' lang='lat' dir='ltr'>consecutum</span> 
     </span>
     <span class='ocr_line' id='line_1_9' title="bbox 232 1369 1385 1450; baseline 0.004 -14"><span class='ocrx_word' id='word_1_63' title='bbox 232 1372 284 1450; x_wconf 88' lang='lat' dir='ltr'>sit,</span> <span class='ocrx_word' id='word_1_64' title='bbox 307 1392 373 1435; x_wconf 93' lang='lat' dir='ltr'>non</span> <span class='ocrx_word' id='word_1_65' title='bbox 394 1392 448 1436; x_wconf 89' lang='lat' dir='ltr'>res</span> <span class='ocrx_word' id='word_1_66' title='bbox 472 1377 548 1435; x_wconf 90' lang='lat' dir='ltr'>ante</span> <span class='ocrx_word' id='word_1_67' title='bbox 576 1370 676 1435; x_wconf 86' lang='lat' dir='ltr'>facta.</span> <span class='ocrx_word' id='word_1_68' title='bbox 723 1369 848 1435; x_wconf 83' lang='lat' dir='ltr'>Saltem</span> <span class='ocrx_word' id='word_1_69' title='bbox 866 1371 982 1436; x_wconf 91' lang='lat' dir='ltr'>melius</span> <span class='ocrx_word' id='word_1_70' title='bbox 1006 1371 1142 1438; x_wconf 85' lang='lat' dir='ltr'>verbum</span> <span class='ocrx_word' id='word_1_71' title='bbox 1167 1373 1280 1440; x_wconf 84' lang='lat' dir='ltr'>Livius</span> <span class='ocrx_word' id='word_1_72' title='bbox 1308 1378 1385 1441; x_wconf 88' lang='lat' dir='ltr'>omi-</span> 
     </span>
    </p>

    <p class='ocr_par' dir='ltr' id='par_1_4' title="bbox 197 1476 1114 1566">
     <span class='ocr_line' id='line_1_10' title="bbox 197 1476 1114 1566; baseline -0.002 -20"><span class='ocrx_word' id='word_1_73' title='bbox 197 1561 199 1566; x_wconf 26' lang='lat'>,</span> <span class='ocrx_word' id='word_1_74' title='bbox 232 1482 338 1546; x_wconf 89' lang='lat' dir='ltr'>sisset.</span> <span class='ocrx_word' id='word_1_75' title='bbox 363 1478 486 1559; x_wconf 80' lang='lat'>(1865.)</span> <span class='ocrx_word' id='word_1_76' title='bbox 521 1476 605 1560; x_wconf 88' lang='lat' dir='ltr'>[Iam</span> <span class='ocrx_word' id='word_1_77' title='bbox 628 1478 806 1561; x_wconf 89' lang='lat' dir='ltr'>Rupertius</span> <span class='ocrx_word' id='word_1_78' title='bbox 831 1486 894 1543; x_wconf 86' lang='lat' dir='ltr'>est</span> <span class='ocrx_word' id='word_1_79' title='bbox 915 1500 976 1562; x_wconf 90' lang='lat' dir='ltr'>pro</span> <span class='ocrx_word' id='word_1_80' title='bbox 1000 1479 1114 1562; x_wconf 86' lang='lat' dir='ltr'>erat]</span> 
     </span>
    </p>

    <p class='ocr_par' dir='ltr' id='par_1_5' title="bbox 225 1585 1384 2961">
     <span class='ocr_line' id='line_1_11' title="bbox 317 1585 1384 1673; baseline 0.003 -21"><span class='ocrx_word' id='word_1_81' title='bbox 317 1586 397 1670; x_wconf 78' lang='lat' dir='ltr'>(lap.</span> <span class='ocrx_word' id='word_1_82' title='bbox 421 1591 472 1665; x_wconf 78' lang='lat'>47,</span> <span class='ocrx_word' id='word_1_83' title='bbox 497 1590 515 1649; x_wconf 88' lang='grc'><strong>9</strong></span> <span class='ocrx_word' id='word_1_84' title='bbox 540 1586 587 1666; x_wconf 79' lang='lat' dir='ltr'>(in</span> <span class='ocrx_word' id='word_1_85' title='bbox 615 1606 775 1668; x_wconf 88' lang='lat' dir='ltr'>responso</span> <span class='ocrx_word' id='word_1_86' title='bbox 804 1591 940 1650; x_wconf 89' lang='lat' dir='ltr'>senatus</span> <span class='ocrx_word' id='word_1_87' title='bbox 963 1585 1130 1652; x_wconf 87' lang='lat' dir='ltr'>Demetrio</span> <span class='ocrx_word' id='word_1_88' title='bbox 1154 1587 1300 1673; x_wconf 90' lang='lat' dir='ltr'>Philippi</span> <span class='ocrx_word' id='word_1_89' title='bbox 1321 1589 1384 1655; x_wconf 83' lang='lat' dir='ltr'>filio</span> 
     </span>
     <span class='ocr_line' id='line_1_12' title="bbox 231 1690 1378 1781; baseline 0 -19"><span class='ocrx_word' id='word_1_90' title='bbox 231 1695 339 1778; x_wconf 87' lang='lat' dir='ltr'>dato):</span> <span class='ocrx_word' id='word_1_91' title='bbox 363 1693 491 1759; x_wconf 90' lang='lat' dir='ltr'>Multa</span> <span class='ocrx_word' id='word_1_92' title='bbox 513 1698 551 1757; x_wconf 89' lang='lat' dir='ltr'>et</span> <span class='ocrx_word' id='word_1_93' title='bbox 575 1690 833 1757; x_wconf 89' lang='lat' dir='ltr'>dissimulare</span> <span class='ocrx_word' id='word_1_94' title='bbox 856 1700 896 1758; x_wconf 89' lang='lat' dir='ltr'>et</span> <span class='ocrx_word' id='word_1_95' title='bbox 919 1692 1113 1759; x_wconf 86' lang='lat' dir='ltr'>oblivisci</span> <span class='ocrx_word' id='word_1_96' title='bbox 1131 1702 1172 1760; x_wconf 86' lang='lat' dir='ltr'>et</span> <span class='ocrx_word' id='word_1_97' title='bbox 1192 1698 1279 1780; x_wconf 85' lang='lat' dir='ltr'>pati</span> <span class='ocrx_word' id='word_1_98' title='bbox 1295 1718 1378 1781; x_wconf 80' lang='lat' dir='ltr'>pre·</span> 
     </span>
     <span class='ocr_line' id='line_1_13' title="bbox 230 1798 1374 1883; baseline 0 -14"><span class='ocrx_word' id='word_1_99' title='bbox 230 1805 359 1869; x_wconf 81' lang='lat' dir='ltr'>teriia</span> <span class='ocrx_word' id='word_1_100' title='bbox 381 1806 567 1866; x_wconf 90' lang='lat' dir='ltr'>senatum</span> <span class='ocrx_word' id='word_1_101' title='bbox 589 1816 723 1883; x_wconf 85' lang='lat' dir='ltr'>posse,</span> <span class='ocrx_word' id='word_1_102' title='bbox 746 1798 785 1864; x_wconf 82' lang='lat' dir='ltr'>e&#39;t</span> <span class='ocrx_word' id='word_1_103' title='bbox 808 1801 976 1865; x_wconf 87' lang='lat' dir='ltr'>credere</span> <span class='ocrx_word' id='word_1_104' title='bbox 1005 1803 1144 1881; x_wconf 91' lang='lat' dir='ltr'>etiam,</span> <span class='ocrx_word' id='word_1_105' title='bbox 1179 1804 1374 1869; x_wconf 87' lang='lat' dir='ltr'>Demetrio</span> 
     </span>
     <span class='ocr_line' id='line_1_14' title="bbox 230 1905 1374 1994; baseline -0.002 -18"><span class='ocrx_word' id='word_1_106' title='bbox 230 1909 477 1976; x_wconf 91' lang='lat' dir='ltr'>credendum</span> <span class='ocrx_word' id='word_1_107' title='bbox 510 1928 609 1972; x_wconf 90' lang='lat' dir='ltr'>esse.</span> <span class='ocrx_word' id='word_1_108' title='bbox 655 1907 746 1971; x_wconf 84' lang='lat' dir='ltr'>Mirae</span> <span class='ocrx_word' id='word_1_109' title='bbox 774 1905 824 1970; x_wconf 85' lang='lat' dir='ltr'>hae</span> <span class='ocrx_word' id='word_1_110' title='bbox 854 1906 1007 1990; x_wconf 78' lang='lat' dir='ltr'>ambages</span> <span class='ocrx_word' id='word_1_111' title='bbox 1031 1916 1110 1973; x_wconf 91' lang='lat' dir='ltr'>sunt</span> <span class='ocrx_word' id='word_1_112' title='bbox 1131 1909 1290 1994; x_wconf 90' lang='lat' dir='ltr'>loquendi</span> <span class='ocrx_word' id='word_1_113' title='bbox 1310 1931 1374 1976; x_wconf 90' lang='lat' dir='ltr'>cnm</span> 
     </span>
     <span class='ocr_line' id='line_1_15' title="bbox 228 2014 1370 2103; baseline -0.004 -19"><span class='ocrx_word' id='word_1_114' title='bbox 228 2020 418 2103; x_wconf 81' lang='lat' dir='ltr'>importuna</span> <span class='ocrx_word' id='word_1_115' title='bbox 429 2015 574 2081; x_wconf 88' lang='lat' dir='ltr'>eiusdem</span> <span class='ocrx_word' id='word_1_116' title='bbox 592 2014 682 2079; x_wconf 83' lang='lat' dir='ltr'>verbi</span> <span class='ocrx_word' id='word_1_117' title='bbox 693 2015 906 2097; x_wconf 89' lang='lat' dir='ltr'>repetitione;</span> <span class='ocrx_word' id='word_1_118' title='bbox 929 2017 1113 2081; x_wconf 89' lang='lat' dir='ltr'>rectissime</span> <span class='ocrx_word' id='word_1_119' title='bbox 1131 2019 1265 2084; x_wconf 88' lang='lat' dir='ltr'>codices</span> <span class='ocrx_word' id='word_1_120' title='bbox 1276 2019 1370 2083; x_wconf 73' lang='lat' dir='ltr'>boul</span> 
     </span>
     <span class='ocr_line' id='line_1_16' title="bbox 228 2121 1370 2203; baseline -0.004 -11"><span class='ocrx_word' id='word_1_121' title='bbox 228 2133 263 2192; x_wconf 91' lang='lat' dir='ltr'>ct</span> <span class='ocrx_word' id='word_1_122' title='bbox 289 2125 396 2190; x_wconf 88' lang='lat' dir='ltr'>Mead.</span> <span class='ocrx_word' id='word_1_123' title='bbox 426 2123 533 2203; x_wconf 75' lang='lat' dir='ltr'>2‚(de</span> <span class='ocrx_word' id='word_1_124' title='bbox 562 2122 595 2186; x_wconf 92' lang='lat' dir='ltr'>M</span> <span class='ocrx_word' id='word_1_125' title='bbox 629 2122 771 2202; x_wconf 89' lang='lat' dir='ltr'>tacetur)</span> <span class='ocrx_word' id='word_1_126' title='bbox 806 2121 930 2187; x_wconf 90' lang='lat' dir='ltr'>habent</span> <span class='ocrx_word' id='word_1_127' title='bbox 963 2128 1110 2187; x_wconf 90' lang='lat' dir='ltr'>tantum:</span> <span class='ocrx_word' id='word_1_128' title='bbox 1146 2131 1186 2189; x_wconf 91' lang='lat' dir='ltr'>et</span> <span class='ocrx_word' id='word_1_129' title='bbox 1219 2126 1370 2191; x_wconf 86' lang='lat' dir='ltr'>credere</span> 
     </span>
     <span class='ocr_line' id='line_1_17' title="bbox 228 2228 1363 2314; baseline -0.006 -15"><span class='ocrx_word' id='word_1_130' title='bbox 228 2236 350 2300; x_wconf 86' lang='lat' dir='ltr'>etiam</span> <span class='ocrx_word' id='word_1_131' title='bbox 372 2231 579 2296; x_wconf 86' lang='lat' dir='ltr'>Demetrio</span> <span class='ocrx_word' id='word_1_132' title='bbox 607 2228 733 2310; x_wconf 88' lang='lat' dir='ltr'>(multa,</span> <span class='ocrx_word' id='word_1_133' title='bbox 764 2229 805 2293; x_wconf 91' lang='lat' dir='ltr'>de</span> <span class='ocrx_word' id='word_1_134' title='bbox 832 2229 969 2310; x_wconf 85' lang='lat' dir='ltr'>multis).</span> <span class='ocrx_word' id='word_1_135' title='bbox 1003 2230 1179 2314; x_wconf 84' lang='lat' dir='ltr'>Polybium</span> <span class='ocrx_word' id='word_1_136' title='bbox 1202 2231 1323 2314; x_wconf 86' lang='lat' dir='ltr'>(XXIV,</span> <span class='ocrx_word' id='word_1_137' title='bbox 1341 2233 1363 2307; x_wconf 77' lang='lat'>2,</span> 
     </span>
     <span class='ocr_line' id='line_1_18' title="bbox 227 2337 1362 2423; baseline -0.007 -16"><span class='ocrx_word' id='word_1_138' title='bbox 227 2342 260 2423; x_wconf 88' lang='grc'>9)</span> <span class='ocrx_word' id='word_1_139' title='bbox 283 2343 350 2405; x_wconf 92' lang='lat' dir='ltr'>iam</span> <span class='ocrx_word' id='word_1_140' title='bbox 378 2337 667 2405; x_wconf 88' lang='lat' dir='ltr'>Drakenborchius</span> <span class='ocrx_word' id='word_1_141' title='bbox 690 2338 909 2420; x_wconf 85' lang='lat' dir='ltr'>comparavit:</span> <span class='ocrx_word' id='word_1_142' title='bbox 945 2343 1091 2419; x_wconf 76' lang='grc' dir='ltr'>ἀπόκρισιν</span> <span class='ocrx_word' id='word_1_143' title='bbox 1125 2344 1223 2401; x_wconf 72' lang='grc' dir='ltr'><em>ἔδωκεν</em></span> <span class='ocrx_word' id='word_1_144' title='bbox 1257 2338 1286 2422; x_wconf 75' lang='grc' dir='ltr'>(ἡ</span> <span class='ocrx_word' id='word_1_145' title='bbox 1308 2344 1362 2417; x_wconf 63' lang='lat' dir='ltr'>alr</span> 
     </span>
     <span class='ocr_line' id='line_1_19' title="bbox 226 2448 1360 2529; baseline -0.004 -18"><span class='ocrx_word' id='word_1_146' title='bbox 226 2448 343 2529; x_wconf 78' lang='grc' dir='ltr'>κλητος),</span> <span class='ocrx_word' id='word_1_147' title='bbox 376 2453 443 2509; x_wconf 81' lang='lat' dir='ltr'>drdn</span> <span class='ocrx_word' id='word_1_148' title='bbox 475 2453 537 2526; x_wconf 75' lang='grc' dir='ltr'><strong><em>περὶ</em></strong></span> <span class='ocrx_word' id='word_1_149' title='bbox 567 2454 674 2507; x_wconf 73' lang='grc' dir='ltr'><em>πάντων</em></span> <span class='ocrx_word' id='word_1_150' title='bbox 696 2451 741 2506; x_wconf 80' lang='grc' dir='ltr'>καὶ</span> <span class='ocrx_word' id='word_1_151' title='bbox 763 2454 815 2506; x_wconf 82' lang='grc' dir='ltr'>τῶν</span> <span class='ocrx_word' id='word_1_152' title='bbox 837 2451 982 2528; x_wconf 75' lang='grc' dir='ltr'><strong><em>εἰρημένων</em></strong></span> <span class='ocrx_word' id='word_1_153' title='bbox 1003 2451 1055 2508; x_wconf 80' lang='grc' dir='ltr'>ὑπ’</span> <span class='ocrx_word' id='word_1_154' title='bbox 1080 2451 1165 2509; x_wconf 72' lang='grc' dir='ltr'>αὐτοῦ</span> <span class='ocrx_word' id='word_1_155' title='bbox 1180 2453 1290 2509; x_wconf 75' lang='grc' dir='ltr'><strong><em>καὶτῶν</em></strong></span> <span class='ocrx_word' id='word_1_156' title='bbox 1313 2450 1360 2506; x_wconf 72' lang='grc' dir='ltr'>ὼε·</span> 
     </span>
     <span class='ocr_line' id='line_1_20' title="bbox 225 2544 1359 2639; baseline -0.004 -21"><span class='ocrx_word' id='word_1_157' title='bbox 225 2563 388 2639; x_wconf 61' lang='grc' dir='ltr'>γνωσμένωι·</span> <span class='ocrx_word' id='word_1_158' title='bbox 410 2563 552 2635; x_wconf 63' lang='grc' dir='ltr'>Δημητρίῳ</span> <span class='ocrx_word' id='word_1_159' title='bbox 576 2561 704 2616; x_wconf 73' lang='grc' dir='ltr'>πιστεύει.</span> <span class='ocrx_word' id='word_1_160' title='bbox 740 2552 851 2633; x_wconf 88' lang='lat' dir='ltr'>(Initio</span> <span class='ocrx_word' id='word_1_161' title='bbox 872 2553 970 2618; x_wconf 91' lang='lat' dir='ltr'>huius</span> <span class='ocrx_word' id='word_1_162' title='bbox 993 2554 1112 2637; x_wconf 88' lang='lat' dir='ltr'>capitis</span> <span class='ocrx_word' id='word_1_163' title='bbox 1135 2556 1241 2619; x_wconf 87' lang='lat' dir='ltr'>oratio</span> <span class='ocrx_word' id='word_1_164' title='bbox 1262 2555 1303 2618; x_wconf 87' lang='lat' dir='ltr'>sio</span> <span class='ocrx_word' id='word_1_165' title='bbox 1319 2544 1359 2615; x_wconf 90' lang='lat' dir='ltr'>in·</span> 
     </span>
     <span class='ocr_line' id='line_1_21' title="bbox 225 2659 1357 2746; baseline -0.005 -18"><span class='ocrx_word' id='word_1_166' title='bbox 225 2662 454 2746; x_wconf 85' lang='lat' dir='ltr'>terpnngenda</span> <span class='ocrx_word' id='word_1_167' title='bbox 477 2668 536 2740; x_wconf 89' lang='lat' dir='ltr'>est,</span> <span class='ocrx_word' id='word_1_168' title='bbox 560 2660 745 2743; x_wconf 88' lang='lat' dir='ltr'>significato</span> <span class='ocrx_word' id='word_1_169' title='bbox 774 2660 837 2725; x_wconf 81' lang='lat' dir='ltr'>levi</span> <span class='ocrx_word' id='word_1_170' title='bbox 867 2659 1084 2725; x_wconf 87' lang='lat' dir='ltr'>anacolutho:</span> <span class='ocrx_word' id='word_1_171' title='bbox 1119 2660 1357 2746; x_wconf 85' lang='lat' dir='ltr'>Responden-</span> 
     </span>
     <span class='ocr_line' id='line_1_22' title="bbox 225 2766 1358 2844; baseline -0.004 -8"><span class='ocrx_word' id='word_1_172' title='bbox 225 2773 316 2836; x_wconf 90' lang='lat' dir='ltr'>dum</span> <span class='ocrx_word' id='word_1_173' title='bbox 338 2769 607 2833; x_wconf 87' lang='lat' dir='ltr'>-Demetrio</span> <span class='ocrx_word' id='word_1_174' title='bbox 632 2774 729 2833; x_wconf 86' lang='lat' dir='ltr'>erat.</span> <span class='ocrx_word' id='word_1_175' title='bbox 776 2766 901 2844; x_wconf 81' lang='lat' dir='ltr'>Quum</span> <span class='ocrx_word' id='word_1_176' title='bbox 923 2768 1030 2832; x_wconf 88' lang='lat' dir='ltr'>haud</span> <span class='ocrx_word' id='word_1_177' title='bbox 1053 2769 1177 2834; x_wconf 88' lang='lat' dir='ltr'>facile</span> <span class='ocrx_word' id='word_1_178' title='bbox 1206 2774 1306 2833; x_wconf 88' lang='lat' dir='ltr'>esset</span> <span class='ocrx_word' id='word_1_179' title='bbox 1323 2797 1358 2810; x_wconf 89' lang='grc'>-·</span> 
     </span>
     <span class='ocr_line' id='line_1_23' title="bbox 225 2876 1357 2961; baseline -0.007 -17"><span class='ocrx_word' id='word_1_180' title='bbox 225 2878 441 2961; x_wconf 88' lang='lat' dir='ltr'>complecti</span> <span class='ocrx_word' id='word_1_181' title='bbox 465 2876 549 2957; x_wconf 91' lang='lat' dir='ltr'>(nec</span> <span class='ocrx_word' id='word_1_182' title='bbox 578 2878 679 2940; x_wconf 90' lang='lat' dir='ltr'>enim</span> <span class='ocrx_word' id='word_1_183' title='bbox 707 2911 749 2920; x_wconf 95' lang='lat'>-</span> <span class='ocrx_word' id='word_1_184' title='bbox 771 2876 1001 2956; x_wconf 85' lang='lat' dir='ltr'>iudicatis),</span> <span class='ocrx_word' id='word_1_185' title='bbox 1025 2876 1128 2940; x_wconf 92' lang='lat' dir='ltr'>nihil</span> <span class='ocrx_word' id='word_1_186' title='bbox 1157 2877 1357 2941; x_wconf 74' lang='lat' dir='ltr'>horumne</span> 
     </span>
    </p>

    <p class='ocr_par' dir='ltr' id='par_1_6' title="bbox 136 2979 1359 3278">
     <span class='ocr_line' id='line_1_24' title="bbox 136 2979 1359 3074; baseline -0.007 -23"><span class='ocrx_word' id='word_1_187' title='bbox 136 3007 212 3074; x_wconf 74' lang='lat'>(458)</span> <span class='ocrx_word' id='word_1_188' title='bbox 232 2985 568 3070; x_wconf 89' lang='lat' dir='ltr'>queDemetrium</span> <span class='ocrx_word' id='word_1_189' title='bbox 589 2984 736 3048; x_wconf 89' lang='lat' dir='ltr'>docere</span> <span class='ocrx_word' id='word_1_190' title='bbox 754 2983 935 3047; x_wconf 88' lang='lat' dir='ltr'>dilucide</span> <span class='ocrx_word' id='word_1_191' title='bbox 954 3004 1024 3047; x_wconf 88' lang='lat' dir='ltr'>nec</span> <span class='ocrx_word' id='word_1_192' title='bbox 1043 3005 1082 3048; x_wconf 90' lang='lat' dir='ltr'>se</span> <span class='ocrx_word' id='word_1_193' title='bbox 1101 2986 1202 3049; x_wconf 84' lang='lat' dir='ltr'>satis</span> <span class='ocrx_word' id='word_1_194' title='bbox 1219 2979 1359 3065; x_wconf 91' lang='lat' dir='ltr'>liquido</span> 
     </span>
     <span class='ocr_line' id='line_1_25' title="bbox 223 3085 1358 3175; baseline -0.008 -15"><span class='ocrx_word' id='word_1_195' title='bbox 223 3097 384 3160; x_wconf 88' lang='lat' dir='ltr'>discere</span> <span class='ocrx_word' id='word_1_196' title='bbox 413 3093 460 3156; x_wconf 85' lang='lat' dir='ltr'>ab</span> <span class='ocrx_word' id='word_1_197' title='bbox 490 3114 534 3156; x_wconf 93' lang='lat' dir='ltr'>eo</span> <span class='ocrx_word' id='word_1_198' title='bbox 558 3098 723 3155; x_wconf 88' lang='lat' dir='ltr'>senatus</span> <span class='ocrx_word' id='word_1_199' title='bbox 747 3111 863 3171; x_wconf 89' lang='lat' dir='ltr'>quum</span> <span class='ocrx_word' id='word_1_200' title='bbox 887 3099 1077 3155; x_wconf 85' lang='lat' dir='ltr'>cerneret</span> <span class='ocrx_word' id='word_1_201' title='bbox 1099 3113 1229 3175; x_wconf 86' lang='lat' dir='ltr'>posse,</span> <span class='ocrx_word' id='word_1_202' title='bbox 1258 3085 1358 3154; x_wconf 88' lang='lat' dir='ltr'>simul</span> 
     </span>
     <span class='ocr_line' id='line_1_26' title="bbox 222 3198 1068 3278; baseline -0.005 -12"><span class='ocrx_word' id='word_1_203' title='bbox 222 3209 282 3267; x_wconf 87' lang='lat' dir='ltr'>cet.</span> <span class='ocrx_word' id='word_1_204' title='bbox 328 3202 367 3264; x_wconf 91' lang='lat' dir='ltr'>ln</span> <span class='ocrx_word' id='word_1_205' title='bbox 390 3199 495 3264; x_wconf 91' lang='lat' dir='ltr'>nihil</span> <span class='ocrx_word' id='word_1_206' title='bbox 518 3199 659 3263; x_wconf 90' lang='lat' dir='ltr'>horum</span> <span class='ocrx_word' id='word_1_207' title='bbox 682 3200 858 3262; x_wconf 86' lang='lat' dir='ltr'>resumitur</span> <span class='ocrx_word' id='word_1_208' title='bbox 879 3198 1068 3278; x_wconf 82' lang='lat' dir='ltr'>sententia.)</span> 
     </span>
    </p>

    <p class='ocr_par' dir='ltr' id='par_1_7' title="bbox 218 3305 1370 3925">
     <span class='ocr_line' id='line_1_27' title="bbox 307 3305 1362 3391; baseline -0.006 -18"><span class='ocrx_word' id='word_1_209' title='bbox 307 3308 386 3391; x_wconf 88' lang='lat' dir='ltr'>Cap.</span> <span class='ocrx_word' id='word_1_210' title='bbox 409 3313 460 3384; x_wconf 76' lang='grc'>48,</span> <span class='ocrx_word' id='word_1_211' title='bbox 485 3312 501 3369; x_wconf 76' lang='lat'>2</span> <span class='ocrx_word' id='word_1_212' title='bbox 527 3315 560 3370; x_wconf 89' lang='lat' dir='ltr'>ot</span> <span class='ocrx_word' id='word_1_213' title='bbox 583 3311 616 3369; x_wconf 86' lang='lat'>3:</span> <span class='ocrx_word' id='word_1_214' title='bbox 641 3306 776 3369; x_wconf 83' lang='lat' dir='ltr'>Multae</span> <span class='ocrx_word' id='word_1_215' title='bbox 795 3314 832 3369; x_wconf 88' lang='lat' dir='ltr'>et</span> <span class='ocrx_word' id='word_1_216' title='bbox 851 3305 1030 3389; x_wconf 73' lang='lat' dir='ltr'>parvulae</span> <span class='ocrx_word' id='word_1_217' title='bbox 1051 3307 1362 3390; x_wconf 84' lang='lat' dir='ltr'>disceptationes</span> 
     </span>
     <span class='ocr_line' id='line_1_28' title="bbox 221 3413 1364 3496; baseline -0.003 -15"><span class='ocrx_word' id='word_1_218' title='bbox 221 3416 487 3481; x_wconf 87' lang='lat' dir='ltr'>iactabantur</span> <span class='ocrx_word' id='word_1_219' title='bbox 522 3415 577 3494; x_wconf 86' lang='lat' dir='ltr'>(ab</span> <span class='ocrx_word' id='word_1_220' title='bbox 607 3414 725 3496; x_wconf 83' lang='lat' dir='ltr'>legatis</span> <span class='ocrx_word' id='word_1_221' title='bbox 750 3413 1005 3478; x_wconf 61' lang='lat' dir='ltr'>Lacedaemoniis</span> <span class='ocrx_word' id='word_1_222' title='bbox 1034 3414 1067 3477; x_wconf 93' lang='lat' dir='ltr'>in</span> <span class='ocrx_word' id='word_1_223' title='bbox 1102 3421 1252 3478; x_wconf 89' lang='lat' dir='ltr'>senatum</span> <span class='ocrx_word' id='word_1_224' title='bbox 1274 3415 1364 3479; x_wconf 83' lang='lat' dir='ltr'>intro·</span> 
     </span>
     <span class='ocr_line' id='line_1_29' title="bbox 220 3522 1364 3604; baseline -0.002 -18"><span class='ocrx_word' id='word_1_225' title='bbox 220 3523 360 3603; x_wconf 72' lang='lat' dir='ltr'>ductis),</span> <span class='ocrx_word' id='word_1_226' title='bbox 395 3522 464 3586; x_wconf 88' lang='lat' dir='ltr'>sed</span> <span class='ocrx_word' id='word_1_227' title='bbox 499 3544 581 3604; x_wconf 75' lang='lat' dir='ltr'>qum</span> <span class='ocrx_word' id='word_1_228' title='bbox 615 3523 783 3584; x_wconf 86' lang='lat' dir='ltr'>maxime</span> <span class='ocrx_word' id='word_1_229' title='bbox 812 3542 892 3584; x_wconf 90' lang='lat' dir='ltr'>rem</span> <span class='ocrx_word' id='word_1_230' title='bbox 926 3523 1210 3600; x_wconf 87' lang='lat' dir='ltr'>continerent,</span> <span class='ocrx_word' id='word_1_231' title='bbox 1245 3528 1364 3599; x_wconf 87' lang='lat' dir='ltr'>erent,</span> 
     </span>
     <span class='ocr_line' id='line_1_30' title="bbox 218 3628 1366 3710; baseline -0.002 -15"><span class='ocrx_word' id='word_1_232' title='bbox 218 3639 351 3695; x_wconf 89' lang='lat' dir='ltr'>utrum</span> <span class='ocrx_word' id='word_1_233' title='bbox 385 3631 724 3706; x_wconf 85' lang='lat' dir='ltr'>restituerentur,</span> <span class='ocrx_word' id='word_1_234' title='bbox 761 3650 863 3710; x_wconf 84' lang='lat' dir='ltr'>quos</span> <span class='ocrx_word' id='word_1_235' title='bbox 898 3628 1029 3693; x_wconf 75' lang='lat' dir='ltr'>Achaei</span> <span class='ocrx_word' id='word_1_236' title='bbox 1064 3628 1366 3706; x_wconf 71' lang='lat' dir='ltr'>damnaverant,</span> 
     </span>
     <span class='ocr_line' id='line_1_31' title="bbox 218 3736 1369 3820; baseline 0 -17"><span class='ocrx_word' id='word_1_237' title='bbox 218 3760 359 3815; x_wconf 88' lang='lat' dir='ltr'>necne,</span> <span class='ocrx_word' id='word_1_238' title='bbox 394 3737 535 3816; x_wconf 86' lang='lat' dir='ltr'>inique</span> <span class='ocrx_word' id='word_1_239' title='bbox 569 3757 617 3798; x_wconf 86' lang='lat' dir='ltr'>an</span> <span class='ocrx_word' id='word_1_240' title='bbox 652 3737 738 3799; x_wconf 90' lang='lat' dir='ltr'>iure</span> <span class='ocrx_word' id='word_1_241' title='bbox 775 3736 1045 3809; x_wconf 85' lang='lat' dir='ltr'>occidissent,</span> <span class='ocrx_word' id='word_1_242' title='bbox 1080 3758 1181 3820; x_wconf 87' lang='lat' dir='ltr'>quos</span> <span class='ocrx_word' id='word_1_243' title='bbox 1216 3739 1369 3803; x_wconf 88' lang='lat' dir='ltr'>occide·</span> 
     </span>
     <span class='ocr_line' id='line_1_32' title="bbox 218 3844 1370 3925; baseline -0.001 -14"><span class='ocrx_word' id='word_1_244' title='bbox 218 3853 324 3925; x_wconf 75' lang='lat' dir='ltr'>rant,</span> <span class='ocrx_word' id='word_1_245' title='bbox 359 3844 601 3909; x_wconf 80' lang='lat' dir='ltr'>vertebatur</span> <span class='ocrx_word' id='word_1_246' title='bbox 635 3850 690 3919; x_wconf 89' lang='lat' dir='ltr'>et,</span> <span class='ocrx_word' id='word_1_247' title='bbox 725 3849 862 3905; x_wconf 90' lang='lat' dir='ltr'>utrum</span> <span class='ocrx_word' id='word_1_248' title='bbox 896 3851 1111 3908; x_wconf 87' lang='lat' dir='ltr'>manerent</span> <span class='ocrx_word' id='word_1_249' title='bbox 1134 3846 1177 3908; x_wconf 93' lang='lat' dir='ltr'>in</span> <span class='ocrx_word' id='word_1_250' title='bbox 1201 3847 1370 3912; x_wconf 80' lang='lat' dir='ltr'>Achaico</span> 
     </span>
    </p>
   </div>
   <div class='ocr_carea' id='block_1_3' title="bbox 244 4112 1377 4351">
    <p class='ocr_par' dir='ltr' id='par_1_8' title="bbox 244 4112 1377 4351">
     <span class='ocr_line' id='line_1_33' title="bbox 244 4112 1376 4187; baseline 0.003 -19"><span class='ocrx_word' id='word_1_251' title='bbox 244 4117 266 4183; x_wconf 85' lang='lat'>¹)</span> <span class='ocrx_word' id='word_1_252' title='bbox 286 4116 362 4184; x_wconf 87' lang='lat' dir='ltr'>[Cap.</span> <span class='ocrx_word' id='word_1_253' title='bbox 382 4119 424 4181; x_wconf 78' lang='lat'>42,</span> <span class='ocrx_word' id='word_1_254' title='bbox 447 4118 473 4166; x_wconf 94' lang='lat' dir='ltr'>ll</span> <span class='ocrx_word' id='word_1_255' title='bbox 495 4131 552 4165; x_wconf 92' lang='lat' dir='ltr'>non</span> <span class='ocrx_word' id='word_1_256' title='bbox 572 4113 631 4166; x_wconf 86' lang='lat' dir='ltr'>sine</span> <span class='ocrx_word' id='word_1_257' title='bbox 650 4131 734 4166; x_wconf 86' lang='lat' dir='ltr'>causa</span> <span class='ocrx_word' id='word_1_258' title='bbox 754 4112 902 4181; x_wconf 78' lang='lat' dir='ltr'>Siesbyeus</span> <span class='ocrx_word' id='word_1_259' title='bbox 921 4131 972 4182; x_wconf 89' lang='lat' dir='ltr'>pro</span> <span class='ocrx_word' id='word_1_260' title='bbox 992 4113 1052 4166; x_wconf 83' lang='lat' dir='ltr'>Vis</span> <span class='ocrx_word' id='word_1_261' title='bbox 1070 4120 1108 4167; x_wconf 90' lang='lat' dir='ltr'>tu</span> <span class='ocrx_word' id='word_1_262' title='bbox 1127 4116 1199 4180; x_wconf 70' lang='lat' dir='ltr'>-l,</span> <span class='ocrx_word' id='word_1_263' title='bbox 1220 4119 1299 4186; x_wconf 90' lang='lat' dir='ltr'>quod</span> <span class='ocrx_word' id='word_1_264' title='bbox 1316 4135 1376 4187; x_wconf 87' lang='lat' dir='ltr'>quo·</span> 
     </span>
     <span class='ocr_line' id='line_1_34' title="bbox 284 4198 1377 4272; baseline 0.004 -18"><span class='ocrx_word' id='word_1_265' title='bbox 284 4200 369 4254; x_wconf 89' lang='lat' dir='ltr'>modo</span> <span class='ocrx_word' id='word_1_266' title='bbox 398 4200 515 4263; x_wconf 87' lang='lat' dir='ltr'>dicatur,</span> <span class='ocrx_word' id='word_1_267' title='bbox 543 4216 568 4249; x_wconf 85' lang='lat' dir='ltr'>r.</span> <span class='ocrx_word' id='word_1_268' title='bbox 597 4198 990 4266; x_wconf 78' lang='lat' dir='ltr'>sup1·ap.229not.h.ed.,</span> <span class='ocrx_word' id='word_1_269' title='bbox 1011 4199 1192 4253; x_wconf 83' lang='lat' dir='ltr'>scribendum</span> <span class='ocrx_word' id='word_1_270' title='bbox 1222 4205 1377 4272; x_wconf 79' lang='lat' dir='ltr'>suspicatur</span> 
     </span>
     <span class='ocr_line' id='line_1_35' title="bbox 287 4281 586 4351; baseline 0 -14"><span class='ocrx_word' id='word_1_271' title='bbox 287 4284 350 4338; x_wconf 80' lang='lat' dir='ltr'>Vin</span> <span class='ocrx_word' id='word_1_272' title='bbox 368 4290 405 4337; x_wconf 87' lang='lat' dir='ltr'>tu</span> <span class='ocrx_word' id='word_1_273' title='bbox 422 4286 477 4337; x_wconf 74' lang='lat' dir='ltr'>—l</span> <span class='ocrx_word' id='word_1_274' title='bbox 502 4281 586 4351; x_wconf 74' lang='lat' dir='ltr'>lero]</span> 
     </span>
    </p>
   </div>
   <div class='ocr_carea' id='block_1_4' title="bbox 0 0 1504 5116">
    <p class='ocr_par' dir='ltr' id='par_1_9' title="bbox 0 0 1504 5116">
     <span class='ocr_line' id='line_1_36' title="bbox 0 0 1504 5116; baseline 0 7"><span class='ocrx_word' id='word_1_275' title='bbox 0 0 1504 5116; x_wconf 95' lang='lat' dir='ltr'> </span> 
     </span>
    </p>
   </div>
  </div>
 </body>
</html>
