2994 5108
644 481 705 542 747
769 544 772 549 ,
877 478 882 488 ’
1080 491 1142 546 Lib.
1160 491 1244 547 XLV.

94 668 179 733 tiose
202 668 287 732 enim
304 665 545 732 substantivum
562 687 582 730 a
601 666 709 748 priore
727 664 881 742 membro,
905 664 964 730 ubi
988 664 1097 729 audiri
1121 665 1245 747 nequit,

96 775 297 843 transfertur
305 775 346 840 ad
355 773 504 853 alterum,
516 773 573 838 nbi
585 779 712 858 potest,
726 772 933 839 scribendum
946 773 1063 839 saltem
1074 780 1146 837 tum
1158 779 1244 838 erat:

94 905 167 950 suo
185 884 386 966 abrogato
405 883 563 948 alienos
581 880 897 965 triumphos30fr.
910 880 997 960 XXI,
1012 885 1060 960 19,
1071 885 1099 945 9.
1118 881 1246 947 SedLi-

94 993 166 1058 vius
179 993 372 1075 scripserat:
387 1012 454 1057 suo
473 989 673 1074 abrogato
691 988 895 1072 triumpho
913 988 1068 1055 alienos
1089 998 1246 1074 specta·

95 1101 217 1166 bunt?
250 1099 353 1164 Panlo
376 1098 461 1163 infra
480 1096 510 1180 (ἐ
534 1097 567 1179 9)
586 1096 654 1162 haec
673 1096 874 1162 scribuntur:
905 1095 975 1162 Cui
994 1099 1141 1163 sortito
1159 1107 1247 1184 pro·

95 1210 268 1274 vinciam
286 1241 328 1252 -
351 1206 698 1290 praesagientibus
716 1206 859 1270 animis
876 1206 1091 1271 victoriam
1108 1208 1247 1273 trium·

95 1315 300 1400 phumque
319 1315 626 1392 destinavimus,
650 1315 684 1378 ei
700 1314 849 1378 victori
867 1313 1115 1397 triumphum
1131 1337 1248 1400 nega·

95 1425 199 1489 turi?
223 1423 444 1507 etquidem
468 1422 554 1502 (cod.
579 1422 778 1506 negaturi
801 1422 1002 1504 equidem)
1025 1444 1101 1488 non
1123 1423 1247 1490 homi·

93 1553 164 1598 nes
187 1538 354 1610 tantum,
378 1530 448 1595 sed
470 1529 565 1595 deos
588 1531 708 1595 etiam
729 1551 800 1594 suo
824 1528 973 1595 honore
990 1529 1247 1598 fraudaturi?

94 1639 169 1705 Non
201 1646 311 1723 potest
342 1639 377 1702 in
409 1637 471 1703 1111
502 1638 761 1720 interrogatione
790 1637 897 1701 omitti
924 1638 1060 1702 verbum
1094 1640 1247 1706 substan·

93 1748 212 1826 tivum,
257 1748 369 1831 primae
407 1747 591 1830 praesertim
633 1753 691 1811 aut
724 1745 876 1810 secundae
909 1766 1066 1828 personae.
1121 1748 1248 1831 ltaque,

95 1856 160 1921 nisi
193 1855 273 1938 quid
304 1861 465 1938 praeterea
503 1854 613 1920 mendi
652 1860 716 1933 est,
757 1853 879 1919 excidit
917 1876 1060 1920 sumus.
1105 1856 1247 1941 Excipit,

95 1965 211 2049 paucis
234 1963 430 2042 interiectis,
458 1962 527 2027 haec
551 1962 715 2027 sententia
737 1959 768 2044 (ἓ
794 1961 864 2042 11);
895 1959 1045 2029 Consul
1068 1965 1247 2047 profici·

96 2092 215 2138 scens
236 2107 280 2116 -
301 2072 341 2136 in
363 2070 612 2154 provinciam
636 2076 674 2135 et
696 2070 743 2134 ad
773 2068 926 2134 bellum
948 2077 1043 2136 vota
1070 2071 1248 2159 11101ρί-

96 2178 200 2245 tolio
223 2186 445 2263 nuncupat;
467 2178 608 2256 victor,
631 2184 875 2261 perpetrato
899 2178 1048 2258 eodem,
1072 2182 1112 2246 in
1135 2179 1248 2267 Capi·

96 2287 202 2354 tolio
225 2286 481 2371 triumphans
503 2286 552 2351 ad
569 2286 729 2351 eosdem
748 2285 854 2364 deos,
878 2287 1025 2369 quibus
1043 2296 1137 2355 vota
1155 2312 1249 2356 nnn-

96 2396 277 2488 cnpavit,
310 2397 456 2460 merita
484 2394 586 2459 dona
615 2395 762 2478 populi
785 2394 950 2459 Romani
973 2398 1247 2465 transvehens

97 2504 217 2570 redit.
253 2502 306 2568 Sic
329 2505 415 2568 anim
432 2502 641 2588 Kreyssigius
661 2503 801 2586 scripsit,
825 2525 925 2586 quum
947 2504 982 2567 in
1005 2503 1118 2569 codice
1142 2513 1247 2573 esset:

18 2592 22 2598 ¹
97 2613 247 2677 merita
263 2611 449 2694 bonaque
469 2632 522 2695 pr.
541 2611 782 2689 transredit,
807 2632 824 2675 1
843 2633 909 2694 quo
931 2610 1089 2695 Grynaeus
1107 2612 1251 2680 fecerat:

97 2721 246 2785 merita
268 2721 371 2785 dona
392 2718 532 2803 populi
553 2719 722 2783 Romani
750 2719 945 2784 traducit.
991 2719 1055 2785 Sed
1078 2742 1184 2804 nequa
1208 2723 1251 2788 ad

96 2828 219 2894 codicis
252 2827 392 2909 vestigia
424 2828 505 2892 satis
543 2848 646 2910 prope
681 2826 809 2892 accedit
843 2829 1004 2893 correctio
1039 2836 1072 2893 et
1105 2831 1248 2914 populi
1266 2827 1336 2897 (623)

98 2935 266 3000 Romani
296 2933 382 3001 dona
411 2934 442 2998 h.
465 2933 486 2997 1.
510 2935 618 2999 minus
646 2933 815 2999 commode
845 2935 1071 3019 appellantur,
1106 2939 1164 3004 nbi
1190 2940 1251 3004 im·

98 3044 261 3127 peratoris
279 3044 384 3108 exitus
402 3049 436 3107 et
453 3042 580 3108 reditus
599 3049 841 3126 comparantur,
864 3045 897 3107 in
921 3063 988 3125 qua
1006 3047 1251 3129 comparatione
1266 3092 1269 3105 ,

97 3151 213 3234 ipsius,
236 3158 275 3215 ut
297 3158 388 3230 vota,
412 3151 460 3216 ita
483 3150 571 3216 dona
594 3158 680 3221 sunt.
714 3150 805 3215 ldem
829 3171 922 3216 error
940 3152 994 3216 hio
1016 3160 1165 3218 versatus
1189 3162 1249 3236 est,

97 3279 162 3341 quo
185 3280 212 3324 c.
239 3262 286 3338 14,
316 3263 333 3323 3
368 3279 407 3323 ex
440 3280 511 3342 pro
544 3257 670 3323 factum
697 3266 748 3324 est
781 3280 836 3342 pr.
883 3259 994 3325 Livius
1029 3261 1116 3326 onim
1149 3263 1250 3346 scrip-

98 3373 201 3432 serat:
235 3368 380 3432 merita
402 3367 505 3432 dona
527 3374 681 3448 partar’a
704 3367 815 3431 redit
843 3365 919 3449 (nisi
942 3369 1015 3453 quis
1045 3389 1084 3434 ex
1107 3391 1180 3453 que
1204 3369 1250 3436 ef-

96 3474 194 3540 ficere
217 3494 295 3559 prae
318 3474 395 3555 vult,
418 3482 456 3540 nt
480 3475 523 3539 sit
545 3473 823 3559 praeportans).
870 3474 934 3540 Sed
956 3483 1106 3560 superest
1128 3478 1249 3561 pusilla

97 3603 165 3664 res;
186 3604 264 3647 nam
286 3590 529 3667 perpetrato
552 3581 690 3647 eodem
707 3604 767 3666 pro
785 3603 830 3648 eo
848 3585 964 3649 vitiose
982 3584 1103 3649 dicitur
1120 3585 1176 3667 (—
1192 3608 1249 3652 ne·

99 3698 162 3774 que
184 3692 270 3756 enim
287 3691 468 3776 quidquam
486 3691 577 3756 aliud
596 3691 635 3756 de
653 3691 739 3756 bello
757 3699 869 3756 actum
887 3693 1045 3775 praecedit
1059 3692 1122 3773 -),
1143 3701 1176 3758 et
1193 3715 1249 3759 ne-

98 3800 240 3865 cessario
274 3807 436 3884 praeterea
469 3807 603 3884 propter
636 3802 814 3884 repetitum
842 3801 876 3864 in
900 3801 1071 3865 sententiis
1100 3800 1186 3867 inter
1214 3824 1248 3869 se

96 3909 210 3974 relatis
228 3906 383 3993 Capitolii
400 3930 517 3974 nomen
536 3908 700 3974 cohaerent
720 3907 803 3972 haec:
827 3908 965 3973 eodem
983 3909 1021 3973 in
1040 3907 1248 3992 Capitolio
1268 3909 1272 3915 ’

98 4015 145 4097 (in
179 4038 244 4100 quo
277 4020 355 4081 vota
392 4015 624 4099 nuncupavit),
665 4015 873 4082 scribendum
913 4024 964 4081 est
1000 4017 1117 4100 igitur:
1157 4039 1248 4102 per·

97 4130 261 4207 petrato
285 4145 328 4189 ao
353 4123 529 4206 (belloi),
558 4123 698 4190 eodem
722 4126 761 4188 in
785 4123 993 4207 Capitolio
1017 4132 1078 4189 cet.
1132 4124 1248 4210 Sequi·

96 4237 166 4311 tur,
206 4234 361 4318 quoniam
399 4234 434 4299 in
475 4231 491 4316 ξ
533 4236 570 4296 12
605 4240 639 4298 et
680 4237 718 4296 13
757 4232 838 4297 1111111
875 4253 965 4298 novae
1007 4233 1247 4299 emendationis
