2994 5108
216 489 279 545 Lib.
298 487 395 544 XLIV.
762 475 824 577 (illd

218 663 368 747 primum,
386 667 504 744 postea
519 666 628 724 sutem
648 659 824 742 aliquoties
841 658 995 724 obiicitur
1005 679 1124 725 nomen
1136 655 1259 724 fluvioli
1271 660 1360 742 quin·

218 790 282 853 que
303 768 450 834 millibus
471 789 629 852 passuum
650 767 693 833 ab
716 766 778 832 Dio
802 766 845 832 ed
865 765 1034 831 meridiem
1062 788 1177 833 versus
1200 767 1360 847 distantis,

218 877 262 942 od
294 898 392 960 quem
424 876 564 942 Perseus
597 883 705 941 oastm
738 882 772 941 et
799 880 922 954 ‚oontm
943 873 980 951 Q.
1004 874 1164 941 Marcium
1193 881 1228 941 et
1248 882 1362 960 postes

218 991 335 1051 contra
369 985 405 1049 L.
438 984 606 1049 AEmilium
638 983 763 1049 habuit
813 982 846 1049 Is
878 983 913 1047 in
945 980 1147 1049 editionibus
1180 983 1364 1068 appellatur

217 1093 407 1177 Enipeus.
451 1089 562 1157 Codex
595 1090 626 1156 h.
650 1091 672 1156 l.
695 1091 817 1176 Enipi
844 1089 959 1170 habet,
993 1092 1141 1175 proximo
1168 1093 1280 1177 capite
1307 1092 1364 1177 §t

218 1200 420 1285 Elipeum,
443 1220 469 1265 c.
494 1204 544 1279 20,
567 1204 585 1264 3
608 1200 743 1284 Epela,
767 1219 794 1265 c.
819 1202 869 1276 26,
893 1203 912 1264 ὁ
935 1197 1087 1283 Elpeio,
1110 1221 1137 1265 o.
1161 1202 1213 1279 32,
1238 1204 1279 1264 10
1300 1200 1364 1266 El·

218 1309 299 1394 pei,
323 1329 349 1374 o.
374 1312 423 1388 35,
447 1311 465 1373 7
489 1314 523 1373 et
545 1312 564 1372 8
587 1307 706 1392 Elpei
728 1329 755 1373 e.
780 1312 830 1386 39,
853 1310 872 1372 9
895 1306 1092 1391 Elpeinm,
1115 1327 1143 1372 c.
1161 1311 1214 1387 23,
1237 1312 1256 1372 7
1279 1308 1364 1374 Eni-

218 1417 318 1501 peio,
342 1438 368 1482 c.
392 1418 443 1495 27,
466 1422 486 1481 4
510 1416 710 1500 Enipeum,
734 1417 792 1482 sed
815 1415 1055 1500 5Nelpeum.
1089 1414 1289 1507 Comparate
1307 1417 1364 1484 Zo-

217 1544 307 1605 nara,
330 1524 419 1608 apud
442 1546 539 1609 quem
560 1524 615 1604 IX,
638 1529 677 1590 23
701 1526 745 1610 (p.
769 1529 832 1589 457
854 1522 949 1605 Duc.)
965 1528 1077 1596 Ἕλειιος
1097 1525 1236 1605 dicitur,
1265 1544 1363 1612 appa·

217 1639 270 1699 ret
292 1632 450 1717 Elpium
472 1640 531 1698 aut
552 1632 718 1717 Elpeum
740 1652 761 1698 a
781 1631 874 1698 Livio
896 1630 1101 1716 appellatum
1122 1653 1206 1700 esse.
1249 1633 1365 1721 Enipei

218 1742 329 1806 notius
352 1761 470 1807 nomen
492 1762 513 1805 a
536 1740 684 1826 Grynem
706 1761 802 1824 quem
825 1741 950 1824 primus
971 1740 1099 1806 librarii
1115 1762 1210 1807 error
1227 1742 1362 1827 decepit,

219 1870 236 1915 e
259 1848 431 1915 Thessalia
457 1849 492 1913 in
518 1848 745 1915 Macedoniam
773 1848 972 1915 translatum
995 1848 1089 1931 est.¹)
1134 1849 1291 1916 Extremo
1314 1871 1364 1916 ea·

219 1959 288 2042 pite
311 1955 343 2041 (ἓ
366 1962 396 2037 i,
419 1957 477 2023 ubi
499 1957 784 2024 Weissenbomius
807 1958 996 2041 occupavit,
1029 1956 1119 2041 quod
1146 1976 1208 2040 ego
1237 1978 1364 2042 quoqne
1419 2037 1422 2043 ⁴

219 2067 436 2146 coniecerem,
470 2065 694 2151 obseptum
715 2066 796 2131 iter
823 2085 863 2130 ex
886 2064 1007 2131 codicis
1035 2066 1202 2149 scripture
1222 2065 1363 2151 hospe-

220 2180 446 2258 setseptum
479 2173 573 2255 iter)
606 2174 639 2239 in
673 2174 725 2239 his
753 2172 1130 2246 verbis2'extrehere
1162 2173 1364 2259 reliquum

219 2289 377 2366 tempus
400 2283 665 2348 eius-aestatis
687 2283 727 2347 in
748 2283 879 2348 animo
902 2281 1096 2362 habebat,
1124 2282 1245 2348 vitiose
1268 2283 1363 2349 abun·

220 2390 278 2455 dat
300 2391 404 2471 eius;
426 2391 461 2456 in
483 2390 595 2457 codice
619 2398 671 2456 est
697 2390 1090 2475 tempuseaaestatis,
1118 2391 1297 2473 geminatis
1318 2411 1363 2458 er·

218 2520 292 2564 rore
314 2499 433 2564 litteris
455 2519 509 2564 ae.
747 2583 749 2587 ἢ

303 2604 382 2691 Cap.
406 2613 435 2684 9,
458 2612 478 2671 8
507 2606 578 2688 (ubi
600 2607 795 2672 describitur
817 2607 973 2672 circensis
998 2605 1118 2672 ludicri
1145 2608 1180 2672 in
1203 2608 1364 2675 testudine

219 2713 389 2780 efficienda
421 2715 541 2781 bellica
572 2716 606 2779 iu
629 2716 872 2799 oppugnatione
894 2714 1045 2781 Heraclei
1080 2715 1238 2797 imitatio)
1273 2722 1365 2782 antea

218 2825 264 2887 sio
293 2823 466 2888 edebatur:
507 2823 610 2887 Huic
643 2823 845 2888 testudini
880 2823 1090 2889 simillima
1124 2825 1236 2907 parti
1269 2823 1363 2889 muri

219 2933 381 2997 admota
415 2931 500 3013 (cod.
535 2930 738 3013 permota),
773 2953 857 2996 cum
892 2932 1038 2996 armati
1074 2940 1364 3015 superstantes

219 3040 431 3104 subissent
453 3039 539 3120 (cod.
565 3038 835 3122 subipssent),
859 3039 1240 3123 propugnatoribus
1270 3039 1364 3107 muri

218 3147 387 3228 fastigio
421 3147 663 3213 altitudinis
697 3147 976 3229 aequabantur.
1023 3147 1245 3231 Kreyssigius,
1270 3169 1362 3234 quum

218 3258 251 3319 in
275 3256 389 3320 codice
411 3255 549 3321 vidisset
570 3256 686 3321 scribi:
711 3255 813 3320 Huic
835 3256 1003 3321 testudo
1028 3255 1239 3321 simillime
1263 3257 1362 3342 parti

218 3365 332 3442 muri,
366 3370 456 3428 recte
489 3365 725 3429 nominativum
759 3363 952 3444 (testudo)
986 3365 1110 3443 tenuit,
1144 3372 1239 3431 recte
1270 3367 1361 3432 etiam

134 3475 204 3543 (56⁷)
223 3471 455 3536 humillimae
478 3473 587 3555 parti
610 3473 710 3536 muri
733 3473 858 3554 posuit,
886 3492 991 3556 neque
1014 3456 1128 3536 tamen
1158 3474 1363 3540 simillima

218 3578 454 3644 humillimae
482 3579 691 3644 scribendum
713 3579 844 3645 videtur
865 3579 985 3659 luisse,
1007 3580 1066 3644 sed
1087 3586 1236 3647 tantum:
1271 3582 1362 3648 Huic

218 3688 382 3752 testudo
417 3686 565 3752 similis
598 3688 834 3753 humillimae
869 3711 900 3771 p.
923 3710 964 3752 m.
989 3695 1062 3766 cet,
1092 3689 1215 3755 deinde
1244 3699 1360 3756 autem:

218 3817 336 3878 quum
358 3797 503 3860 armati
530 3817 651 3881 super
685 3802 843 3862 stantes
877 3796 1097 3863 subissent.
1143 3797 1263 3881 Neque
1286 3801 1360 3865 enim

218 3905 284 3967 iam
306 3904 549 3987 superstabant,
573 3925 672 3987 quum
693 3904 886 3969 movebatur
908 3904 1050 3984 testudo,
1074 3905 1133 3970 sed
1155 3906 1216 3972 illa
1238 3908 1362 3974 admota

218 4011 400 4077 insilientes
424 4032 523 4093 super
545 4033 611 4089 eos,
635 4012 691 4094 qui
714 4013 817 4076 scutis
841 4033 942 4096 supra
964 4014 1083 4096 capitis
1108 4014 1206 4080 elatis
1229 4016 1360 4089 stabant

244 4262 267 4329 ¹)
288 4262 354 4331 [Sed
381 4265 465 4318 etiam
487 4263 638 4319 Thessaliae
662 4267 751 4320 amnis
773 4267 916 4321 interdum
943 4266 1090 4336 Elipeus
1120 4269 1216 4325 dictum
1243 4272 1357 4332 videtum

287 4349 342 4402 vid.
364 4348 493 4404 Meineke
511 4350 590 4420 praei.
611 4351 700 4405 Strab.
719 4352 772 4406 vol.
791 4352 822 4406 11
838 4371 864 4421 p.
882 4350 929 4421 Ψ]
