2994 5108
686 469 747 531 317
1111 482 1173 536 Lib.
1192 482 1295 536 XXIII.

136 670 312 734 unquam
345 650 514 730 fuimus,
553 652 685 717 tut-rt.
747 654 879 720 Excidit
919 653 1017 719 facile
1051 654 1185 719 futuri
1219 663 1294 736 post

135 757 294 824 inimus.
344 759 408 837 Qui
434 760 569 842 possit
597 759 797 827 addiderunt
825 763 1053 846 (impetrari
1081 762 1129 827 ab
1158 762 1296 828 Roma·

135 867 199 931 nis
232 866 400 949 possit),
435 888 500 933 nou
534 868 849 949 animadverterunt,
884 870 977 953 sequi
1014 869 1135 935 debere
1169 876 1229 934 aut
1255 871 1294 934 iu

135 975 275 1057 gratia
297 995 387 1041 esse
410 981 469 1040 aut
491 977 615 1041 simus
638 975 779 1042 futuri.

224 1079 303 1166 Gap.
332 1087 366 1162 9,
401 1087 419 1147 3
454 1083 502 1164 (in
535 1081 661 1149 Calavii
695 1086 800 1168 patris
834 1086 984 1151 oratione
1017 1084 1120 1149 filium
1154 1105 1175 1149 a
1207 1084 1294 1150 orode

135 1188 335 1257 Hannibalis
355 1191 517 1256 tentanda
540 1192 775 1273 dehortantis):
810 1192 949 1259 Paucae
977 1192 1082 1258 horae
1106 1200 1212 1271 suut,
1240 1195 1295 1259 in·

136 1304 202 1364 tra
228 1318 330 1380 quas
359 1299 545 1365 iurantes
574 1321 645 1383 per
672 1300 875 1386 quidquid
904 1301 1067 1366 deorum
1090 1308 1166 1380 est,
1200 1302 1294 1367 dex-

137 1411 208 1472 tra
236 1406 406 1472 dextras
434 1408 654 1490 iungentes
683 1406 812 1474 fidem
841 1409 1152 1488 obstrinximns,
1185 1445 1229 1454 —
1251 1417 1294 1474 ιιι
1340 1466 1342 1470 .

138 1520 322 1580 sacratas
344 1513 428 1580 iide
452 1536 590 1581 manns
613 1516 793 1599 digressi
815 1538 836 1581 a
858 1517 1068 1599 colloquio
1092 1517 1294 1600 extemplo

136 1622 174 1689 in
202 1643 289 1688 oum
317 1624 590 1688 armaromus?
624 1621 677 1688 Sic
711 1624 813 1689 edunt
842 1626 918 1690 inde
946 1605 1171 1701 aGrouovio‚
1206 1624 1294 1688 codi-

138 1729 229 1796 cibus
268 1730 459 1797 melioribns
498 1731 782 1797 consentientibus
816 1732 893 1813 (nisi
926 1733 1016 1814 quod
1049 1732 1199 1796 mansis
1233 1754 1293 1815 pro

137 1859 274 1905 manus
302 1839 487 1920 scribitur),
521 1840 633 1921 itaque
657 1847 827 1919 enarrant,
862 1847 899 1905 ut
921 1841 969 1905 rei
991 1847 1135 1905 narratae
1157 1839 1293 1922 adiungi

139 1952 271 2030 putent,
310 1949 438 2013 rariore
472 1946 562 2031 apud
595 1947 732 2013 Latinos
765 1948 885 2032 figura,
923 1948 1219 2030 interrogationem
1253 1947 1294 2013 ds

140 2055 280 2121 actionis
320 2055 474 2132 consilio,
514 2056 658 2138 negandi
697 2063 731 2121 et
769 2055 967 2123 dehortandi
1005 2057 1070 2121 vim
1109 2055 1292 2120 habentem.

138 2161 257 2228 Verum
286 2184 359 2229 eam
380 2163 521 2246 figuram
543 2162 599 2244 (de
622 2185 688 2247 qua
709 2165 847 2247 exposui
869 2163 912 2228 ad
936 2163 1001 2228 Cio.
1020 2162 1060 2228 de
1077 2163 1148 2228 Fin.
1166 2186 1197 2247 p.
1216 2165 1293 2243 248)

138 2291 204 2338 non
232 2271 341 2338 solum
364 2272 475 2337 omnia
496 2272 660 2355 exempla,
696 2272 754 2337 sed
787 2273 835 2336 rei
864 2273 968 2355 ipsius
996 2280 1119 2338 natura
1148 2271 1294 2337 ostendit

138 2377 185 2444 ita
205 2385 339 2444 tantum
360 2380 454 2464 poni,
489 2387 528 2445 ut
560 2379 604 2444 ad
637 2386 680 2445 ut
710 2379 910 2461 adiungatur
939 2402 1118 2463 pronomen
1148 2387 1207 2446 aut
1236 2380 1294 2445 ad·

139 2486 286 2552 serbium
319 2488 613 2571 interrogationem
645 2487 795 2553 indicans
824 2487 936 2571 (quid
970 2494 1027 2567 nt,
1061 2488 1127 2553 ubi
1160 2495 1218 2567 ut,
1235 2496 1294 2575 Ιιιι

140 2613 215 2678 quo
238 2594 336 2676 -?),;
368 2616 476 2679 neque
505 2597 592 2660 euim
620 2594 718 2660 aliter
748 2595 965 2660 animadverti
987 2595 1096 2679 figura
1119 2603 1153 2661 et
1175 2617 1196 2660 a
1218 2617 1295 2661 vera

139 2702 267 2768 consilii
289 2703 527 2785 significatione
551 2702 709 2786 distingui
731 2709 879 2785 poterat,
903 2724 1010 2784 neque
1033 2704 1096 2769 hoc
1118 2705 1152 2768 in
1174 2704 1294 2769 Latino

140 2811 244 2894 magis
267 2831 418 2877 sermone
441 2811 635 2876 observatur
657 2831 757 2894 quam
780 2812 813 2875 in
837 2810 962 2889 Gracc,
985 2810 1042 2875 ubi
1066 2811 1170 2876 multo
1194 2811 1295 2876 latius

140 2923 232 3000 patet
265 2917 365 2987 huius
397 2918 510 3002 figuras
544 2920 673 2997 usus.¹)
734 2918 806 2983 Hoc
845 2919 946 3001 igitur
984 2927 1111 2984 remoto
1144 2918 1296 2998 artificio,

140 3031 242 3092 restat
275 3027 310 3090 in
344 3028 511 3110 scriptura
543 3046 609 3091 non
641 3026 842 3110 interpolata
870 3027 926 3108 (-
954 3047 1031 3091 uam
1060 3026 1210 3091 codicum
1239 3025 1296 3091 de·

140 3135 299 3200 teriorum
332 3135 585 3218 depravationes
618 3135 781 3216 attingere
813 3134 931 3199 inutile
965 3141 1017 3198 est
1049 3132 1105 3213 -)
1141 3134 1296 3199 mendum

141 3240 347 3307 manifestum
375 3262 436 3307 uec
464 3250 576 3307 tamen
605 3222 663 3306 aut
689 3240 757 3306 late
782 3248 900 3324 pateus
922 3250 995 3317 aut,
1032 3250 1069 3306 ιιι
1092 3243 1223 3326 opinor,
1252 3242 1295 3306 od

143 3349 367 3433 corrigendum
390 3349 533 3416 difficile.
580 3350 798 3415 Scribendum
820 3356 872 3415 est
894 3351 996 3414 euim:
1029 3350 1169 3414 Pauose
1192 3349 1296 3415 horoe

144 3436 246 3536 sunt,
281 3458 398 3522 intra
426 3479 524 3542 quas
554 3492 592 3503 -
613 3443 741 3523 ¹fidem
770 3457 1078 3524 obstrinximus.
1134 3457 1203 3523 Uis
1232 3477 1296 3523 sa·

145 3573 281 3630 crates
309 3565 393 3631 iide
423 3587 629 3631 manus-
652 3564 853 3648 extemplo
889 3567 927 3629 in
961 3586 1049 3630 eum
1077 3567 1296 3632 armemus?

146 3667 189 3735 lix
210 3679 255 3738 ut
276 3672 340 3739 ieci
363 3675 416 3752 ui,
450 3675 618 3756 geminata
646 3675 742 3739 simul
772 3673 885 3738 littera
914 3673 1067 3755 sequenti
1096 3693 1110 3733 s
1145 3673 1187 3753 (o.
1212 3677 1246 3748 8,
1277 3677 1296 3737 9

148 3775 331 3846 Romanis
360 3789 398 3847 et
427 3803 487 3864 pro
510 3783 701 3848 Romanis
730 3789 792 3847 set
820 3780 950 3846 codices
979 3780 1102 3845 habere
1132 3780 1296 3860 vidimus).

152 3952 195 3965 §.-
200 3960 274 3966 ...-.--
280 3961 286 3965 -
303 3962 313 3966 -
351 3963 354 3966 ⁴
362 3961 372 3967 a

172 4055 194 4121 ¹)
212 4055 471 4127 Weissenbornius,
498 4059 578 4113 cuius
603 4060 726 4114 animum
748 4059 895 4127 scrupulus
917 4057 1051 4128 pupugit,
1079 4055 1163 4108 nimis
1183 4054 1297 4108 fortiter

207 4159 238 4198 se
255 4142 383 4212 expedit,
406 4149 491 4214 negat
513 4162 584 4213 opus
603 4162 662 4198 esse
680 4144 884 4212 interrogativa
901 4159 977 4198 vocs.
1018 4142 1137 4195 Prorsus
1155 4140 1226 4193 nihil
1244 4139 1297 4192 huo

208 4229 334 4299 pertinet
351 4227 441 4297 figura
458 4230 587 4286 absolute
604 4240 655 4299 pet
673 4236 707 4284 ut
725 4229 919 4300 interrogandi
934 4228 968 4282 de
983 4245 1022 4293 re,
1041 4242 1125 4294 quam
1140 4223 1201 4279 fiori
1214 4240 1297 4292 posse

209 4329 345 4383 negamus
364 4313 412 4380 (tu
429 4321 467 4370 ut
484 4315 559 4382 -?).
