2994 5108
224 492 287 547 Lib.
304 491 393 547 XLII.
768 480 829 541 630

224 671 289 729 sta
311 685 420 729 arma
441 665 506 748 pio
530 665 722 748 iustoque
746 685 785 729 se
808 670 1047 730 tutarentur
1077 662 1202 742 bello,
1238 663 1301 728 vel
1324 663 1368 729 ad

225 779 450 839 extremum
482 807 525 817 —
558 772 680 837 semel
710 779 956 851 statuerent,
991 772 1089 854 quid
1112 771 1305 836 donatum
1328 793 1370 836 ex

226 881 359 946 alieno
383 881 610 945 Masinissae
639 879 800 945 uellent.
847 880 1013 946 Orationis
1036 879 1142 944 forma
1165 880 1370 965 apertissime

224 989 379 1072 postulat,
403 995 440 1052 ut
462 987 531 1052 haee
554 993 712 1069 quattuor
734 989 835 1052 verba
857 990 1053 1058 sinerent,
1079 988 1370 1072 disceptarent,

224 1099 523 1180 permitterent,
549 1103 778 1160 statuerent
801 1096 844 1161 ad
867 1097 953 1162 idem
977 1098 1159 1161 subiectum
1175 1096 1370 1175 referantur,

225 1206 399 1269 Romanos.
430 1203 550 1277 Verum
568 1203 705 1267 Romani
728 1205 833 1287 apud
857 1207 982 1270 socium
1006 1205 1164 1289 populum
1188 1205 1372 1290 disceptare

224 1333 288 1376 uon
310 1319 477 1395 poteraut:
513 1312 545 1375 id
577 1313 661 1376 enim
691 1333 803 1376 eorum
827 1300 887 1391 est,
911 1315 967 1398 qui
991 1335 1122 1378 causam
1147 1335 1241 1377 suam
1265 1311 1373 1397 agunt,

224 1419 345 1504 populo
369 1420 457 1484 socio
481 1419 658 1484 iudicante.
702 1421 739 1484 In
762 1421 874 1487 codiee
897 1434 961 1487 est:
990 1431 1033 1485 nt
1055 1421 1119 1485 uel
1143 1444 1188 1486 er
1212 1443 1312 1506 equo
1334 1424 1373 1487 iu

224 1529 375 1592 socium
397 1526 679 1612 populumque,
704 1529 799 1611 quid
822 1532 1017 1612 cuiusque
1042 1539 1152 1595 esset
1169 1531 1372 1613 discepta-

223 1644 320 1701 rent.
374 1634 588 1700 Scribeudum
622 1637 722 1718 igitur
755 1646 807 1701 est
840 1638 893 1719 (de
928 1639 1113 1715 Romanisl:
1149 1646 1194 1702 ut
1227 1639 1292 1702 vel
1326 1660 1371 1703 ex

223 1765 333 1826 aequo
356 1745 463 1809 iuter
485 1765 617 1826 rege-m
641 1746 790 1809 socium
814 1747 1097 1830 populumque.
1122 1769 1152 1830 q.
1177 1767 1204 1810 c.
1228 1768 1267 1825 e.‚
1291 1746 1373 1812 dis-

223 1860 447 1938 ceptarent.
503 1851 606 1917 Paulo
641 1860 716 1916 ante
762 1851 792 1935 (ξ
828 1857 845 1917 3
881 1863 913 1918 et
947 1855 979 1935 4)
1021 1856 1069 1918 sio
1109 1856 1373 1938 interpungenda

223 1963 328 2028 oratio
351 1968 416 2027 est:
441 1959 805 2043 Carthaginienses
829 1962 995 2027 foedere
1018 1962 1209 2044 illigatos
1232 1965 1374 2044 silere;

223 2069 438 2154 prohiberi
473 2071 580 2134 euim
614 2078 730 2134 extra
763 2071 868 2135 lines
902 2069 1051 2134 efferre
1088 2092 1211 2151 urma;
1241 2093 1374 2156 quam-

223 2199 339 2263 quam
361 2179 494 2243 sciant
516 2179 556 2241 iu
579 2179 663 2242 suis
687 2178 857 2256 linibus,
888 2180 919 2243 si
948 2178 1039 2243 inde
1063 2177 1259 2244 Numidas
1294 2180 1374 2264 pel·

222 2295 321 2367 rent,
347 2309 386 2351 se
409 2295 600 2367 gesturos
619 2285 786 2366 bellum3
812 2287 986 2368 (correctio
1004 2286 1073 2351 haee
1091 2293 1150 2363 est,
1175 2295 1275 2371 eaput
1293 2286 1373 2352 illud

223 2395 263 2460 de
287 2397 386 2459 armis
411 2404 502 2459 extra
524 2395 604 2458 fines
626 2418 691 2458 nou
710 2394 881 2460 efferendis
901 2396 941 2460 ab
961 2394 1023 2459 hae
1047 2416 1082 2459 re
1104 2416 1293 2474 remorens3
1316 2394 1371 2460 sed

222 2504 312 2568 aliud
333 2503 489 2583 rostarez)
513 2502 583 2567 illo
607 2502 713 2567 haud
738 2504 924 2587 ambiguo
949 2505 1087 2588 eapite
1105 2502 1283 2569 foederis
1312 2503 1381 2567 de»

221 2613 384 2689 terreri,
409 2632 482 2693 quo
506 2611 659 2675 diserte
682 2618 874 2676 vetentur
896 2621 957 2678 eet.
993 2613 1145 2678 Fortasse
1165 2613 1268 2676 etiam
1292 2612 1368 2676 sori·

221 2719 365 2783 bendum
389 2719 464 2782 hau
474 2721 492 2783 d
518 2720 717 2800 ambigue,
741 2742 815 2784 nam
841 2727 939 2803 caput
961 2722 1069 2803 ipsum
1091 2741 1155 2783 uou
1181 2720 1366 2802 ambiguum

222 2850 303 2908 esse,
327 2830 513 2894 declaratur
537 2828 693 2892 vocabulo
721 2830 881 2893 diserte.
927 2829 1080 2892 Extremo
1111 2828 1219 2910 capuita
1245 2827 1275 2911 (ξ
1299 2833 1317 2892 9
1339 2838 1369 2890 et

224 2938 276 3016 10)
300 2939 407 3002 editur
432 2939 492 3000 sie:
522 2935 662 2998 Tutum
686 2939 923 3001 servitutem
948 2959 986 3001 se
1012 2937 1095 3005 leod.
1121 2938 1366 3000 iuventutem

221 3047 270 3125 ei)
296 3047 369 3110 sub
395 3046 567 3109 [lerninis
593 3046 783 3109 Romanis
807 3066 920 3128 quam
945 3045 1185 3109 libertatem
1210 3045 1367 3128 exposi-

219 3161 298 3218 taur
333 3155 379 3218 ad
417 3154 591 3216 iniurias
632 3153 858 3218 lliusiuissae
897 3153 1027 3217 malle.
1080 3153 1220 3216 Perire
1264 3174 1366 3217 uam-

221 3285 294 3346 que
320 3262 438 3326 semel
463 3263 556 3343 ipsis
581 3264 711 3325 satius
737 3283 824 3325 esse
849 3284 962 3344 quam
999 3262 1069 3325 sub
1107 3261 1367 3325 acerbissimi

222 3372 306 3451 (eod.
330 3370 610 3447 acerbissimo)
636 3371 852 3434 carnificis
882 3371 1058 3434 arbitrio
1089 3371 1284 3452 spiritum
1306 3367 1366 3432 du·

221 3499 319 3541 cere.
365 3478 477 3542 Causae
512 3479 704 3561 signifieat-io
740 3477 937 3560 (namque)
973 3499 1088 3561 parum
1123 3485 1203 3560 apta
1232 3477 1365 3540 ridetur.

220 3588 373 3667 quonium
390 3609 454 3649 nou
473 3588 558 3649 idem
577 3595 625 3649 est
644 3589 776 3668 perire
802 3586 923 3651 semel
947 3587 1034 3649 etin
1058 3595 1151 3649 tuta
1169 3587 1367 3650 servitute

219 3696 334 3757 vivere.
381 3694 490 3759 Codex
515 3695 629 3759 habet:
665 3697 802 3779 perire
826 3716 957 3778 neque
982 3693 1100 3758 semel
1126 3696 1213 3776 ipse
1239 3694 1366 3757 satius

218 3803 304 3884 ipse
341 3824 426 3866 esse
461 3825 575 3884 apuam
598 3813 659 3866 eet.
705 3802 843 3867 Videtur
866 3803 942 3866 olim
967 3804 1126 3885 seriptum
1150 3801 1265 3866 fuisse:
1301 3800 1368 3865 Pe·

218 3913 300 3974 rire
325 3934 482 3993 quoque
507 3911 628 3974 seruel
653 3913 753 3994 ipsis
776 3913 907 3976 satius
931 3933 1020 3975 esse
1044 3932 1160 3992 quam
1181 3916 1243 3974 oet.
1279 3908 1366 3992 [Rec-

218 4020 282 4082 tius
307 4005 500 4082 Vahleuius:
537 4019 676 4082 Perire
700 4017 897 4101 denique]

133 4125 206 4191 (519)
311 4124 388 4208 Cap.
414 4132 462 4199 24,
490 4134 520 4189 l:
557 4128 811 4211 Interrogari
837 4128 1048 4191 Gulussam
1072 4126 1246 4209 placuit,
1277 4123 1367 4208 quid

220 4234 266 4296 ad
301 4256 345 4296 ea
380 4235 464 4315 [quae
499 4235 598 4317 legati
622 4233 905 4318 Carthaginienses
940 4236 1046 4320 ‹puesti
1071 4237 1180 4316 eruut)
1204 4254 1365 4316 respon·

221 4339 350 4417 deret,
375 4351 459 4415 alit,
485 4344 516 4406 si
540 4345 652 4426 prius
676 4345 830 4422 mallet,
855 4352 1126 4426 expromeret,
1151 4362 1364 4426 superque
