2994 5108
685 464 744 529 381
919 457 924 468 “
1111 475 1173 529 uis.
1192 474 1292 529 xxxx

134 644 354 710 communis
383 645 535 712 relatio
565 644 654 713 fuit.
701 648 807 730 Vulgo
838 647 961 712 editur:
990 682 1031 692 ·-
1056 645 1292 729 praefuerat;

133 751 347 816 consulum
386 755 605 820 communis
650 755 803 822 relatio
850 755 939 819 fuit.
1002 753 1045 818 Et
1087 754 1294 819 desideratur
1351 773 1356 779 ·

135 857 334 941 significatio
357 861 439 939 eius,
462 882 569 944 aquo
595 864 702 928 oratio
726 863 844 929 deinde
866 861 1069 928 transfertur
1090 860 1228 941 adalia,
1260 867 1294 925 11

133 966 347 1032 consulum
370 989 471 1050 pravo
492 967 567 1035 loco
591 972 735 1054 ponitur.
781 970 904 1052 (1863.)
1224 1024 1227 1029 .

221 1072 299 1159 Gap.
314 1078 365 1154 29,
385 1079 419 1140 3:
444 1074 723 1142 circumibant
747 1079 848 1142 enim
867 1077 985 1158 (Siculi
1002 1077 1115 1161 legati)
1134 1082 1293 1142 senato·

135 1203 220 1246 rum
249 1180 385 1248 domos
414 1204 500 1248 cum
521 1192 634 1250 veste
658 1185 835 1264 sordida,
860 1184 1128 1254 adfirmantes
1152 1205 1293 1250 senon

136 1288 249 1357 modo
274 1311 385 1356 suam
402 1293 574 1375 quisque
593 1294 777 1376 patriam,
797 1293 867 1359 sed
883 1299 1009 1358 totam
1028 1290 1214 1357 Siciliam
1231 1313 1288 1358 re·
1308 1305 1379 1373 (311)

135 1395 310 1464 licturos
329 1404 390 1463 cet.
413 1398 477 1466 Pro
498 1402 668 1485 quisque
685 1423 788 1485 quum
801 1400 905 1477 Valla,
918 1400 1110 1479 Gronovius,
1123 1398 1294 1465 Creverius

136 1525 329 1588 quemque
348 1507 448 1572 scribi
464 1508 653 1588 voluissent,
667 1511 772 1575 exorti
789 1531 894 1593 nuper
911 1514 998 1586 sunt,
1018 1508 1076 1590 qui
1092 1508 1293 1572 nominativo

135 1611 360 1679 defensionem
378 1624 537 1698 pararent
559 1639 599 1683 ex
616 1618 698 1684 locis
718 1639 854 1701 prorsus
875 1614 1096 1694 dissimilibus,
1118 1616 1152 1679 in
1172 1614 1293 1698 quibus

137 1741 316 1802 pronomen
343 1720 416 1803 (aut
437 1726 666 1809 participium)
695 1727 860 1791 sententia
882 1731 915 1789 et
936 1726 1010 1789 loco
1034 1723 1077 1788 ad
1099 1722 1294 1806 gerundium

139 1835 196 1893 aut
218 1828 381 1896 ablativos
404 1832 574 1900 absolutos
597 1835 766 1917 pertinens
789 1840 908 1910 tamen,
931 1833 1088 1916 quoniam
1111 1831 1163 1895 his
1186 1851 1293 1913 gram

138 1937 257 2034 natiue
280 1936 440 2022 adplicari
461 1943 587 2025 nequit,
610 1962 690 2006 casu
712 1941 983 2006 accommodatur
1005 1939 1049 2003 ad
1072 1939 1116 2017 id,
1140 1939 1182 2003 ad
1205 1938 1294 2021 quod

137 2062 237 2110 uuum
259 2052 378 2128 potest,
402 2051 571 2114 sententiae
594 2049 694 2115 finita
717 2050 902 2114 subiectum
920 2047 972 2127 (ut
987 2046 1042 2125 IV,
1066 2050 1118 2126 31,
1140 2052 1174 2111 2:
1199 2047 1295 2111 Teu·

137 2149 267 2219 dendo
300 2153 349 2219 ad
382 2176 454 2221 sua
486 2158 661 2241 quisque
695 2157 873 2224 consilia
901 2191 944 2200 —
974 2161 1226 2238 aperuerunt
1260 2161 1294 2220 et

133 2255 185 2340 IV,
211 2266 266 2340 44,
293 2265 348 2326 10:
372 2283 493 2349 eausa
514 2266 602 2349 ipse
625 2287 697 2349 pro
722 2287 764 2331 se
788 2265 901 2330 dicta
922 2262 1207 2341 -damnatur,
1230 2262 1294 2330 hoc

128 2377 197 2436 est:
224 2390 328 2452 quum
350 2391 483 2437 causam
505 2374 576 2456 ipse
599 2395 658 2457 pro
681 2395 716 2438 se
735 2373 897 2453 dixisset),
922 2370 976 2454 [de
994 2393 1059 2452 quo
1076 2378 1147 2435 toto
1165 2392 1293 2453 genere,

122 2478 224 2562 quod
253 2479 289 2543 in
312 2479 422 2544 Gram.
445 2480 518 2545 Lat.
543 2481 559 2564 ξ
588 2487 651 2546 428
674 2486 740 2547 not.
763 2487 784 2544 4
807 2480 996 2545 brevissime
1024 2479 1292 2561 significaveram,

111 2600 224 2654 nuno
252 2586 419 2652 uberrime
447 2591 584 2672 exposui
607 2591 641 2653 in
664 2588 828 2654 volumine
852 2589 1165 2652 commentationum
1187 2587 1294 2671 philo·

105 2687 320 2780 logicarum
341 2695 533 2760 Germanice
556 2697 646 2762 edito
669 2717 699 2761 a.
726 2700 807 2759 1875
830 2717 861 2779 p.
886 2699 948 2760 365
973 2692 1076 2778 sqq.];
1105 2694 1158 2759 hic
1182 2697 1293 2777 quis·

97 2819 203 2885 que
230 2801 350 2882 habet,
378 2822 445 2886 quo
468 2805 653 2870 necessario
675 2804 849 2882 referatur,
877 2824 927 2880 se,
956 2802 1062 2867 tribus
1085 2809 1162 2866 ante
1186 2801 1293 2866 verbis

92 2907 334 2995 praecedens.
385 2910 472 2976 Nam
501 2912 591 2996 quod
619 2912 753 2995 quidam
784 2912 957 2992 quisque
986 2930 1045 2992 pro
1068 2908 1293 2974 indeclinabili

84 3018 292 3086 ablativis
319 3018 481 3085 absolutis
510 3020 677 3103 interponi
699 3040 797 3102 posse
819 3024 979 3102 putarunt
1003 3015 1183 3098 (debebant
1205 3018 1291 3098 ipse

79 3125 347 3211 adiungere),
374 3134 527 3209 apparet,
557 3149 656 3212 quam
686 3128 896 3210 perspicuam
918 3125 1109 3190 nominativi
1132 3125 1293 3188 rationem

66 3242 155 3308 in
186 3234 249 3313 iis,
278 3253 361 3315 quos
384 3233 463 3313 dixi,
492 3234 576 3300 locis'
596 3257 660 3300 non
684 3234 922 3313 intellexerint3
949 3234 1062 3315 itaque
1084 3231 1292 3315 relinquitur,

64 3360 203 3439 quo
228 3341 392 3408 mirabilis
420 3342 479 3407 illa
508 3342 660 3432 doctrina
687 3345 829 3422 nitatur,
859 3364 942 3406 unus
970 3341 1026 3405 ille
1048 3340 1158 3419 locus,
1188 3361 1293 3424 equo

56 3453 219 3527 nata
244 3455 280 3514 et
307 3448 351 3514 ad
378 3471 477 3535 quom
505 3453 656 3537 exposita
684 3459 734 3516 est
762 3449 931 3532 (traducta
958 3451 1059 3514 etiam
1090 3470 1111 3514 a
1139 3448 1292 3532 Zumptio

58 3571 150 3636 in
200 3558 469 3639 grammaticam),
498 3558 647 3626 Sallustii
669 3560 703 3624 in
726 3559 796 3641 Iug.
823 3563 871 3638 18,
902 3562 930 3637 3,
958 3556 1015 3621 ubi
1038 3563 1097 3621 aut
1119 3559 1293 3641 quisque

55 3676 201 3762 pto
231 3664 467 3750 quibusque
500 3669 645 3751 positum
679 3667 825 3732 ablativo
860 3686 940 3730 casu
974 3665 1202 3748 accipiendum
1236 3670 1294 3728 aut

50 3764 371 3863 quibusque
400 3774 609 3842 scribendum
637 3796 724 3855 esse,
751 3774 911 3839 vidissent
941 3779 1163 3852 enarratores,
1194 3772 1221 3835 si
1244 3778 1294 3835 at·
1360 3814 1363 3821 -

45 3872 336 3962 tendissent
368 3904 436 3948 non
465 3885 614 3967 singulos
643 3883 690 3948 ibi
718 3881 896 3966 significari
919 3880 1067 3947 homines
1091 3881 1132 3945 de
1154 3879 1292 3962 imperio

42 3983 388 4069 contendentes,
417 3992 476 4057 scd
502 4000 616 4077 gentes
638 3998 672 4058 et
693 3990 850 4074 populos,
881 3988 1064 4073 exquibus
1087 3987 1292 4071 compositus

38 4089 292 4163 Herculis
316 4100 479 4166 exercitus
501 4100 631 4182 fuisset3
659 4101 773 4183 itaque
796 4098 918 4183 plurali
941 4118 1075 4161 numero
1099 4094 1179 4160 sibi
1201 4093 1292 4178 qui·

31 4214 71 4273 q
87 4211 134 4253 ¹²
150 4209 188 4253 θ
239 4206 415 4290 imperium
437 4209 561 4292 petisse
585 4209 750 4274 dicuntur.
800 4207 932 4289 (Iustini
960 4205 1054 4270 locus
1076 4202 1195 4280 XXIX,
1222 4205 1292 4280 l,8

26 4300 94 4359 51²
155 4315 391 4382 1¹lolioribus
413 4317 585 4383 codicibus
609 4317 706 4381 aliter
728 4315 885 4381 scribitur
907 4313 997 4398 apud
1019 4312 1191 4394 Ieepium.)
1236 4309 1294 4374 Aa·
