2994 5108
226 470 288 524 Lib.
307 471 433 526 xxvm.
773 461 836 520 414

227 646 261 709 in
295 645 389 710 codd.
420 652 471 710 est
504 665 575 709 nec
608 644 685 708 tibi
719 644 759 708 in
793 666 850 708 me
886 665 960 708 neu
989 642 1092 708 mihi
1125 681 1169 690 —
1196 643 1267 723 sit,
1302 664 1385 728 quo-

228 755 317 817 niam
345 774 418 817 uec
446 789 489 798 —
518 774 593 817 neu
627 753 660 816 in
689 751 907 835 prohibendo,
942 754 975 817 in
1005 753 1068 818 hac
1096 754 1282 837 praesertim
1303 752 1387 825 ‚bre-

227 863 330 926 vitate
364 862 541 936 orationis,
579 858 751 924 ferendum
790 881 855 924 non
895 861 1026 926 videtur
1065 883 1172 945 neque
1209 860 1387 926 librarium

227 991 305 1034 neu
333 990 393 1052 pro
420 989 494 1033 nec
522 968 692 1050 scripsisse
714 968 783 1031 veri
811 967 917 1033 simile
941 977 1007 1049 est,
1040 968 1212 1054 Ussingius
1234 989 1309 1034 neu
1344 1003 1386 1014 —

227 1098 303 1142 neu
338 1076 439 1141 scribi
475 1076 580 1140 iussit.
637 1072 654 1157 ξ
685 1078 723 1138 19
757 1076 944 1140 necessario
978 1098 1039 1158 pro
1073 1079 1206 1161 possit
1237 1076 1388 1142 scriben-

230 1185 306 1249 dum
335 1192 386 1248 est
413 1189 555 1267 posset
576 1183 610 1246 in
633 1182 696 1247 hac
720 1184 880 1248 orationis
902 1183 1023 1249 forma:
1053 1191 1260 1251 cresceret
1286 1185 1387 1251 mihi

230 1314 275 1356 ex
309 1313 352 1356 eo
387 1293 476 1375 ipso
513 1290 685 1367 fiducia,
720 1290 827 1373 quod
860 1300 999 1375 posset
1028 1328 1083 1373 -‚
1119 1300 1275 1358 tantum
1301 1315 1387 1359 mo·

228 1400 352 1464 menti
376 1421 484 1479 esse3
507 1398 594 1463 idem
616 1399 771 1463 mendum
794 1420 880 1482 saepe
902 1401 1024 1466 notavi.
1069 1401 1174 1482 1863.)

293 1490 392 1591 Cap.
415 1513 466 1586 44,
491 1511 524 1570 6:
554 1506 638 1572 Una
661 1513 700 1570 et
721 1507 943 1573 traiecisse
967 1530 1023 1574 me
1046 1509 1234 1574 audietis
1258 1514 1298 1573 et
1322 1531 1389 1574 ar·

230 1616 323 1681 dere
345 1615 456 1680 bello
479 1613 657 1679 Africam
681 1620 720 1679 et
741 1615 974 1680 molientem
996 1617 1087 1682 hinc
1109 1616 1388 1682 Hannibalem

230 1732 269 1789 et
299 1723 484 1788 obsideri
514 1721 810 1802 Carthaginem.
861 1722 1059 1789 Gravissime
1083 1723 1219 1790 offendit
1240 1724 1314 1789 haec
1336 1726 1388 1789 in·

229 1832 403 1914 aequalitas
437 1830 693 1895 enumerationis
726 1834 760 1894 et
793 1830 997 1913 partitionis:
1032 1839 1071 1896 et
1099 1831 1245 1897 ardere
1271 1867 1318 1878 —
1347 1838 1390 1897 ct

229 1938 464 2004 molientem
485 1945 591 2002 —et
625 1936 823 2002 obsideri.
869 1938 954 2003 Nam
984 1939 1069 2004 alius
1103 1940 1232 2023 generis
1266 1945 1321 2004 est
1353 1940 1389 2005 in

229 2047 331 2125 XXX,
361 2051 410 2126 18,
436 2051 473 2110 13
498 2045 710 2110 cadentem
732 2046 979 2129 auferrique,
1003 2049 1157 2131 quoniam
1181 2047 1304 2113 dicitur
1326 2068 1389 2131 per

230 2176 265 2220 se
287 2156 403 2220 video
427 2154 650 2232 cadentem,
678 2174 743 2217 non
767 2153 888 2218 dicitur
909 2153 972 2219 hac
996 2154 1236 2237 siguIficatione
1260 2155 1387 2221 audio

230 2262 472 2328 molientem.
517 2262 622 2326 Aliter
645 2262 745 2325 etiam
768 2261 854 2342 XXI,
878 2266 929 2340 33,
953 2266 972 2324 2
996 2269 1029 2326 et
1052 2262 1231 2342 XXXVIII,
1254 2268 1310 2341 40,
1335 2268 1387 2329 10.

230 2370 397 2435 Praeterea
418 2392 485 2434 non
507 2374 597 2433 recte
619 2369 814 2434 Hannibalis
837 2369 965 2434 molitio
989 2371 1213 2454 interponitur
1231 2391 1271 2436 ex
1289 2392 1387 2454 aequo

162 2487 164 2491 ’
230 2477 343 2556 rebus,
373 2498 457 2560 quas
486 2476 527 2540 ab
556 2478 628 2559 ipso
658 2477 810 2561 Scipione
838 2479 871 2541 in
894 2476 1006 2542 Africa
1034 2478 1104 2561 geri
1125 2479 1268 2543 Romani
1291 2478 1388 2544 audi·

229 2585 295 2649 turi
326 2591 412 2649 sunt.
468 2584 626 2668 Suspicor
653 2585 778 2649 Livium
808 2586 994 2668 scripsisse:
1029 2593 1070 2650 et
1098 2585 1244 2650 ardere
1272 2586 1388 2651 bello

229 2692 410 2757 Africam
450 2699 502 2770 et,
541 2692 738 2756 moliente
778 2693 871 2757 binc
909 2692 1160 2773 Hannibale,
1200 2693 1388 2758 obsideri

230 2799 533 2884 Carthaginem.
590 2800 675 2864 Dum
715 2800 757 2863 ad
796 2799 876 2864 belli
909 2801 942 2864 in
976 2799 1085 2865 AfrIca
1119 2802 1268 2866 ardentis
1303 2823 1388 2866 nun·

228 2910 311 2973 tium
334 2907 501 2973 Hannibal
531 2929 570 2971 ex
594 2907 692 2971 Italia
720 2929 793 2971 cum
817 2907 943 2973 difficili
966 2909 1132 2973 molimine
1154 2908 1262 2972 redire
1287 2929 1388 2974 cona·

228 3023 297 3096 tur,
333 3019 398 3081 iam
427 3015 633 3081 obsidebitur
657 3014 831 3096 Carthago.
868 3015 990 3097 (1876.)
1036 3015 1388 3099 [1111οά186310οω-

228 3145 354 3187 reram:
390 3124 568 3187 Africam
605 3123 862 3187 emolientem
892 3131 962 3202 cet,
986 3146 1051 3187 non
1076 3124 1198 3188 dicitur
1222 3125 1389 3190 emoliri

226 3232 289 3295 nisi
314 3231 354 3295 de
378 3253 430 3310 eo,
466 3230 553 3313 quod
580 3231 707 3313 aliquid
736 3252 775 3293 ex
805 3252 839 3294 se
869 3232 986 3295 eiicere
1016 3238 1169 3311 conatur,
1205 3238 1239 3296 et
1267 3255 1310 3298 ne
1339 3235 1389 3300 sic

228 3339 358 3422 quidem
382 3339 446 3403 nisi
469 3338 630 3422 perraro]

313 3445 391 3527 Cap.
420 3450 475 3524 45,
513 3451 551 3508 10
579 3453 754 3529 postquam
784 3446 895 3510 Livius
925 3447 965 3510 dc
995 3447 1167 3510 consulum
1198 3448 1231 3509 in
1261 3468 1390 3513 annum

227 3555 288 3616 205
312 3555 489 3636 provinciis
514 3554 596 3617 dixit
619 3553 674 3633 (-
697 3576 772 3618 narn
795 3561 973 3636 praetorum
995 3555 1180 3637 provincIas
1203 3555 1272 3617 iam
1297 3577 1325 3622 c.
1346 3560 1390 3622 38

225 3660 383 3725 indicavit
406 3662 460 3741 —)
491 3669 524 3726 et
554 3661 594 3725 de
617 3663 755 3744 imperio
778 3662 874 3725 alteri
898 3683 937 3725 ex
960 3662 1138 3745 superioris
1161 3663 1239 3725 anni
1265 3683 1392 3730 consu·

225 3767 313 3832 libus
335 3776 524 3851 prorogato,
553 3769 697 3833 breviter
719 3769 788 3833 haec
812 3769 961 3833 subiicit:
992 3777 1031 3833 et
1054 3769 1206 3833 ceteris
1230 3778 1393 3852 praeter

227 3876 418 3941 consules
441 3883 736 3960 praetoresque,
767 3879 832 3960 qui
856 3876 1111 3941 exercitibus
1135 3878 1392 3960 provinciis·

295 4151 376 4215 sim).
420 4150 454 4203 In
475 4150 614 4220 Scipionis
638 4169 760 4220 persona
782 4153 821 4205 sie
848 4152 968 4217 denique
987 4153 1106 4206 vertitur
1123 4160 1303 4210 momentum
1324 4174 1391 4212 ora·

294 4234 394 4299 tionis,
418 4241 449 4287 ut
472 4243 625 4303 quaeratur,
650 4239 724 4289 sitne
746 4238 772 4289 is
792 4236 898 4306 Scipio,
922 4239 999 4291 cuius
1023 4238 1133 4306 imperii
1151 4238 1260 4293 taedere
1280 4242 1393 4299 milites

295 4323 433 4387 oporteat.
469 4319 554 4374 Nulla
573 4325 616 4373 est
634 4322 663 4373 in
680 4321 733 4375 hac
753 4322 889 4375 orationis
907 4321 997 4376 forma
1014 4324 1152 4392 exceptio.
