3000 5116
677 477 745 542 2⁷7:
1128 489 1191 544 Idb.
1209 489 1285 544 XXI

129 659 246 744 Neque
283 661 370 726 eninr
401 660 546 726 fractum
582 660 745 744 Scipionis
780 661 924 726 animum
952 659 1063 725 Livius
1097 660 1193 739 dicit,
1227 661 1286 725 sed

130 769 312 834 cautiorem
333 768 470 834 iactum.
1140 840 1142 846 ,

215 874 295 960 Cap.
319 880 370 957 54,
401 882 416 940 l
443 875 535 960 quod
556 875 725 941 scribitur:
759 874 880 952 Quem
908 874 980 940 ubi
1008 876 1169 957 equites
1193 897 1286 959 quo·

128 1005 205 1067 que
226 984 406 1065 tegendo
431 985 535 1049 satis
556 983 814 1049 latebrosum
838 981 971 1048 locum
992 1018 1036 1028 -
1057 983 1285 1066 perlustra-

127 1093 202 1171 vit,
234 1112 349 1157 vereor
381 1112 425 1156 ne
455 1111 529 1156 curn
556 1091 629 1155 cod.
652 1090 729 1156 Lov.
754 1094 787 1169 3,
822 1089 953 1155 Murato
983 1090 1123 1174 aliisque
1152 1091 1286 1174 equiti

128 1197 340 1264 scribendum
367 1199 421 1264 sit.
478 1197 528 1279 (O.
556 1203 614 1278 48,
647 1205 667 1262 4
694 1198 720 1261 P
749 1198 916 1281 ceterique
944 1197 1096 1262 meliores
1124 1197 1285 1279 equites

127 1327 190 1391 pro
224 1305 382 1389 equiti.)
442 1306 578 1371 Nullum
619 1307 705 1371 enim
737 1326 844 1389 prosae
877 1306 1036 1370 orationis
1070 1311 1196 1369 certum
1229 1325 1285 1370 ex·

127 1411 273 1498 emplum
295 1413 379 1492 novi,
402 1413 460 1478 ubi
483 1413 613 1478 dativus
636 1413 786 1495 gerundii
809 1414 1037 1477 accusativum
1059 1418 1168 1493 regat3
1197 1412 1286 1495 apud

129 1518 326 1586 Sallustium
360 1518 432 1586 Cat.
461 1526 482 1584 4
514 1521 616 1586 verba
648 1522 695 1585 sio
729 1520 910 1585 coherent:
944 1541 1081 1603 agrum
1115 1519 1284 1585 colendo

128 1633 200 1692 aut
221 1627 404 1692 venando
426 1629 547 1693 vitam
572 1648 699 1710 agere,
731 1627 952 1719 servilibus
976 1626 1135 1692 officiis
1158 1628 1284 1691 inten-

126 1741 217 1814 tum,
238 1741 277 1800 ut
298 1734 466 1801 ablativus
490 1737 542 1801 sit.
568 1735 726 1817 (1862.)¹)
770 1735 896 1800 Eodem
918 1736 1026 1818 capite
1051 1733 1067 1816 ξ
1085 1739 1104 1798 6
1123 1733 1177 1816 (de
1194 1735 1284 1801 Sem·

129 1843 249 1925 pronio
271 1862 417 1926 pugnam
440 1843 483 1910 ad
505 1843 660 1908 Trebiam
683 1841 937 1923 committente):
972 1849 1180 1926 postremo
1204 1863 1284 1907 om·

126 1970 198 2015 nes
221 1951 361 2034 copias
384 1950 434 2015 ad
455 1951 712 2017 destinatum
735 1952 925 2015 iam-ante
944 1950 1121 2014 consilio
1140 1949 1283 2015 avidus

127 2058 367 2123 certaminis
400 2057 550 2122 eduxit.
606 2057 720 2140 Neque
753 2057 802 2122 ad
830 2057 1083 2122 destinatum
1112 2057 1283 2122 educere

127 2165 268 2248 copias
290 2163 344 2230 hic
367 2165 477 2248 placet
504 2165 609 2246 (locus
632 2167 719 2230 enim
742 2166 790 2230 sic
813 2164 992 2247 significari
1014 2165 1161 2245 videtur;
1195 2164 1285 2230 Sem·

126 2272 264 2354 pronius
287 2279 397 2338 autem
420 2294 485 2339 non
506 2272 617 2338 locum
640 2274 818 2355 delegerat,
843 2273 910 2352 sed,
933 2295 999 2356 quo
1017 2272 1182 2338 Hannibal
1205 2294 1280 2356 pro·
1299 2288 1369 2356 (226)

125 2378 277 2459 liciebat,
306 2380 437 2461 ruebat)
466 2401 572 2464 neque
601 2380 767 2445 ablativus
791 2380 968 2445 oonsilio
990 2381 1024 2445 in
1047 2381 1199 2446 absoluto
1224 2381 1286 2446 hoc

129 2488 298 2571 participii
325 2509 386 2553 usu
415 2487 564 2567 additus3
599 2489 797 2572 omninoque
831 2486 880 2552 ud
909 2488 1163 2553 destinatum
1191 2510 1284 2555 con·

129 2593 228 2661 silio
250 2592 359 2660 iacere
377 2594 504 2680 aliquid
521 2617 582 2679 pro
606 2617 656 2673 eo,
680 2594 769 2678 quod
791 2602 843 2659 est
866 2595 1074 2661 destinato
1098 2595 1284 2675 oonsilio,

127 2723 266 2786 prorsus
293 2703 465 2787 inusitate¹
479 2703 608 2767 dicitur.
664 2702 756 2766 Idem
783 2704 853 2766 sine
882 2703 982 2767 dubio
1011 2703 1065 2768 hic
1094 2725 1186 2768 error
1213 2725 1284 2769 ver·

127 2815 224 2875 satus
246 2815 312 2890 est,
340 2811 397 2893 qui
419 2810 481 2889 lv,
511 2815 566 2890 25,
596 2794 616 2874 I
644 2808 823 2875 consilia
851 2810 899 2874 ad
927 2809 1078 2875 bellum
1106 2833 1166 2894 pro
1189 2832 1284 2876 con-

126 2917 228 2983 silia
259 2917 307 2982 de
340 2917 450 2983 bello
480 2915 605 2994 effecit,
639 2923 699 2981 aut
727 2938 865 3000 prorsus
893 2918 1018 2981 similis.
1074 2917 1158 2982 Nam
1182 2941 1284 3001 quum

125 3024 239 3089 Lirim
285 3026 486 3109 scripsisset:
531 3046 553 3089 a
591 3022 804 3089 destinato
847 3026 926 3089 iam
971 3032 1064 3089 ante
1104 3023 1282 3090 oonsilio

125 3130 274 3196 avidus
308 3131 561 3210 certaminis,
597 3152 657 3196 suo
690 3131 747 3195 illo
775 3133 1018 3214 praepositionis
1047 3132 1094 3196 ab
1123 3155 1184 3197 usu
1207 3131 1283 3214 (hoo

124 3244 196 3304 est:
231 3236 346 3302 avidus
374 3240 563 3304 certaminis
590 3246 728 3321 propter
751 3240 925 3303 consilium
948 3241 1013 3303 iam
1037 3248 1114 3305 ante
1138 3239 1283 3304 destina·

123 3343 223 3428 tum),
246 3346 452 3427 geminatcd
474 3344 599 3411 factum
622 3353 671 3410 est
694 3346 751 3423 ad,
775 3346 904 3426 deinde,
928 3368 1008 3412 casu
1027 3347 1282 3426 accommodato,

123 3452 395 3519 destinatum.
430 3452 653 3520 Consilium
677 3453 927 3518 destinatum
950 3454 1061 3519 Livius
1085 3455 1168 3520 dixit
1180 3455 1282 3534 XLII,

123 3565 180 3640 48,
206 3565 235 3640 1,
256 3561 306 3626 ab
329 3560 467 3626 eodem
490 3561 669 3626 consilio
692 3559 825 3640 XXXII,
851 3567 899 3640 14,
922 3563 988 3643 8.²)

152 3749 180 3818 ¹)
198 3747 384 3818 [Woelfflinuv
401 3752 510 3806 nullum
528 3751 617 3805 dativi
634 3752 793 3820 exemplum
811 3750 934 3820 profert,
957 3753 1019 3821 sed,
1043 3755 1067 3807 si
1085 3755 1194 3822 equiti
1212 3756 1280 3808 scri-

192 3835 288 3904 batur,
306 3837 432 3904 „totum“
446 3837 605 3905 equitatum
623 3834 783 3903 significari.
802 3834 960 3891 Prudenter
975 3842 1112 3908 cauteque
1126 3841 1283 3909 scripsisset

193 3919 386 3983 coniecturam
415 3920 603 3975 subaudacem
630 3936 703 3986 esse,
730 3921 892 3975 istiusmodi
921 3922 1048 3992 perfugia
1070 3913 1283 3978 eircusationum

193 4007 226 4058 et
250 4004 406 4060 calumnias
433 4006 496 4066 aliis
517 4005 675 4072 relinquere
697 4004 827 4060 debebat
872 4006 984 4075 Eques
1008 4008 1143 4076 singulari
1164 4025 1281 4063 numero

192 4104 282 4158 genus
308 4089 481 4158 signiIicars,
508 4091 552 4145 vel
577 4090 640 4157 ille,
667 4108 751 4158 quem
778 4091 814 4144 ob
838 4091 921 4144 aliam
940 4108 1052 4146 causam
1069 4092 1282 4162 adscripseram,

191 4174 273 4228 locus
291 4190 352 4244 cap.
370 4177 406 4229 48
422 4175 573 4230 admomre
590 4173 722 4243 poterat]

146 4259 176 4327 ⁸)
194 4257 281 4327 Apud
298 4256 464 4315 Ciceronem
482 4260 518 4315 ad
535 4262 595 4314 Att
610 4259 676 4327 XII,
696 4262 736 4328 18,
757 4265 770 4313 1
789 4279 843 4331 pro
862 4278 904 4329 eo,
924 4261 999 4330 quod
1018 4261 1124 4315 editur:
1143 4260 1280 4330 refugio

192 4360 211 4398 a
228 4347 262 4398 te
283 4342 513 4413 admonendo,
540 4345 682 4400 sententia
699 4347 858 4400 necessario
878 4346 1009 4415 requirit:
1037 4346 1177 4416 refugio
1196 4345 1223 4413 (a
1241 4363 1282 4400 re-
