2994 5108
680 479 720 540 45

117 663 209 748 (proz
235 687 256 729 a
278 664 501 750 plerisque,
524 672 561 730 ut
583 663 683 747 legati
708 665 849 731 Romani
872 665 1024 731 dicantur
1047 666 1173 732 dimissi
1196 689 1277 746 esse,

119 773 209 857 quod
233 773 283 838 sic
306 772 453 857 plerique
476 772 728 856 responderent,
755 796 823 839 non
846 773 1062 856 significetur,
1093 775 1183 859 quod
1206 797 1279 841 seu-

119 881 224 948 tentia
247 881 407 966 postulat,
437 881 555 948 modus
579 881 765 947 dimittendi
789 904 863 947 cum
885 883 1053 963 irrisione;
1081 883 1139 948 cfr.
1163 884 1279 964 XXIV,

118 997 148 1068 6,
170 997 207 1056 4:
243 990 485 1072 dimissique
515 997 608 1056 sunt
637 989 685 1056 ab
709 998 914 1074 quaerente
938 1012 1008 1075 per
1031 993 1161 1057 iocum
1183 992 1278 1058 Hie-

116 1120 295 1184 ronymo,
324 1098 378 1178 IV,
399 1102 452 1179 40,
474 1101 503 1178 2,
525 1098 581 1179 111,
605 1103 655 1177 38,
681 1099 743 1181 13),
767 1120 794 1164 c.
821 1106 867 1179 11,
892 1099 929 1163 3*
952 1100 998 1165 de
1022 1108 1136 1167 recto
1161 1101 1195 1183 (a
1218 1102 1278 1181 W„

118 1230 186 1274 non
208 1207 253 1273 ab
274 1206 342 1289 Η.),
366 1228 392 1272 c.
418 1211 468 1287 17,
494 1213 508 1272 l
533 1207 701 1272 necdum
724 1207 900 1291 singulis
916 1244 960 1287 -ε
977 1217 1223 1292 pervenerat
1245 1210 1279 1292 (a

117 1316 187 1397 W.;
208 1314 251 1380 H.
274 1321 364 1380 recte
387 1317 554 1381 revocavit
576 1315 626 1380 ad
649 1314 856 1398 singulos),
885 1339 911 1381 c.
936 1321 987 1396 23,
1019 1322 1036 1381 G
1061 1325 1279 1401 postquam

117 1424 273 1489 structi
302 1423 376 1508 (pro
405 1424 618 1503 instructi3
646 1423 711 1488 rid.
739 1423 782 1489 ad
811 1424 928 1505 XXIV,
953 1431 981 1505 7,
1006 1424 1096 1506 4)¹);
1126 1447 1152 1489 c.
1177 1430 1227 1505 25,
1259 1430 1277 1487 3
1334 1470 1338 1477 -

115 1533 205 1598 rice
235 1533 353 1597 unius
383 1531 438 1614 (de
466 1552 532 1614 quo
560 1531 634 1598 Ioco
664 1531 731 1597 dixi
760 1554 877 1617 supra²
911 1533 968 1597 ubi
992 1532 1032 1598 de
1056 1554 1083 1596 ιι
1106 1534 1221 1599 littera
1243 1536 1278 1599 in

118 1640 190 1708 cod.
215 1641 395 1725 archetypo
425 1640 541 1707 addita
563 1641 753 1706 detractave
776 1640 937 1725 exposui.)
984 1641 1114 1725 Sprevit
1137 1650 1277 1727 uterque

119 1771 193 1814 cum
223 1750 342 1814 ceteris
369 1750 403 1814 in
425 1755 460 1829 4,
488 1755 508 1813 4
530 1750 750 1815 necessariam
772 1749 906 1814 Merulae
936 1757 968 1814 et
992 1750 1124 1815 Gruteri
1148 1753 1275 1816 coniec-
1294 1760 1347 1827 (39)

117 1866 243 1925 turam:
288 1856 396 1924 forte
443 1859 614 1941 quadam
653 1879 700 1922 an
736 1857 955 1938 divinitus,
989 1859 1275 1925 Weissenbornius

116 1969 221 2032 etiam
245 1968 279 2031 in
303 1987 329 2032 c.
353 1969 404 2046 23,
429 1971 447 2031 6
471 1967 636 2050 egregiam
657 1974 692 2032 'et
713 1968 933 2032 necessariam
957 1968 1144 2052 Tanaquilli
1161 1968 1276 2033 Fabri:

116 2096 223 2141 rana
252 2073 403 2140 afferri
432 2075 600 2140 rebatur
630 2074 703 2158 (pro
734 2072 1038 2154 afferebantur3
1068 2076 1148 2141 nihil
1177 2076 1277 2142 fuisse

117 2186 211 2265 vani,
239 2184 352 2249 Livius
374 2182 541 2249 narrando
565 2184 816 2268 exsequitur).²)
867 2184 968 2251 Auxit
991 2186 1278 2251 Weissenbornius

118 2314 299 2376 pravorum
327 2313 500 2357 numerum
523 2313 549 2357 c.
574 2295 630 2371 25,
658 2297 677 2355 2
700 2293 905 2377 recipiendo,
942 2295 1031 2378 quod
1055 2294 1278 2360 Alschefskius

120 2400 314 2468 dubitanter
335 2400 550 2485 probaverat:
573 2400 612 2464 in
635 2400 796 2466 minime
819 2409 977 2484 gratum
1000 2403 1278 2486 spectaculum

120 2511 252 2575 animo
283 2509 575 2588 incenduntur3
607 2508 732 2589 (nullus
761 2511 847 2574 enim
875 2508 928 2574 hic
952 2510 1155 2594 significatur
1178 2513 1279 2578 artior

121 2617 347 2703 spectaculum
375 2618 591 2700 cupientium,
624 2617 682 2681 sed
711 2619 810 2682 animi
841 2618 992 2701 oculique
1021 2620 1053 2683 in
1085 2642 1122 2683 eo
1152 2619 1248 2685 defixi
1256 2620 1278 2702 ς)

119 2727 275 2793 Hertzius
299 2747 326 2791 c.
353 2731 402 2804 11,
429 2731 441 2788 l
468 2747 528 2809 pro
553 2724 727 2809 palatoa
751 2726 841 2809 quod
863 2727 972 2792 Livius
995 2729 1028 2792 in
1050 2728 1174 2793 talibus
1196 2729 1278 2794 Iocis

119 2837 304 2919 saepissime
339 2834 447 2918 ponit,
482 2854 521 2898 ex
555 2855 621 2897 uno
655 2833 755 2899 medii
787 2837 916 2918 generis
946 2837 1059 2900 codice
1087 2835 1277 2919 palantes

118 2944 315 3021 scribendo,
349 2942 439 3024 quod
472 2943 581 3006 rarius
609 2942 713 3007 multo
736 2942 869 3026 legitur,
904 2950 937 3008 et
960 2966 985 3007 c.
1013 2950 1067 3021 14,
1103 2949 1278 3028 rrecepta

118 3051 243 3117 infelici
272 3051 469 3116 coniectura.
525 3050 687 3134 Apparet,
720 3058 844 3116 rectam
872 3053 1035 3117 rationem
1067 3074 1139 3117 cum
1164 3074 1277 3137 super·

119 3161 258 3226 stitione
287 3166 321 3223 et
351 3180 463 3223 errore
490 3160 539 3223 ita
565 3165 724 3237 certasse,
757 3166 794 3224 ut
816 3159 1024 3244 plerumque,
1059 3183 1125 3224 nou
1150 3182 1277 3245 semiper

118 3269 372 3352 perversitatem
395 3274 607 3349 expugnaret.
652 3266 774 3332 Verum
796 3268 864 3332 haec
888 3269 962 3332 ideo
985 3274 1113 3333 tantum
1138 3291 1276 3333 comme-

118 3378 261 3456 moravi,
301 3374 392 3459 quod
431 3396 504 3438 cum
543 3383 635 3439 recta
672 3376 822 3441 codicum
862 3377 1080 3440 aestimatione
1115 3384 1148 3441 et
1180 3377 1275 3442 liberi

119 3485 232 3550 iudicii
257 3482 507 3549 confirmatione
531 3484 707 3548 coniuncta
729 3492 824 3549 erant
846 3490 879 3548 et
903 3485 992 3568 quod
1015 3485 1130 3550 utilem
1153 3485 1275 3551 habere

118 3593 381 3658 admonitionem
403 3591 613 3671 videbantur,
649 3592 729 3676 quid
757 3594 789 3656 in
819 3600 908 3657 recto
933 3594 1103 3677 scripturae
1127 3595 1275 3660 codicum

190 3873 285 3922 uare;
314 3855 408 3911 edItur
435 3860 512 3910 recte
538 3862 567 3910 et
588 3855 747 3910 necessario
773 3855 926 3924 regnari,
953 3857 1028 3924 quod
1051 3858 1080 3910 in
1103 3875 1159 3910 uno
1181 3874 1276 3911 recen·

189 3942 301 3996 tisuimo
325 3941 423 3996 codice
445 3941 594 3997 inventum
612 3946 663 3994 est.
709 3939 771 4007 (Cir.
791 3957 854 4009 quae
873 3941 907 3994 de
925 3941 1015 4010 XXII,
1039 3945 1084 4009 33,
1107 3945 1132 4010 5,
1150 3942 1274 4009 XXXIV,

193 4029 233 4095 15,
251 4029 277 4095 3,
295 4025 406 4094 XXXV,
425 4029 468 4094 34,
486 4028 502 4080 3
521 4025 671 4094 dicentur.)

149 4113 173 4177 ¹)
192 4110 236 4180 [In
274 4113 374 4180 quibus
405 4112 477 4166 locis
510 4111 622 4167 stellula
650 4129 767 4166 numero
796 4112 925 4182 apposita
952 4117 1007 4179 est,
1041 4118 1139 4180 postea
1167 4112 1210 4165 W.
1239 4113 1275 4165 ad

190 4213 288 4250 verum
305 4195 408 4265 rediit]

147 4282 173 4348 ’l
193 4279 308 4350 [Postea
324 4282 367 4336 W.
386 4289 499 4337 secutus
518 4286 561 4336 eet
578 4281 768 4338 coniecturam
787 4282 807 4335 1.
823 4281 857 4335 Η.
873 4281 976 4346 vossii,
995 4281 1025 4334 in
1044 4299 1098 4350 qua
1116 4287 1144 4335 et
1162 4285 1274 4336 tamen

189 4372 219 4421 et
236 4367 265 4421 si
282 4383 370 4436 prava
388 4365 474 4436 sunt]
