2994 5108
215 476 277 530 Lib.
296 476 382 530 XLII.
758 464 820 526 624

216 656 365 713 senatum
389 656 439 713 est
460 648 684 726 introductus,
708 649 795 732 quod
818 648 965 730 consules
986 649 1062 713 irati
1090 669 1125 712 re
1147 647 1283 732 publicu
1305 648 1359 713 ab·

217 756 384 822 stinebant
407 757 448 836 (c.
474 760 523 836 10,
550 756 611 838 15).
657 756 816 839 (1864.)¹)

302 861 381 948 Cap.
408 868 444 927 ll
471 872 551 929 extr.
576 872 609 929 et
633 886 659 929 c.
686 869 734 941 12,
761 871 773 930 l
801 866 847 947 (in
870 865 1025 929 Eumenis
1048 864 1087 929 de
1110 863 1231 929 Perseo
1260 865 1293 929 iu
1316 884 1363 930 se·

216 979 298 1036 nutu
321 973 469 1036 Romano
493 972 654 1054 oratione)
675 974 706 1035 iu
728 972 840 1037 codice
862 973 910 1037 sio
923 970 1091 1037 scribitur:
1114 971 1363 1038 Adceesisse

217 1079 268 1144 ad
284 1081 393 1145 vires
416 1100 512 1157 eum,
532 1101 616 1161 quae
634 1079 757 1161 longo
774 1079 1356 1165 tempore-paretur(Kreyss.

217 1187 463 1271 pareretur),
488 1189 793 1253 auctoritatem
816 1209 893 1252 non
916 1196 1020 1272 aput
1042 1186 1207 1260 Graeoiae
1231 1188 1363 1271 adque

216 1295 319 1360 Asiee
342 1296 544 1361 civitates
566 1330 609 1342 -
631 1296 768 1360 vereri
799 1297 1062 1361 maiestatem
1092 1296 1185 1360 eius
1209 1311 1361 1370 omnes;

218 1401 392 1487 Grynaeus:
416 1403 663 1469 Adcessisse
687 1403 734 1467 ad
751 1404 859 1468 vires
879 1424 971 1483 eam,
996 1438 1034 1448 -
1054 1401 1363 1469 auctoritatem.

217 1509 314 1576 Nam
339 1511 445 1594 apud
466 1547 509 1556 —
531 1512 667 1577 vereri
691 1512 955 1576 maiestatem
979 1513 1068 1576 eius
1092 1529 1241 1576 omnes.
1287 1504 1362 1571 Cor·

178 1704 180 1709 ³
217 1618 345 1702 rigendi
357 1620 441 1684 viem
453 1627 487 1684 et
498 1620 601 1684 codex
612 1627 775 1684 monstrat
786 1620 819 1702 (n
829 1619 891 1699 on)
906 1628 938 1685 et
950 1621 1057 1684 oratio
1068 1643 1074 1699 ;
1087 1624 1177 1683 recte
1191 1618 1278 1681 enim
1289 1613 1366 1679 dici·

218 1733 273 1791 tur
284 1748 402 1811 magna
413 1748 481 1793 esse
494 1729 675 1793 auctoritas
692 1729 778 1810 regis
797 1727 884 1811 apud
902 1729 1063 1807 civitates,
1086 1726 1279 1811 pravissime
1302 1744 1367 1788 om·

218 1856 277 1899 nes
300 1836 404 1919 apud
433 1836 634 1901 civitates
657 1834 729 1918 (pro
760 1857 813 1914 eo,
838 1835 924 1917 quod
948 1844 998 1901 est
1020 1837 1054 1901 in
1077 1832 1281 1913 civitatibus)
1304 1852 1368 1896 ve-

217 1944 302 2007 reri
335 1944 597 2009 maiestatem
629 1945 751 2025 regie.
797 1943 1011 2009 Scribeudum
1033 1944 1144 2026 igitur,
1168 1939 1301 2024 expleta
1321 1939 1367 2002 la·

221 2071 320 2115 cuna:
354 2086 397 2096 —
430 2053 725 2116 auctoritatem
758 2073 838 2116 non
871 2051 980 2136 apud
1003 2049 1254 2116 Macedoniae
1276 2056 1367 2113 ton·

218 2165 315 2238 tum,
339 2160 409 2237 sed
433 2160 541 2242 apud
564 2159 724 2224 Graeciae
754 2167 879 2243 etque
908 2160 1009 2224 Asiae
1043 2159 1252 2224 civitates.
1297 2155 1375 2219 Ve-

218 2268 304 2332 reri
326 2269 589 2332 maiestatem
613 2267 704 2331 eius
728 2288 875 2355 omnes.
921 2264 1042 2349 (1864.)

305 2373 383 2459 Cap.
411 2378 459 2454 12,
485 2378 502 2437 3
527 2375 574 2457 (in
598 2373 712 2439 eudem
735 2373 897 2457 oratione)
931 2374 1009 2440 olim
1043 2373 1219 2439 edebatur:
1255 2372 1447 2436 Inter*

218 2483 330 2565 ipsos
354 2503 512 2566 quoque
535 2502 650 2564 reges
673 2484 878 2565 ingentem
900 2483 1173 2561 auctoritat03
1203 2479 1365 2546 Seleuci
1386 2472 1450 2537 „i

219 2589 353 2654 filiam
376 2588 545 2654 duxisse
569 2611 652 2655 eum
676 2599 747 2669 cet,
771 2590 827 2655 ubi
851 2597 964 2674 aperte
988 2589 1240 2654 desiderabatur
1263 2599 1453 2666 essex-5.

219 2718 304 2761 nunc
327 2697 421 2762 video
445 2698 512 2761 edi:
547 2696 661 2762 Inter
688 2700 802 2781 ipsos
831 2720 861 2780 q.
884 2720 910 2762 r.
939 2699 1144 2780 ingentem
1178 2695 1453 2760 auctori-⁴*

218 2812 322 2884 tate,
351 2805 515 2870 Seleuci
543 2805 673 2869 filiam
698 2807 863 2870 duxisse
887 2828 974 2871 eum
996 2812 1068 2879 cet,
1093 2804 1149 2869 ubi
1171 2825 1301 2882 vereor,
1325 2810 1455 2866 ned

134 2912 203 2982 (514)
222 2914 336 2978 vitiose
366 2913 528 2977 redundet
551 2935 646 2977 eum.
692 2913 885 2994 Videndum,
907 2935 948 2978 ne
970 2914 1080 2978 Livius
1104 2914 1290 2996 scripserit:
1313 2912 1457 2974 inf

218 3028 376 3103 gentem
400 3023 694 3085 auctoritatem
718 3041 819 3099 cssc3
844 3022 1011 3087 Seleuci
1033 3020 1168 3085 filiam
1192 3020 1458 3083 duxisse&

217 3151 305 3194 oum
329 3136 388 3192 cet.
435 3128 570 3210 [Eodem
595 3129 702 3211 cupite
727 3127 742 3210 ξ
767 3134 784 3192 6
809 3130 915 3194 tribus
938 3130 1018 3194 locis
1048 3129 1153 3194 foedus
1176 3127 1459 3192 Boeotorumm

217 3258 289 3301 cum
313 3238 429 3300 Perseo
452 3234 571 3299 litteris
594 3237 731 3299 incisum
756 3246 884 3302 exstare
913 3238 1051 3303 dicitur:
1086 3258 1160 3301 uno
1194 3235 1361 3310 Thebis,
1381 3246 1467 3300 cs

216 3344 352 3408 altero
387 3344 433 3407 ad
467 3344 664 3421 siderium,
700 3347 994 3425 augustissimo
1030 3351 1067 3408 et
1091 3343 1461 3409 celeberrimo&

214 3454 254 3516 in
278 3453 437 3534 templo,
461 3453 589 3514 tertio
613 3450 792 3535 Delphis.
827 3452 879 3517 Sic
902 3454 988 3517 enim
1012 3452 1169 3517 scribitur
1187 3453 1222 3516 iu
1241 3452 1360 3517 codice.
1380 3488 1432 3505 a
1456 3480 1462 3491 ·

240 3719 263 3788 ¹)
284 3719 299 3790 ᾗ
318 3725 333 3773 ὅ
353 3722 513 3775 adverbium
532 3722 680 3785 iamiam,
700 3722 773 3788 quod
792 3722 878 3775 futuri
896 3724 1032 3791 temporis
1051 3729 1079 3775 et
1092 3725 1133 3777 rei
1148 3724 1286 3792 proximae
1305 3721 1358 3789 eig-
1395 3724 1462 3748 f

281 3805 471 3859 nificotionem
489 3806 573 3858 habet
593 3806 656 3871 (vid.
677 3807 711 3858 ed
729 3806 830 3872 ml,
849 3810 890 3873 33,
909 3807 945 3875 3),
967 3808 1001 3861 ab
1020 3809 1045 3861 h.
1061 3809 1078 3861 l.
1099 3809 1221 3862 alienum
1242 3816 1292 3875 est,
1311 3823 1359 3860 nec
1390 3799 1464 3844 53

282 3892 336 3944 dici
355 3893 468 3945 omnino
496 3891 632 3943 iamiam
661 3892 806 3958 primum
825 3897 930 3960 potest3
958 3909 1010 3946 uec
1035 3895 1124 3961 magis
1144 3895 1281 3948 convenit
1298 3894 1359 3945 iam
1395 3885 1461 3934 ἒ

280 3978 439 4044 primum,
459 3975 533 4043 quod
551 3976 662 4028 transiri
682 3975 821 4043 siguificat
839 3977 874 4029 ud
892 3995 951 4030 rem
970 3995 1021 4046 per
1039 3988 1132 4046 partes
1152 3979 1357 4047 exponendam
1421 3971 1457 4017 5

280 4078 341 4113 nec
370 4062 460 4115 alere
488 4077 525 4113 ao
550 4060 668 4113 fovere
688 4061 843 4114 omnibus
862 4063 1027 4115 consiliis
1046 4070 1123 4117 recte
1141 4073 1286 4132 tamquam
1305 4064 1357 4132 pri·
1418 4066 1454 4082 ‘

280 4162 355 4196 mum
374 4145 413 4210 (in
431 4147 519 4214 pertis
538 4146 611 4204 loco]¹
637 4146 805 4197 contrarium
827 4147 943 4213 ponitur
961 4148 1013 4214 eis,
1034 4166 1097 4215 quae
1115 4167 1168 4217 per
1186 4157 1358 4217 praetereo
1439 4158 1450 4169 ⁴

280 4229 477 4297 adiunguntur.
517 4230 668 4298 Scripsitne
699 4230 809 4284 Livius:
839 4238 1010 4298 tamquam
1037 4234 1187 4297 (omnium)
1215 4236 1355 4302 primum

280 4315 375 4367 alere
399 4315 470 4367 cet?
506 4312 564 4380 [Sic
589 4316 642 4367 iam
664 4313 839 4383 Gronovius]
873 4315 928 4370 Sed
948 4316 1068 4371 sufficiat
1086 4320 1219 4372 mendum
1238 4330 1356 4373 notasse.
