3000 5116
771 102 831 163 179
1234 115 1297 171 Lib.
1315 115 1378 170 Vll.

221 286 330 352 vires
353 307 447 352 suas
469 293 677 371 praestant,
706 308 842 352 omnes
864 287 945 370 ipsi
967 287 1006 351 in
1028 286 1132 351 hanc
1153 289 1377 353 nenessita-

221 400 300 461 tem
321 401 533 461 uenerunt.
584 394 664 460 Haeo
686 395 803 459 vitiata
825 416 912 475 esse,
942 395 1031 479 quod
1053 395 1147 460 video
1171 397 1272 460 etiam
1295 396 1377 461 alios
1421 482 1425 489 Ι

223 523 328 587 nuper
360 503 558 587 suspicatos,
591 503 702 568 multis
731 503 860 568 indiciis
889 502 1099 568 manifestum
1121 504 1167 567 fit.
1223 504 1377 584 Primum,

225 631 324 695 quum
352 610 423 694 due,
444 613 614 677 nominata
642 617 766 690 essent,
799 611 1026 676 misericordia
1048 617 1082 676 et
1103 612 1277 692 auxilium,
1312 634 1378 677 non

226 719 331 785 solum
359 740 541 804 pronomen
563 725 693 784 tantum
716 720 758 784 ad
780 721 870 804 prius
894 726 928 785 et
949 721 1105 785 remotius
1128 718 1286 801 refertur,
1320 720 1378 786 sed

224 829 313 909 mire,
344 848 417 911 quae
440 834 518 893 ante
542 829 718 893 coniuncta
740 835 844 907 erant,
873 828 927 892 hio
952 829 1000 892 sio
1023 834 1230 911 separantur,
1259 835 1296 893 ut
1318 830 1377 893 im·

225 935 429 1019 plorantibus
451 936 710 1001 misericordiam
732 942 906 1019 praestetur
929 936 1102 1016 auxilium3
1125 944 1265 1020 apparet
1282 937 1378 1017 enim,

223 1043 308 1110 idem
341 1044 553 1128 imploratum
582 1049 615 1109 et
644 1050 836 1128 praestatum
865 1045 929 1109 diei
960 1045 1127 1125 debuisse,
1160 1051 1231 1109 tum
1258 1066 1378 1110 nornen

225 1153 331 1237 ipsum
372 1151 582 1233 auxilium,
622 1155 656 1218 in
695 1174 759 1235 que
799 1153 882 1217 nihil
921 1154 1078 1238 praecipui
1120 1159 1171 1217 est
1209 1153 1376 1235 ponderis,

222 1282 359 1345 prorsus
392 1281 493 1346 prave
526 1261 590 1344 ipsi
619 1261 718 1325 etiam
742 1262 964 1326 coniunctioni
988 1262 1189 1345 praeponitur
1212 1260 1314 1344 (quod
1336 1282 1377 1326 ue

220 1369 255 1435 in
294 1369 415 1452 insigni
455 1368 587 1451 quidem
621 1371 862 1434 contrariorum
896 1371 1145 1452 comparatione
1180 1369 1277 1433 facile
1312 1366 1377 1450 fit);

219 1481 391 1561 postremo
421 1496 556 1542 omnes
585 1475 750 1556 additum,
784 1485 817 1541 et
845 1479 950 1561 primo
978 1476 1051 1542 1000
1075 1477 1239 1556 additum,
1273 1483 1378 1540 totam

215 1585 380 1669 pervertit
408 1584 622 1664 sententiam,
656 1606 728 1668 qua·
757 1587 791 1650 in
821 1607 859 1650 eo
882 1587 991 1669 posita
1014 1591 1077 1664 est,
1112 1591 1164 1664 ut,
1200 1586 1255 1668 qui
1280 1591 1379 1649 antea

216 1693 295 1759 aliis
318 1691 476 1758 auxilium
498 1691 749 1775 implorantibus
772 1693 918 1771 tulerint,
948 1693 1010 1776 ipsi
1034 1693 1156 1757 auxilio
1181 1693 1269 1774 digni
1293 1692 1376 1757 iudi-

215 1806 353 1882 centur,
399 1799 492 1865 nulla
537 1801 694 1865 adiuncto
738 1803 882 1865 omnium
922 1808 980 1865 aut
1019 1800 1125 1884 partis
1166 1802 1376 1884 cogitatione.

215 1906 471 1974 Emendationis
505 1909 599 1992 111101,
628 1930 704 1992 pars
738 1909 919 1974 absolvitur
951 1910 1096 1989 sublate,
1137 1909 1224 1993 quod
1257 1910 1372 1974 vitiose
1391 1924 1461 1992 (151)

215 2016 402 2101 separatim
448 2018 623 2101 repetitum
668 2019 737 2101 ipse
777 2018 902 2100 positus
942 2018 1090 2083 additum
1131 2018 1240 2082 aliena
1279 2039 1378 2082 manu

217 2125 334 2208 arguit
362 2122 511 2208 (prorsus
541 2125 657 2190 eodem
683 2125 790 2204 medo,
812 2136 877 2210 quo
901 2127 934 2190 in
958 2147 1029 2211 cap.
1054 2131 1109 2206 25,
1142 2130 1161 2189 2
1190 2125 1377 2191 consula-

214 2232 334 2315 tum),
368 2232 587 2316 restitutoque
623 2254 681 2312 ea,
722 2238 760 2297 ut
788 2234 868 2313 iam,
909 2234 996 2317 qu'ed
1031 2235 1194 2299 sententia
1222 2234 1377 2318 postulat,

220 2340 356 2420 eadem,
390 2361 463 2425 quae
497 2340 673 2407 ooniuneta
707 2346 822 2425 patere
859 2341 979 2407 debere
1008 2343 1175 2421 dieantur,
1208 2341 1379 2424 implorari

219 2454 254 2515 et
276 2449 428 2534 praestari
451 2448 612 2514 dieantur.
637 2449 760 2532 (1861.)
806 2450 895 2527 Eius,
919 2450 1006 2534 quod
1030 2451 1063 2514 in
1087 2470 1222 2514 omnes
1246 2449 1378 2529 residet,

219 2556 333 2622 mendi
358 2557 593 2622 correctionem
616 2557 831 2641 probabilem,
860 2579 960 2643 quam
982 2559 1053 2641 ipse
1075 2579 1140 2621 non
1163 2556 1378 2640 reperiebam,

219 2664 423 2730 Bnettnerus
446 2665 572 2749 perleui
595 2672 629 2730 et
652 2667 855 2750 pereleganti
879 2665 1107 2731 emendatione
1125 2648 1191 2729 iam
1210 2671 1286 2729 ante
1304 2685 1377 2747 rep·

223 2773 350 2858 perisse
369 2772 498 2838 videtur
515 2764 675 2839 serib'ens:
696 2774 784 2839 dum
801 2795 922 2858 supra
939 2774 1044 2839 vires
1062 2794 1154 2838 suas
1173 2777 1378 2857 praestant,

222 2888 308 2945 ante
338 2902 473 2947 omnes
502 2881 585 2966 ipsi
614 2889 675 2947 oet.
731 2882 814 2947 Eam
842 2884 891 2947 ita
918 2903 1052 2965 sequor,
1083 2889 1120 2946 ut
1146 2882 1270 2960 tatear,
1298 2878 1378 2944 mihi

223 2989 265 3055 ad
300 2990 501 3055 sententiam
534 2990 651 3055 saltem
686 3011 752 3055 non
788 2992 1009 3056 necessarium
1042 2990 1145 3054 videri
1175 2995 1268 3055 ante
1299 3010 1377 3053 om-

221 3118 302 3164 ues.
337 3095 497 3180 (1875.)¹)
530 3097 656 3164 Eodem
679 3098 788 3182 eapite
812 3103 959 3164 extremo
978 3097 1071 3181 (§22,
1095 3100 1128 3162 in
1152 3097 1267 3163 eadem
1289 3096 1378 3180 lega-

221 3211 330 3273 torum
353 3203 596 3290 Campanorum
619 3205 782 3288 oratione)
806 3207 854 3271 sio
878 3206 1048 3272 scribitur:
1085 3206 1204 3271 Stare
1228 3226 1379 3271 omnem

223 3314 532 3380 multitudinem
555 3314 784 3399 adportas,
814 3317 916 3380 viam
944 3316 1039 3379 111110
1067 3314 1264 3379 ferentem
1287 3333 1377 3396 pro-

223 3427 477 3507 spectantes,
512 3428 666 3488 oertum
700 3421 845 3503 habeo,
879 3422 975 3506 quid
1008 3422 1096 3487 illis
1130 3443 1215 3500 nos,
1239 3427 1377 3504 patres

224 3531 472 3615 conscripti,
502 3529 702 3595 sollicitis
725 3551 770 3595 ao
792 3531 1064 3615 pendentibus
1089 3531 1211 3594 animi
1233 3549 1376 3593 renun-

224 3638 331 3704 tiare
353 3638 546 3704 iubeatis.
591 3639 846 3723 Prospectamus
869 3640 958 3723 ipsos
980 3639 1130 3705 homines
1154 3637 1378 3716 adventantes,

253 3891 338 3964 ¹)[1n
369 3894 463 3963 priore
494 3893 617 3949 editione
644 3894 714 3948 vitia
741 3895 796 3949 1001
822 3901 898 3950 10010
924 3911 1120 3964 exposueram,
1150 3894 1180 3946 iu
1207 3889 1378 3961 corrigendo

233 4034 238 4044 ,
291 3977 511 4049 aberrarem]
1098 4045 1146 4099 12*
