2994 5108
216 488 279 542 Lib.
296 487 385 543 xxii
766 476 828 538 288

216 660 383 725 annales
418 665 451 726 et
480 657 633 739 (lelium,
669 658 863 743 simpliciter
903 657 944 724 de
971 657 1077 723 Fabio
1109 664 1269 742 tanquam
1300 657 1369 722 dic·

216 773 325 833 latore
349 774 461 834 creato
483 787 652 846 narrasse,
685 766 733 831 ibi
760 772 873 832 autem
900 764 1009 832 subito
1037 766 1088 846 id,
1122 767 1213 850 quod
1240 766 1372 832 interea

217 875 339 940 alieubi
363 875 558 940 adnotatum
580 874 799 958 repperisset,
828 874 1067 957 interposuisse
1095 894 1170 939 cum
1197 875 1289 956 gravi
1310 874 1372 939 illa

215 989 380 1049 accuratae
412 983 677 1063 investigationis
712 983 836 1065 speeie,
877 1002 976 1064 quam
1009 981 1148 1047 subinde
1182 982 1212 1047 ei
1245 982 1372 1075 placuit

216 1091 401 1157 narrationi
433 1110 474 1154 ex
507 1089 656 1172 proximo
690 1087 798 1155 ductae
836 1095 870 1154 et
902 1089 1069 1155 interdum
1103 1090 1235 1155 incaute
1262 1089 1371 1156 verbis

217 1205 383 1265 exornata
407 1197 579 1262 obducere.
635 1196 753 1280 Itaque
775 1196 848 1277 hoc,
877 1196 1005 1281 dequo
1029 1198 1167 1280 agimus,
1195 1197 1371 1264 10001011·

217 1306 295 1371 dum
330 1303 510 1389 quidquam
538 1303 665 1369 Livium
699 1303 740 1368 de
776 1303 1064 1388 prodietatore
1091 1306 1254 1388 cogitasse
1280 1311 1371 1389 puto,

217 1412 304 1499 quod
328 1414 355 1479 si
377 1412 518 1492 fecisset,
540 1410 594 1477 hie
615 1411 705 1476 illam
718 1400 870 1477 'eliorum
893 1412 1184 1496 reprehensionem
1206 1413 1373 1497 posuisset

216 1529 251 1587 et
273 1542 313 1586 ea
333 1521 508 1586 verborum
531 1520 737 1603 proprietate
759 1537 838 1584 usus
861 1524 959 1598 esset,
982 1539 1049 1602 qua
1069 1519 1138 1585 illic
1159 1519 1273 1585 utitur.
1313 1519 1372 1585 At-

216 1650 281 1712 que
304 1628 551 1693 dictatorem
567 1626 695 1690 Livium
718 1627 898 1710 scripsisse,
919 1627 1093 1711 perspicue
1111 1627 1212 1692 etiam
1228 1626 1373 1693 ostendit

216 1737 396 1821 praeposita
434 1734 494 1799 illa
532 1734 711 1798 sententia:
757 1733 864 1816 quod
907 1738 1246 1817 nunquam'ante
1285 1754 1371 1801 eam

120 1866 122 1870 ·
216 1844 320 1909 diem
342 1842 495 1908 iactum
518 1847 621 1919 erat,
654 1862 727 1927 quae
749 1861 814 1905 non
839 1842 1046 1925 superiorum
1069 1861 1201 1907 causam
1224 1841 1374 1907 0011111101

216 1949 405 2033 (dicendum
434 1949 522 2013 enim
548 1954 619 2014 tum
647 1953 720 2012 erat
748 1947 937 2030 quodid,
971 1969 1032 2014 1100
1064 1949 1146 2014 iuris
1178 1948 1237 2014 illa
1269 1968 1373 2014 eausa

217 2057 319 2139 erat),
350 2055 409 2122 sed
430 2055 473 2121 ad
495 2055 545 2134 id,
577 2053 667 2139 quod
690 2056 853 2138 sequitur,
880 2056 1042 2140 pertinet;
1075 2076 1142 2121 non
1164 2062 1236 2121 erat
1258 2062 1372 2121 autem

216 2164 380 2249 profecto,
420 2185 479 2228 cur
512 2163 624 2227 Livius
658 2161 984 2246 prodietatorem
1017 2184 1185 2247 nunquam
1219 2168 1319 2228 antea
1351 2182 1373 2227 a

130 2290 201 2360 (235)
219 2272 344 2358 populo
368 2277 516 2336 creatum
537 2270 726 2350 adnotaret,
746 2290 861 2352 ‚quum
888 2291 984 2337 nemo
1014 2271 1145 2337 omnino
1167 2270 1374 2354 prodietator

216 2387 293 2445 ante
315 2379 440 2444 fuisset.
490 2378 728 2461 Repugnantioe
756 2383 867 2442 autem
889 2377 1071 2444 manifestae
1095 2384 1129 2443 et
1150 2377 1372 2444 intolerabilis

215 2507 315 2552 causa
344 2506 411 2549 non
438 2484 473 2548 in
496 2482 666 2548 dictatoris
688 2485 818 2549 nomine
841 2485 951 2568 posita
974 2492 1039 2564 est,
1073 2484 1131 2551 sed
1157 2487 1192 2551 in
1220 2485 1370 2570 superio·

214 2616 288 2660 rum
309 2591 485 2658 verborum
510 2589 753 2674 depravatione,
783 2612 883 2674 quam
905 2593 1016 2674 arguit
1037 2594 1128 2672 gravi
1150 2592 1272 2658 indicio
1294 2591 1369 2658 cod.

214 2702 255 2782 P,
285 2698 451 2784 populo,
491 2719 557 2762 non
590 2698 768 2782 populus
801 2698 943 2779 habens,
983 2721 1056 2764 eum
1089 2720 1209 2783 magna
1240 2699 1371 2765 lecunoe

214 2809 411 2891 suspicione.
464 2806 570 2883 Quum
599 2807 684 2870 enim
713 2811 846 2871 senatus
875 2806 1070 2872 dictatorem
1092 2807 1270 2872 creandum
1293 2829 1371 2873 een·

214 2917 335 2981 suisset
357 2935 417 2979 nee
440 2913 587 2992 adesset,
617 2913 674 2997 qui
697 2934 770 2977 eum
794 2913 927 2993 diceret,
955 2914 1077 2994 consul,
1105 2916 1292 2999 proximum
1315 2934 1372 2981 oe·

214 3045 346 3090 currere
368 3028 515 3106 poterat,
545 3027 583 3085 ut
606 3021 648 3085 ab
671 3022 743 3103 ipso
767 3028 882 3086 senatu
905 3027 1090 3103 crearetur,
1119 3022 1154 3087 id
1177 3044 1279 3107 quum
1301 3044 1370 3089 11011

212 3131 343 3211 1100101,
378 3129 421 3194 ad
444 3128 616 3212 populum,
651 3129 744 3192 euius
768 3149 931 3193 summum
953 3130 1005 3193 ius
1029 3136 1114 3208 erat,
1147 3135 1282 3195 ventum
1306 3136 1370 3196 est.

213 3238 352 3303 Videtur
376 3238 477 3318 igitur
498 3236 610 3300 Livius
634 3236 818 3317 scripsisse:
848 3256 921 3301 nec
943 3236 1193 3303 dictatorem
1215 3237 1371 3322 populo

214 3364 288 3414 neu
327 3343 509 3406 1011011110
545 3348 699 3405 senalus
733 3363 874 3408 creare
908 3350 1086 3427 poterat,
1125 3343 1229 3427 quod
1268 3365 1372 3409 nun-

213 3471 333 3534 quam
364 3456 455 3515 ante
484 3472 568 3515 eam
597 3450 699 3514 diem
728 3448 878 3515 laetum
901 3457 1003 3530 erat,
1035 3452 1282 3517 dictatorem
1303 3474 1373 3536 po·

213 3558 332 3640 pulus
356 3563 433 3636 001,
461 3557 599 3622 similive
623 3555 730 3622 modo.
781 3557 830 3620 De
858 3556 986 3622 lacunis
1016 3560 1050 3625 in
1073 3559 1135 3624 hae
1158 3558 1283 3624 decade
1304 3558 1374 3627 ire·

213 3664 391 3747 quentibus
428 3664 495 3729 dixi
529 3684 629 3747 supra
658 3686 690 3746 p.
719 3667 796 3742 208,
830 3664 988 3748 exemplis
1024 3666 1150 3732 euhoe
1178 3666 1251 3750 ipso
1281 3666 1373 3735 libro

210 3770 376 3855 positis.¹)
425 3772 528 3837 Paulo
558 3778 634 3835 ante
663 3768 694 3851 (ἓ
718 3769 750 3848 3)
774 3790 839 3834 non
862 3790 959 3853 posse
983 3780 1059 3855 post
1087 3773 1293 3840 0011111010
1322 3774 1376 3857 (id

240 4038 264 4105 ¹)
284 4035 412 4105 [Pr-avam
427 4056 488 4094 esse
503 4040 692 4093 coniecturam
706 4040 790 4107 mulge
805 4046 956 4110 receptam,
967 4040 1142 4097 Woelfflinus
1156 4042 1227 4097 mihi
1241 4059 1376 4101 eoseum

280 4125 1377 4281 reinseranturalterutrata?latr

281 4307 341 4344 rem
359 4292 418 4359 illo,
437 4310 492 4361 quo
511 4293 636 4362 intellegi
654 4293 721 4358 vuli,
741 4311 824 4349 sensu
840 4312 957 4350 creare
971 4301 1095 4365 poterat,
1113 4302 1225 4353 tentum
1239 4298 1377 4369 (11001ος
