2994 5108
210 471 275 529 Lib.
293 470 365 527 XLI.
757 462 819 522 614

214 644 380 711 scilicet
402 645 630 727 coniungenda
664 651 796 710 suntet
828 644 872 709 ud
900 644 1021 710 decreti
1049 642 1222 710 consilium
1252 640 1363 707 decla·

212 754 354 818 rendum
387 754 561 836 pertinent.
618 752 833 819 Scribendum
867 753 968 836 igitur
1005 752 1148 818 videtur:
1183 756 1361 814 terentes

212 881 278 943 por
304 862 345 926 id
368 862 575 926 decretum
598 862 840 941 scilicetne
863 868 926 926 cet.
971 858 1165 944 [Vahlenius
1187 859 1222 922 in
1244 854 1359 922 Annul

211 991 318 1053 gymn.
336 968 446 1035 Austr.
469 969 562 1034 XVII
584 993 615 1054 p.
637 973 714 1033 307:
737 989 982 1052 manereque
1004 967 1045 1032 id
1063 967 1270 1032 decretum
1291 964 1359 1029 rel·

212 1090 338 1134 renus
366 1091 438 1149 qn·
462 1091 675 1135 caverem
699 1072 876 1151 seilicet,
910 1067 1055 1152 necet]
1099 1068 1224 1134 Eodem
1254 1067 1360 1153 eapite

212 1178 230 1263 ἓ
256 1184 292 1244 11
316 1180 350 1244 in
374 1180 486 1245 eudem
510 1181 657 1244 oratione
680 1180 750 1244 haec
768 1179 958 1245 scribuntur
973 1179 1008 1243 in
1022 1178 1149 1242 codice:
1174 1174 1250 1240 Sed
1268 1175 1362 1258 quie

213 1286 413 1371 (Philippus)
437 1289 476 1351 in
498 1288 693 1352 Romanos
718 1288 801 1353 odii
834 1307 1000 1370 regnum
1028 1290 1229 1369 posuerat
1260 1302 1361 1367 prae-

212 1395 347 1474 mium,
381 1394 590 1460 Demetrio
625 1395 700 1476 (scr.
735 1414 807 1460 cum
841 1395 913 1460 edd.
953 1389 1215 1472 Demetrium)
1249 1388 1361 1456 nullo

213 1502 296 1568 alio
321 1503 490 1567 crimine
515 1525 631 1586 quern
649 1504 831 1568 Romanae
854 1502 1043 1567 emicitiae
1061 1501 1170 1565 initae
1193 1496 1361 1578 oceidit,

213 1610 375 1690 Persea,
398 1631 511 1691 quem
534 1610 683 1693 populo
713 1611 885 1675 Romano
909 1609 1018 1693 (plene
1039 1608 1111 1687 hoe,
1132 1628 1209 1685 non,
1232 1613 1270 1671 ut
1291 1603 1362 1691 ple·

211 1738 359 1802 rumque,
381 1725 464 1783 nota
486 1718 653 1800 scribitur)
688 1719 801 1802 prius
824 1737 941 1801 paenae
964 1735 1080 1799 quum
1108 1716 1226 1797 regni
1247 1713 1363 1778 here-

213 1824 302 1890 dem
334 1825 517 1890 futurum
551 1826 724 1905 sciebat,
754 1845 886 1907 regem
913 1823 1027 1902 lecit,
1049 1823 1254 1904 retinuitque
1275 1819 1363 1885 huno
1446 1864 1455 1875 ·

212 1934 420 2017 scripturum,
444 1955 561 2017 paenae
584 1939 714 1999 tuntum
738 1954 812 1997 cum
835 1931 1033 1997 editionibus
1056 1931 1090 1994 in
1118 1949 1256 2012 poenae
1291 1949 1361 1992 mu·
1429 1960 1459 1972 -

212 2047 298 2119 tato,
323 2041 616 2120 Weissenbornius,
649 2040 801 2125 populo
835 2041 1012 2105 Romano
1047 2057 1204 2103 enarrans
1237 2034 1363 2101 ’'iudiee
1387 2054 1466 2100 ε

211 2147 335 2233 populo
369 2148 544 2223 Romeno''‚
587 2149 675 2231 quod
709 2150 816 2231 ipsum
848 2148 989 2231 primum
1023 2144 1188 2229 quomodo
1222 2143 1469 2222 diceturoen

211 2276 347 2340 prorsus
380 2258 490 2321 nescio
525 2258 646 2340 (neque
680 2262 789 2320 tamen
813 2257 938 2333 nescio,
967 2274 1064 2338 posse
1093 2252 1237 2317 dativum
1261 2251 1470 2316 etiamn

211 2363 300 2446 apud
322 2363 473 2444 Latium,
502 2366 565 2430 etsi
587 2386 680 2443 raro,
708 2371 797 2428 certo
821 2363 932 2445 aliquo
956 2362 1054 2428 modo
1078 2362 1125 2426 sie
1147 2361 1235 2444 poni,
1257 2363 1297 2424 ut
1320 2353 1471 2424 anfi

211 2470 302 2535 illam
326 2472 597 2553 significationem
631 2471 787 2537 accedere
821 2470 979 2548 videatur,
1014 2469 1068 2534 sed
1103 2470 1139 2533 in
1171 2467 1268 2550 longe
1297 2465 1472 2532 aliun

209 2578 369 2644 orationis
392 2580 526 2661 forme);
550 2579 668 2644 deinde
686 2580 713 2643 si
736 2581 861 2657 scirem,
884 2578 986 2644 nihilo
1003 2578 1107 2660 magis
1123 2575 1399 2658 intellegerem..
1411 2593 1467 2647 1,

210 2686 288 2767 quid
311 2687 374 2752 hoc
397 2695 497 2766 esset,
531 2687 717 2771 Philippum
741 2688 854 2757 scisse.
885 2685 989 2750 filium
1024 2706 1120 2748 suum
1149 2683 1274 2765 populo
1298 2683 1416 2747 Ro—
1435 2707 1468 2732 ⁴·

208 2815 306 2858 mano
340 2795 448 2860 iudice
483 2817 595 2879 poenae
630 2795 793 2859 heredem
817 2795 895 2859 fore.
943 2792 1021 2868 Quae
1056 2792 1142 2855 enim
1176 2791 1232 2854 hie
1254 2803 1465 2875 poenffl

210 2902 421 2984 significetur,
446 2926 542 2986 quam
567 2903 738 2986 Philippus
761 2903 943 2985 speraverit
966 2901 1154 2983 optaritque
1177 2898 1270 2964 filio?
1301 2889 1464 2962 Sebd

208 3011 298 3093 piget
316 3020 469 3075 conatum
488 3034 526 3076 ex
544 3012 708 3093 frequenti
727 3010 890 3075 scribendi
909 3011 987 3074 vitio
1012 3008 1144 3090 (paenae
1162 3027 1222 3090 pro
1241 3001 1392 3090 piene:

209 3125 316 3183 ortum
350 3119 500 3201 pluribus
535 3118 692 3183 refellere.
744 3119 959 3202 Kreyssigius,
1005 3116 1136 3179 Mureto
1181 3118 1350 3196 praeeunte
1366 3123 1459 3179 Ξ,

208 3225 365 3290 hostem
388 3228 524 3306 addidit,
548 3229 594 3291 sic
617 3226 778 3290 scribens:
803 3248 917 3309 quem
939 3225 1096 3289 hostem
1116 3223 1268 3306 populo
1292 3221 1377 3286 Ro·
1401 3234 1459 3270 ⁴·

125 3344 328 3413 (tommano
363 3337 473 3417 prius
512 3356 619 3417 pune
661 3355 776 3415 quum
810 3335 922 3416 regni
961 3332 1149 3396 heredem
1182 3331 1461 3394 futurum]

210 3442 378 3505 sciebat.
426 3441 488 3505 Sed
522 3464 636 3524 pennu
671 3444 826 3506 concinne
856 3443 925 3505 haee
949 3448 1207 3523 componuntur,
1231 3436 1374 3502 hostie
1448 3440 1461 3482 S

208 3549 357 3630 populo
392 3550 562 3615 Romano
597 3557 642 3627 etl
667 3552 783 3631 regni
819 3550 952 3628 heres3
993 3570 1102 3631 neque
1137 3548 1291 3623 Perseus,
1324 3533 1462 3607 urst

207 3654 313 3720 hostis
338 3657 494 3721 Romanis
523 3665 626 3727 esset,
655 3665 793 3720 mortem
817 3658 962 3741 Philippi
992 3655 1224 3739 exspectabam
1258 3637 1464 3716 fuera-tl

211 3764 274 3826 iem
299 3765 418 3828 multos
442 3787 552 3829 annos.
598 3767 699 3829 Recte
722 3766 907 3829 Gronovius
931 3772 964 3829 et
986 3765 1159 3829 Rubenius
1183 3756 1427 3826 senseram&
1441 3744 1465 3814 b

209 3871 241 3932 in
265 3872 374 3953 priore
399 3874 496 3936 etiem
519 3873 665 3936 membro
688 3858 872 3954 genetivum
900 3874 1024 3954 requiri
1047 3873 1193 3936 relatum
1224 3870 1267 3934 ad
1300 3868 1361 3932 he·
1410 3868 1465 3908 θ’

207 3978 360 4060 redem;
385 3981 468 4044 alius
492 3981 576 4043 enim
600 3983 647 4044 rei
672 4002 763 4063 paene
787 3983 878 4063 prius
902 4002 1001 4062 quam
1023 3982 1116 4061 regni
1146 3971 1463 4043 hereditatem&

209 4086 250 4148 ad
273 4086 393 4152 Perseo
416 4094 646 4171 perventuram
664 4087 852 4171 Philippum
877 4090 1018 4151 scivisse.
1055 4087 1095 4151 ld
1117 4109 1220 4151 unum
1242 4082 1456 4150 bellunss]

209 4213 280 4257 esse
304 4202 448 4276 poteret3
473 4195 591 4271 odium,
616 4203 652 4258 ut
670 4196 745 4273 dixi,
768 4197 833 4259 ium
852 4196 973 4260 multos
991 4217 1096 4260 annos
1115 4196 1235 4259 fueret.
1260 4192 1347 4273 Scrip
1376 4193 1451 4235 ⁴¹·

210 4303 430 4381 emulgitur,
454 4304 486 4365 ni
509 4302 613 4381 fallor,
637 4303 762 4366 Livius:
787 4324 900 4384 quem
928 4303 1030 4368 belli
1055 4304 1230 4368 Romani
1252 4301 1363 4384 prin:
1403 4298 1437 4342 »⁸

209 4425 314 4485 poene
338 4430 450 4489 quam
473 4397 593 4492 regni
611 4411 798 4475 heredem
822 4411 1009 4475 futurum
1032 4412 1208 4476 sciebat.
