2994 5108
204 471 265 525 Lib.
285 471 437 525 XXXVIII.
751 462 812 522 546

206 650 311 707 serat:
336 643 570 707 Ariarathis
601 643 861 726 Cappadocis
886 653 923 708 et
951 644 1093 708 llorzii
1117 646 1356 725 auxiliares,

202 757 240 815 ut
263 751 329 828 XL,
353 756 403 828 20,
435 756 467 814 l:
492 751 679 815 Eumenis
710 758 748 815 et
770 752 1010 816 Ariarathis
1039 751 1301 836 Cappadocis
1323 762 1359 818 et

203 859 426 922 Pharnacis
460 859 634 923 Pontici.
682 858 786 940 [Idem
825 861 1009 942 suspicatus
1044 865 1117 924 erat
1156 860 1357 943 Rupertius]

204 967 356 1031 Proxime
370 973 446 1031 ante
465 966 495 1048 (ἓ
514 967 545 1047 3)
565 987 630 1029 non
648 967 900 1044 locaverunt,
924 967 980 1030 sed
1002 951 1244 1033 locarerant
1267 991 1287 1033 a
1307 969 1358 1033 Li·

203 1076 256 1138 vio
274 1076 433 1157 scriptum
450 1081 531 1156 puto
551 1075 651 1152 (inter
668 1074 865 1138 tenebant
882 1080 914 1137 et
932 1074 1170 1156 explebant).
1194 1075 1358 1141 Describi-

204 1187 268 1258 tur,
292 1181 566 1263 quemadmodum
594 1183 660 1244 iam
679 1183 877 1245 instructam
896 1182 1038 1246 Manlius
1063 1184 1167 1246 aciem
1191 1181 1359 1249 Gallorum

205 1291 374 1353 invenerit.

118 1407 189 1473 (443)
295 1396 372 1480 Cap.
397 1402 446 1474 28,
471 1401 489 1458 6
514 1396 568 1476 (de
593 1394 805 1479 Cephallenia
834 1396 914 1461 aM.
937 1397 1051 1461 Fulvio
1074 1398 1210 1462 consule
1234 1400 1357 1482 capta):

206 1504 378 1569 Obsides
413 1505 505 1568 inde
534 1505 761 1587 imperatos
790 1505 1035 1588 proviribus
1068 1505 1205 1588 inopis
1235 1503 1357 1590 popu·
1458 1542 1472 1553 ·

205 1612 235 1674 li
257 1614 421 1675 vicenos
443 1612 640 1689 Nesiotae,
665 1611 820 1690 Cranii,
844 1613 1040 1676 Palenses
1064 1617 1103 1676 et
1126 1612 1269 1677 Samaei
1293 1614 1358 1678 de·
1434 1650 1478 1661 -

207 1720 362 1783 derunt.
408 1720 461 1784 Sic
496 1720 571 1784 inde
600 1720 641 1784 ah
676 1721 820 1785 editione
848 1718 1056 1783 Frobeniana
1077 1720 1110 1783 ΙΙ
1139 1720 1181 1784 ad
1211 1728 1356 1786 nostram
1417 1746 1483 1787 n

205 1833 337 1892 oetatem
362 1828 524 1904 scribitur,
547 1828 768 1892 incertissima
791 1828 1001 1904 auctoritate,
1023 1828 1179 1910 quoniam
1204 1829 1357 1894 Gelenius
1397 1853 1487 1895 es

205 1935 286 2000 nihil
311 1936 495 2014 adnotavit,
529 1936 617 2017 quod
645 1935 792 2012 fecisset,
824 1936 954 2017 opinor,
989 1936 1016 1999 si
1046 1955 1086 1998 ex
1108 1935 1141 1999 M
1163 1935 1356 2004 Nasiotas
1387 1961 1488 2002 es

206 2042 281 2107 illos
305 2046 507 2125 sumpsisset.
543 2042 713 2107 Convincit
731 2049 840 2107 autem
859 2063 915 2107 eos
933 2044 1006 2124 ipsa
1022 2063 1090 2121 res3
1113 2063 1189 2106 nam
1207 2052 1356 2126 quartum
1368 2067 1490 2110 11:11

206 2148 424 2233 Cephallenia
443 2151 597 2235 oppidum
615 2172 710 2215 nemo
734 2150 864 2214 Neson
887 2149 1067 2232 appellavit
1085 2149 1206 2230 (νῆσον),
1225 2151 1284 2216 sed
1301 2156 1490 2216 aut-*rsit

205 2267 329 2338 Πρόνους
347 2260 552 2342 (incolasque
570 2268 731 2338 Προναίους,
749 2267 926 2339 Προνναίους,
944 2256 1113 2338 Προννόους)
1134 2265 1192 2323 aut
1214 2267 1489 2340 Hebraeos-cm

207 2364 332 2448 (Steph.
346 2368 422 2450 Byz.
436 2390 459 2431 s.
473 2390 500 2430 v.
512 2368 641 2448 Κράνιοι)
661 2374 721 2431 aut
731 2373 882 2447 Πρώνησον
894 2364 1041 2446 (Strah.).
1065 2365 1184 2447 Itaque
1196 2367 1490 2431 Weissen-nr·

205 2472 351 2549 bomine,
375 2477 603 2539 animadverso
639 2476 737 2538 etiam
774 2473 992 2556 copulationis
1021 2473 1102 2537 vitio
1132 2474 1180 2554 (in
1209 2481 1262 2555 et;
1295 2471 1489 2538 ridbd.

206 2580 248 2644 ad
271 2581 328 2659 III,
357 2590 381 2660 l,
406 2582 448 2662 5),
471 2584 572 2647 verba
595 2584 641 2646 sic
660 2582 792 2664 scripsit
811 2581 1044 2663 distinxitque:
1068 2581 1247 2646 Nesiotae
1270 2581 1492 2646 Cra-sxa·

206 2689 263 2751 nii
287 2697 326 2751 et
349 2689 542 2754 Palenses
568 2697 606 2754 et
629 2689 785 2766 Samaei,
810 2688 930 2771 copula
958 2710 997 2752 ex
1027 2688 1196 2753 codicibus
1220 2692 1491 2772 sumptassaa

207 2796 270 2859 Sed
294 2820 399 2879 neque
432 2801 498 2861 tria
526 2800 658 2861 nomina
693 2819 752 2879 pro
782 2803 941 2879 quattuor
970 2817 1075 2876 neque
1100 2817 1213 2860 omnes
1246 2797 1396 2860 insulss
1410 2789 1491 2853 1]ae

206 2905 321 2967 incolae
346 2905 515 2984 (insulani)
540 2909 653 2968 tiraeca
676 2905 936 2968 Nesiotarum
968 2903 1192 2985 appellatione
1217 2916 1491 2986 compress‘le·

206 3011 300 3075 hensi
323 3014 424 3076 ullam
447 3013 571 3076 hahent
594 3012 872 3094 probabilitatem.
918 3010 955 3073 ln
979 3010 1158 3087 codicibus,
1183 3012 1223 3076 de
1241 3010 1423 3094 quibun
1436 3023 1490 3064 ⁴118

206 3127 347 3191 constat,
372 3121 400 3183 N
409 3121 630 3184 esiotarum
653 3119 777 3182 nullum
802 3119 973 3198 vestigium
997 3128 1063 3196 est,
1087 3120 1144 3183 sed
1175 3120 1222 3183 sic
1244 3109 1485 3183 scribidn'·

206 3234 275 3290 tur:
301 3229 464 3291 vicenos
488 3235 618 3290 autem
643 3226 851 3290 Grannoni
876 3226 915 3305 (B
939 3233 972 3289 et
1001 3233 1160 3308 quattuor
1183 3217 1435 3290 Drakenbd
1448 3215 1481 3289 bt

208 3335 384 3402 Grauoni
409 3343 475 3399 tres
493 3334 601 3411 Drak,
626 3334 844 3410 Granonii,
864 3332 1056 3397 Gra-moni
1078 3334 1213 3416 singuli)
1231 3340 1271 3397 et
1292 3333 1382 3396 ΡΒ
1431 3330 1478 3387 ‘8-

207 3441 343 3505 lenses
367 3451 406 3506 et
429 3442 567 3506 Samaei
591 3442 740 3521 (Tamei
761 3440 796 3519 B,
819 3441 887 3505 Pal.
910 3447 936 3518 l,
960 3441 1137 3505 Thamaei
1160 3448 1229 3506 tres
1247 3431 1472 3514 Drahzssl

209 3549 419 3613 dederunt.
466 3550 552 3621 (Hoc
575 3550 708 3613 verbum
733 3550 856 3613 omittit
879 3548 930 3628 B.)
977 3548 1043 3613 Sed
1066 3557 1190 3632 praeter
1218 3548 1348 3613 hanc't
1438 3541 1465 3604 1'11

207 3659 392 3720 nominihus
417 3656 644 3720 difficultatem
674 3655 765 3720 aliud
793 3664 845 3720 est
872 3657 1120 3721 incommodum
1148 3678 1170 3720 a
1192 3656 1459 3721 nullodum-m

209 3765 486 3841 animadversum
515 3786 620 3845 uespue
654 3765 738 3827 enirn
767 3771 914 3827 veterum
943 3765 1148 3845 maximeque
1174 3764 1451 3829 Gramma-Aru

207 3872 364 3953 loquendi
392 3893 453 3934 usu
484 3893 568 3934 unus
597 3878 669 3935 erat
692 3871 979 3953 Cephallenierum
1003 3871 1162 3953 populus,
1188 3872 1245 3936 sed
1268 3869 1444 3952 quaselli-

208 3987 293 4043 tuor.
341 3979 457 4060 ltaque
488 3981 682 4054 rectissime,
714 3980 814 4042 etiam
844 3978 887 4040 ad
915 3978 1077 4058 reliquam
1109 3980 1267 4044 orationis
1295 3977 1434 4040 scam

209 4106 310 4150 marm.
336 4094 372 4148 nt
394 4087 511 4167 inopiae
535 4092 567 4147 et
591 4088 707 4148 virium
730 4086 853 4148 mentio
883 4085 926 4147 ad
949 4085 1136 4150 subiectum
1167 4093 1201 4150 et
1228 4086 1269 4149 ad
1291 4097 1422 4145 v-oer

210 4191 285 4254 hum
309 4191 508 4255 dederunt
531 4193 804 4270 accommodetur,
827 4194 859 4256 in
878 4191 904 4255 B
926 4192 973 4272 (et
991 4192 1134 4258 fortasse
1151 4194 1185 4257 in
1203 4191 1305 4277 plurib
1315 4204 1406 4263 “¹18,

211 4299 238 4360 si
273 4299 403 4362 tantille
436 4321 489 4363 res
523 4300 682 4364 adnotata
716 4302 816 4381 esset)
853 4283 1007 4364 scribitur
1041 4301 1180 4381 lnpes
1208 4318 1335 4384 popu
1361 4288 1391 4356 li
