2994 5108
734 463 797 524 456

186 647 297 731 spatio
320 667 422 712 vacuo
445 646 570 725 relicto,
593 645 659 710 ibd.
683 645 870 725 hostium,
890 648 939 724 12,
956 649 975 708 4
994 664 1071 727 que
1094 647 1171 726 post
1193 640 1352 706 civita·

189 753 333 835 tium.¹)
369 752 420 835 (ln
443 753 476 818 M
499 774 526 817 c.
545 757 573 832 3,
597 757 615 816 2
638 775 715 818 non
738 753 830 836 plus
852 772 951 836 prave
975 751 1132 816 omissum
1152 746 1312 829 videtur.)

275 861 354 925 Haec
392 861 450 943 qui
490 861 760 938 consideraverit,
809 881 948 944 quorum
987 857 1108 923 similia
1148 877 1189 921 ex
1228 854 1352 937 quavis

188 967 306 1033 horum
328 967 489 1031 librorum
512 974 605 1049 parte
629 968 769 1049 proferri
791 965 987 1051 possesse),
1021 964 1154 1031 timidas
1177 962 1349 1028 Weissen-

188 1074 297 1141 bornii
326 1068 435 1138 nescio
464 1074 571 1137 dicam
600 1094 642 1138 an
671 1074 852 1165 audaculus
875 1073 1078 1156 suspiciones
1100 1072 1141 1136 de
1163 1068 1350 1154 interpola·

189 1183 278 1247 tione
307 1182 340 1244 in
370 1180 483 1244 codice
507 1180 699 1263 Moguntino
728 1187 880 1265 grassata
908 1187 942 1245 et
965 1201 1113 1245 errorum
1136 1177 1350 1243 mendorum·

190 1308 263 1369 que,
287 1308 359 1369 quoe
381 1288 415 1350 in
438 1288 464 1351 B
487 1294 521 1352 et
543 1287 731 1371 vulgaribus
755 1295 840 1366 sunt,
863 1294 1010 1353 tentatas
1033 1286 1263 1352 excusationes
1285 1290 1352 1349 aut

190 1395 396 1459 coniecturas
424 1394 500 1459 inde
524 1395 641 1461 ductes
664 1395 761 1460 facile
785 1394 920 1460 abiiciet
943 1401 977 1459 et
1000 1416 1100 1477 quum
1124 1398 1252 1457 ceterae
1272 1389 1349 1456 Mo·

188 1501 317 1583 guntini
338 1500 442 1566 bonas
465 1502 647 1585 scripturas
667 1497 813 1567 'libenter
836 1502 985 1585 accipiet,
1010 1507 1080 1566 tum
1103 1519 1198 1564 voces
1219 1497 1254 1562 in
1277 1496 1355 1577 illo,

112 1694 113 1697 Ἴ
190 1628 291 1689 quum
318 1608 351 1672 in
381 1608 499 1673 ceteris
529 1609 654 1688 desint,
689 1616 845 1674 servatas.
900 1609 983 1673 Nam
1017 1628 1152 1692 prorsus
1180 1606 1237 1683 iis,
1269 1625 1351 1689 quaa

188 1713 338 1797 pluribus
356 1715 462 1779 verbis
481 1718 739 1795 commemoravi,
762 1717 954 1780 lacunarum
972 1714 1207 1799 supplementis
1225 1712 1352 1778 similia

190 1828 301 1886 cetera
334 1828 425 1894 sunt,
468 1825 501 1887 in
536 1844 608 1905 quae
642 1825 781 1888 maxime
813 1823 872 1888 illa
904 1824 1048 1907 suspicio
1080 1819 1355 1905 interpolationis

191 1929 341 1994 coniecta
369 1935 429 2008 cst,
462 1929 544 1994 nihil
572 1932 605 1994 in
634 1932 690 2001 iis,
726 1931 814 2012 qnod
838 1929 881 1994 ad
904 1930 1102 1995 sententiam
1125 1928 1349 1994 constructio-

188 2055 302 2100 nemve
325 2035 409 2100 male
431 2036 634 2101 intellectam
658 2038 853 2121 explendam
875 2039 1051 2119 pertineat,
1079 2037 1255 2119 reperitur,
1286 2034 1348 2101 sed

189 2163 243 2207 res
266 2143 310 2207 ad
331 2143 414 2207 Livii
438 2145 620 2209 orationem
644 2146 905 2227 sententiamque
929 2150 1029 2228 aptae,
1058 2164 1141 2225 quas
1164 2149 1289 2220 tamen,
1318 2143 1348 2206 si

190 2248 322 2314 aLivio
356 2252 474 2334 positae
502 2273 566 2315 uon
596 2260 720 2330 essent,
753 2251 875 2316 addere
908 2252 1028 2316 nemini
1058 2252 1091 2314 in
1121 2257 1261 2314 mentem
1292 2269 1352 2313 ve·

189 2356 307 2434 nisset,
349 2378 369 2420 a
400 2359 691 2440 grammaticorum
725 2365 758 2422 et
790 2359 1000 2424 librariorum
1034 2357 1199 2423 inferioris
1235 2356 1354 2421 aetatis

194 2522 416 2535 tu·—

220 2605 244 2672 ¹)
264 2606 328 2675 Cap.
351 2610 390 2675 11,
413 2611 430 2661 8
447 2610 585 2678 librarius,
610 2629 694 2679 quum
713 2613 799 2665 verba
818 2627 940 2665 cursus
959 2609 1077 2678 rigida
1094 2626 1177 2678 paene
1196 2608 1350 2673 omisisset,

259 2692 378 2744 retraxit
395 2710 439 2758 ee;
463 2710 486 2747 c.
505 2697 535 2762 5,
559 2697 575 2748 6
594 2714 628 2749 ex
650 2713 718 2749 voce
735 2697 983 2763 redintegrata
1001 2695 1116 2763 scripsit
1133 2710 1168 2746 re
1185 2696 1290 2760 grata
1308 2692 1352 2746 in·

258 2777 395 2843 terposito
415 2778 506 2845 spatio
525 2797 626 2844 vacuo,
654 2781 727 2847 quod
751 2782 859 2835 medias
883 2780 992 2833 litteras
1011 2798 1067 2832 non
1087 2778 1202 2845 legebat
1221 2780 1270 2829 aut
1290 2792 1352 2829 non

259 2860 448 2929 intellegebat.

217 2944 244 3010 ¹)
262 2945 373 2998 Addam
393 2965 425 2999 ex
446 2964 500 3000 uno
520 2948 612 3015 capite
631 2949 697 3001 libri
717 2948 831 3000 XXXIV
850 2949 1002 3017 specimen,
1021 2965 1055 3000 ex
1074 2965 1129 3001 uno
1148 2948 1215 3000 libri
1234 2946 1355 3000 XXXV.

259 3028 331 3082 Nam
349 3031 378 3083 in
397 3030 471 3082 illius
490 3032 583 3099 capite
602 3035 643 3096 31,
663 3038 694 3084 ut
713 3033 784 3097 dem,
804 3033 947 3099 nequivi
967 3031 982 3100 ξ
1002 3035 1018 3084 2
1036 3050 1093 3085 non
1113 3054 1128 3088 e
1146 3034 1176 3087 M
1195 3050 1266 3098 esse,
1285 3034 1352 3087 haec

256 3129 271 3165 e
290 3114 320 3166 M
338 3121 436 3167 contra
455 3115 476 3166 B
495 3116 683 3183 vulgaresque
703 3121 815 3185 sumpta
834 3123 910 3169 sunt:
939 3116 954 3185 ἓ
974 3120 990 3168 4
1008 3117 1109 3169 video
1130 3117 1218 3184 (om),
1237 3119 1254 3170 6
1275 3134 1351 3170 eam

257 3197 335 3263 (om,
363 3199 457 3251 omisit
480 3200 565 3252 etiarn
589 3200 642 3265 W,
670 3201 767 3254 abesse
792 3201 908 3269 nequit),
933 3204 949 3253 'l
972 3208 1004 3254 et
1028 3204 1148 3273 accepi
1174 3218 1280 3270 quum
1306 3203 1356 3270 (et

257 3284 376 3350 accepi
400 3283 524 3348 urbem,
553 3301 660 3351 quum,
689 3287 772 3338 etiam
797 3286 848 3352 W,
873 3287 1055 3354 pessumdata
1077 3289 1215 3343 orationis
1232 3288 1351 3358 ligura),

260 3366 277 3416 8
302 3367 366 3417 iam
390 3367 469 3432 (om,
495 3369 578 3421 etiam
602 3369 663 3435 W.),
689 3373 721 3423 18
744 3370 890 3423 lortunae
910 3371 1013 3438 (fore).
1057 3373 1116 3426 Nec
1134 3373 1248 3441 dubito,
1280 3376 1356 3443 quin

258 3449 341 3501 etiam
365 3466 402 3502 ac
426 3451 621 3519 dignitatis
640 3453 770 3507 Gelenius
790 3454 908 3523 („lege“)
928 3474 962 3508 ex
980 3458 1009 3509 Μ
1029 3459 1186 3526 scripserit,
1215 3470 1355 3514 correcto

257 3530 406 3615 Carbuchii
434 3552 533 3590 errore.
579 3538 613 3589 In
641 3538 704 3591 libri
728 3540 828 3591 xm
852 3557 911 3608 cap.
936 3544 969 3594 26
997 3542 1058 3595 haec
1085 3561 1100 3596 e
1125 3543 1188 3595 solo
1211 3543 1241 3596 M
1266 3552 1353 3600 sunt:

260 3618 272 3665 1
293 3618 495 3685 pristesque
515 3620 592 3683 (tris
617 3622 714 3690 isque
739 3629 767 3675 et
785 3624 908 3689 similia),
932 3626 1083 3679 2haru1u
1102 3645 1273 3681 novarum
1295 3648 1358 3685 na·

256 3700 345 3752 vium
378 3729 411 3740 -
444 3709 483 3778 ut
515 3705 645 3768 (harum
677 3712 711 3759 ut
744 3725 907 3761 novarum
940 3710 1036 3777 tum),
1075 3712 1132 3766 ibd.
1166 3713 1275 3766 simul
1311 3721 1360 3770 ut

256 3783 392 3852 (simul),
418 3787 473 3838 ibd
494 3789 688 3843 simulacris
712 3790 823 3855 (simul
842 3794 1034 3862 Achaeis!!),
1060 3799 1076 3850 3
1095 3797 1150 3849 vel
1168 3814 1233 3851 usu
1253 3800 1353 3867 (usu),

256 3869 447 3935 5ignarus.
497 3870 603 3925 Navis
631 3880 708 3927 erat
735 3874 826 3941 (om),
855 3877 911 3930 ibd.
937 3878 1085 3933 Nicaeam
1114 3881 1293 3946 (Nicolam
1323 3894 1355 3941 et

256 3951 381 4019 similia),
405 3953 552 4009 aluerat
570 3958 655 4010 enim
675 3958 797 4025 (fuerat
815 3977 883 4027 om,
909 3963 1007 4015 relicto
1026 3965 1055 4017 in
1075 3967 1096 4018 B
1115 3969 1218 4035 spatio,
1248 3971 1355 4027 addito

255 4035 309 4088 alio
335 4037 365 4089 in
383 4039 546 4106 vulgaribus
566 4042 676 4109 errore),
695 4045 711 4096 9
733 4045 975 4111 speculatoria
996 4049 1222 4118 (piscatoria).
1266 4055 1348 4112 Prae·

255 4123 332 4172 terea
358 4120 380 4171 Β
406 4120 421 4188 ξ
444 4127 461 4174 4
486 4139 539 4175 orn.
560 4125 670 4192 Creta,
697 4145 786 4181 vacuo
816 4131 908 4198 spatio
935 4132 1043 4185 relicto.
1090 4135 1191 4191 Tacite
1212 4137 1260 4191 bis
1287 4154 1353 4195 om·

254 4202 337 4254 nibus
360 4203 429 4256 locis
451 4206 633 4274 Mogontinus
658 4212 807 4279 probatur,
835 4214 899 4268 dein
922 4218 1016 4269 subito
1042 4219 1071 4271 in
1095 4222 1225 4287 proximo
1253 4228 1353 4295 suspi—

254 4301 334 4338 caces
352 4287 478 4342 homines
496 4290 575 4346 fiunt.
