3000 5116
267 1278 727 1426 'munducatur
758 1342 1106 1425 urrunnun

568 1508 662 1563 PARS
682 1507 823 1563 TERTIA

156 1634 206 1696 lllll
222 1638 342 1711 Ibam
362 1648 450 1711 brer}
471 1650 488 1709 I
509 1648 652 1711 inllustro
675 1648 757 1709 rullo
780 1648 813 1708 ll
835 1648 1056 1718 dlllllIISIllllI
1075 1648 1272 1709 Illll'llllbl'lS

620 1750 773 1812 cluilius.

595 2022 801 2085 inocculta.

164 2132 273 2251 Illssrte
290 2192 367 2257 bivii
395 2192 556 2257 librorum
586 2192 736 2269 decadis,
763 2192 826 2255 hoc
849 2202 915 2265 est,
946 2200 1150 2257 servatorum
1174 2193 1274 2257 libro-

164 2298 217 2347 ΝΜ
233 2296 338 2381 tertie,
366 2301 497 2367 codices
519 2300 671 2381 vulgares
694 2308 814 2384 prater
837 2323 1039 2365 communem
1063 2323 1195 2365 suiumae
1219 2302 1274 2364 de·

164 2401 324 2473 iurationis
363 2408 473 2475 labem
512 2407 868 2491 interpolationemque
909 2431 947 2472 eo
988 2430 1118 2490 quoque
1152 2409 1273 2475 iudicio

163 2500 389 2581 mulleorum
423 2519 456 2582 in
489 2539 590 2581 unum
624 2538 754 2599 gregem
784 2516 1012 2595 includuntur,
1046 2517 1134 2598 quod
1164 2540 1276 2581 omnes

162 2591 226 2667 Ilm
253 2622 407 2690 tricesimo
441 2625 540 2689 tertio
577 2630 691 2688 carent
719 2630 753 2687 ot
781 2624 856 2705 (nisi
887 2626 973 2706 quis,
1008 2631 1044 2688 ut
1072 2647 1156 2689 unus
1185 2626 1274 2710 apud

160 2698 428 2797 Mentor-chium
458 2732 535 2796 Lov.
568 2736 602 2810 3,
636 2732 701 2796 iam
730 2732 830 2814 paulo
859 2739 934 2796 ante
964 2732 1098 2813 desinit.)
1129 2741 1276 2797 extrema-

157 2820 231 2887 perte
254 2831 318 2903 libri
347 2839 592 2923 quadragesimi
620 2840 696 2904 inde
724 2861 744 2903 a
773 2862 799 2904 e.
831 2844 885 2919 37,
916 2846 944 2904 3.
1005 2842 1055 2905 Ab
1084 2841 1147 2905 hac
1177 2843 1275 2906 turba

156 2910 203 2983 ‘¹¹¹⁰
225 2952 409 3026 separantur
430 2947 569 3023 codices
598 2949 655 3030 qui
677 2947 818 3011 salutem
840 2948 917 3012 huie
940 2950 1020 3013 Livii
1045 2951 1133 3031 parti
1157 2950 1276 3014 attule-

151 3036 224 3139 ’,ων
250 3046 451 3139 Moguntinus
475 3062 509 3121 et
531 3055 795 3138 Bumborgeusis.
849 3056 914 3119 Sed
939 3058 978 3120 de
1002 3058 1115 3122 codice
1138 3058 1276 3141 Mogon-

148 3130 201 3198 ΨΟ
232 3150 278 3233 (ex
301 3162 503 3229 bibliotheca
526 3164 605 3227 aedis
628 3162 857 3244 cathedralis),
892 3166 1048 3247 quoniam
1077 3173 1152 3249 post
1176 3189 1276 3231 sacu-

157 3252 195 3303 bn
223 3270 526 3336 sextumdecimum
549 3292 614 3335 non
637 3273 832 3355 comparuit,
860 3278 988 3335 tantuin
1014 3275 1144 3351 scimus
1173 3296 1276 3356 quan-

143 3342 196 3413 tum
223 3377 356 3453 lirinum
378 3378 448 3444 Nic.
473 3377 676 3445 Carbachius
699 3387 733 3444 et
755 3379 970 3462 ll'olfgangus
993 3381 1160 3464 Augustus
1185 3382 1277 3463 (eno-

141 3450 198 3573 Q
240 3480 267 3547 in
297 3486 362 3552 fine
396 3488 551 3553 editionis
585 3488 666 3552 Livii
701 3488 901 3568 Moguntinae
935 3509 964 3551 a.
1002 3493 1100 3568 1518,
1142 3491 1174 3553 in
1211 3510 1277 3572 qua

137 3576 266 3684 Qun
300 3594 377 3659 hinc
416 3598 578 3678 posterior
617 3595 692 3659 libri
728 3594 867 3659 XXXIII
902 3617 980 3678 pars
1016 3597 1184 3680 descripta
1218 3605 1276 3667 est.

136 3684 293 3798 ⁸⁰I¹IJturae
319 3704 496 3783 verietate,
531 3725 590 3786 pro
620 3703 708 3767 illius
737 3703 844 3767 atatis
874 3703 1009 3769 modulo
1039 3706 1185 3788 copiose,
1219 3705 1276 3769 sed

135 3796 258 3870 ¹¹¹¹¹¹¹¹11e
286 3811 327 3876 ad
361 3817 483 3876 nostra
517 3813 625 3876 atatis
658 3812 762 3894 legem
798 3817 857 3874 aut
891 3811 987 3893 plene
1021 3818 1079 3875 aut
1108 3811 1276 3892 distincte)

136 3888 337 3999 indiderunt,
361 3919 479 3983 deinde
498 3918 563 4002 sig.
577 3920 733 3985 Gelenius
756 3919 825 4000 (qui
849 3921 881 3982 iu
905 3919 1049 3985 editione
1068 3918 1275 3983 Frobeniana

140 4004 406 4093 ³·153500dice
436 4028 509 4111 ipsc
538 4049 610 4091 cunr
640 4028 771 4110 egregio
800 4027 911 4090 fructu
941 4049 1020 4091 usus
1050 4031 1114 4104 est,
1149 4032 1182 4089 et
1210 4049 1274 4091 uon

141 4128 454 4200 banetacarbaohio
472 4137 592 4201 omissa
610 4135 748 4213 addidit,
768 4157 833 4199 non
851 4142 940 4198 recte
953 4133 1060 4218 posite
1071 4133 1274 4215 oor1·exit).¹)

146 4250 253 4273 -νκ,

171 4300 196 4367 ¹)
211 4302 340 4376 Cirlaohii
358 4322 504 4391 scripturae
524 4322 736 4376 adnotationem
750 4320 927 4388 Kreyssigius
948 4319 976 4371 iu
990 4316 1057 4370 edit.
1068 4316 1135 4369 libri
1149 4315 1275 4371 XXXIII

207 4404 368 4465 ‘beennon
387 4408 505 4461 curavit.

1290 1366 1360 1433 (⁸61)
