2994 5108
672 463 735 526 2¹73
1125 475 1188 530 Lib.
1207 476 1280 530 XXI.

122 647 232 727 dico;
266 647 368 714 duos
397 647 588 713 consules
616 646 738 713 buius
766 647 859 712 anni
887 668 1002 712 unum
1033 647 1073 712 in
1093 639 1281 727 Africam,

122 754 300 821 alterum
322 757 362 821 iu
383 754 624 839 Hispaniam
645 755 854 820 miserunt.
900 754 1158 838 Interrogationi
1181 755 1282 821 subii·

123 863 212 928 citur
240 863 317 947 ipsa
344 863 506 928 correctio
530 861 859 943 (transcendisse
881 862 948 926 iam
971 861 1093 943 dico),
1123 862 1201 926 huic
1224 863 1281 927 ad·

122 969 216 1036 ditur
242 969 430 1054 explicatio.
481 967 511 1052 (5
536 974 554 1033 6
579 990 596 1033 e
619 968 770 1034 codicum
794 970 974 1053 scriptura:
1010 969 1058 1034 ad
1087 970 1283 1036 Hiberum

122 1084 188 1144 cst
223 1076 447 1160 Saguntum
481 1076 611 1141 facibus
649 1075 790 1141 efficitur
825 1082 866 1140 at
900 1097 975 1141 non
1010 1076 1057 1141 ad
1091 1077 1283 1143 Hiberum

123 1205 292 1270 -quam
319 1191 361 1250 at
390 1185 449 1249 cis
478 1183 672 1248 Hiberum
694 1219 746 1247 —.
785 1185 889 1261 1862.)
949 1182 1045 1260 Quod
1067 1174 1101 1248 i‘u
1124 1185 1282 1268 proximis

125 1293 234 1359 verbis
264 1292 415 1359 codicum
443 1291 597 1356 mendum
630 1291 935 1356 vindicaremus
970 1311 1029 1374 pro
1057 1291 1283 1358 vindicari·
1348 1292 1353 1301 '

126 1422 211 1467 mus
240 1399 528 1465 Weissenbcmius
562 1398 745 1464 enarrando
781 1399 867 1463 tueri
895 1403 1048 1477 conatur,
1081 1420 1159 1465 vera
1187 1421 1282 1465 enar·

123 1509 212 1574 ratio
245 1513 349 1587 esset,
383 1507 413 1570 si
436 1506 658 1571 scriberetur:
693 1506 798 1571 nihil
822 1504 940 1570 uobis
964 1506 1282 1590 relinqueretur,

123 1637 192 1682 non
229 1613 364 1698 (nihil)
404 1613 596 1679 relictum
630 1620 707 1693 est'3
747 1612 823 1677 huic
857 1613 944 1678 enim
978 1615 1007 1677 si
1040 1613 1162 1678 addas:
1202 1615 1282 1679 nisi

126 1721 233 1806 quod
256 1720 387 1787 armia'
402 1720 714 1800 vindicaremus,
737 1719 822 1785 hauc
844 1741 943 1784 uuam
965 1721 1283 1786 seutentiamLatiui

126 1830 287 1896 sermonis
310 1850 390 1894 usus
413 1827 527 1893 efficit:
552 1850 587 1893 es
611 1828 656 1892 ist
679 1848 740 1892 uns
763 1827 869 1892 nichts
887 1828 982 1911 iibrig
999 1829 1150 1911 gelassen
1166 1828 1216 1893 als
1233 1835 1282 1893 et·

126 1958 192 2003 vas
220 1959 261 2001 zu
288 1935 531 2018 vertheidigen,
565 1935 629 2001 hoc
652 1941 716 2014 est,
751 1935 936 2000 ridiculam.
991 1935 1149 2002 Extremo
1173 1938 1282 2019 capite

126 2042 158 2127 (ἓ
181 2043 226 2125 9),
247 2044 306 2109 ubi
328 2045 364 2108 in
386 2043 557 2109 codicibus
581 2042 752 2107 scribitur:
788 2045 821 2108 si
844 2043 917 2107 hoc
938 2043 1037 2108 bene
1060 2041 1184 2107 fixum
1207 2065 1282 2107 om·

127 2152 248 2217 uibus
278 2150 532 2217 destinatum
554 2152 594 2215 in
616 2151 750 2217 animo
774 2157 851 2229 est,
885 2171 991 2233 nequa
1015 2151 1282 2215 destinatum-

125 2282 203 2345 que
236 2280 343 2343 neque
372 2259 406 2324 si
435 2258 687 2323 destinatum
715 2257 924 2322 scribendum
953 2258 1097 2336 videtur,
1132 2258 1188 2323 sed
1217 2258 1283 2323 de-

126 2369 328 2433 stinatum
350 2365 533 2431 tollendum
554 2372 593 2429 ut
614 2365 854 2448 interpretandi
873 2386 975 2430 causa
993 2366 1168 2430 adiectum.
1203 2363 1282 2449 (lap.

126 2479 178 2553 45,
209 2477 229 2539 3
253 2494 271 2539 e
294 2473 445 2539 codicum
467 2474 632 2556 scriptura
655 2473 948 2536 avicotumulis
972 2471 1116 2537 efficitur
1144 2471 1283 2555 [utiam

127 2580 315 2648 Gronovius
336 2579 476 2663 viderat]
501 2580 616 2645 eadem
638 2580 780 2645 nominis
798 2581 973 2662 scriptura,
996 2601 1070 2664 quae
1087 2580 1176 2664 apud
1193 2580 1284 2644 Stra·

126 2686 245 2754 bonam
275 2696 339 2754 est:
375 2687 423 2752 ab
452 2687 681 2767 lctumulis3
715 2687 790 2750 bin
812 2708 827 2748 v
850 2688 992 2752 transiit.
1037 2687 1099 2768 (De
1128 2709 1154 2752 c.
1178 2691 1233 2767 45,
1264 2692 1283 2751 8

128 2794 253 2861 dictum
275 2794 319 2861 ad
342 2815 370 2859 c.
394 2799 445 2875 25,
469 2794 512 2877 9.)

212 2901 310 2987 *Gap
334 2907 390 2982 49,
425 2907 444 2966 7
474 2901 545 2982 (ubi
579 2903 688 2985 agitur
722 2901 762 2965 de
798 2900 944 2966 consiliis
979 2909 1013 2966 et
1045 2902 1206 2966 institutis
1239 2904 1283 2967 M.

128 3009 251 3075 AEmilii
284 3010 435 3094 praetoris
469 3011 502 3073 iu
537 3008 663 3088 Sicilia,
704 3030 807 3091 quum
841 3009 882 3072 ab
916 3009 1061 3075 Hierone
1095 3010 1284 3075 admonitus

128 3124 230 3196 esset,
260 3114 551 3200 Carthaginienses
583 3116 776 3197 adventare)
800 3116 848 3181 sic
871 3116 1027 3180 scribitur
1049 3117 1083 3180 in
1103 3115 1144 3196 P,
1174 3138 1283 3200 aquo

125 3226 230 3292 ceteri
262 3225 416 3291 meliores
426 3253 453 3303 ,··
473 3223 605 3289 etiamsi
645 3245 701 3288 eos
735 3244 883 3288 seorsum
917 3225 1142 3289 testimonium
1175 3223 1284 3289 iacere

128 3339 297 3415 putamus,
332 3331 430 3411 nihil,
464 3331 554 3415 quod
584 3330 627 3396 ad
655 3352 725 3395 rem
752 3330 934 3414 pertineat,
969 3330 1163 3396 deflectunt:
1208 3331 1284 3395 Ex·

132 3438 279 3524 templo
313 3445 353 3504 et
386 3439 496 3504 circa
534 3444 709 3521 praetore
743 3459 763 3502 a
796 3437 967 3503 civitate
1001 3439 1119 3504 missi
1153 3439 1284 3522 legati

132 3546 371 3630 tribunique
405 3565 497 3610 suos
532 3544 583 3609 ad
614 3565 750 3609 curam
785 3545 985 3609 custodiae
1020 3546 1285 3612 intenderent

131 3661 222 3720 ante
272 3654 404 3718 omnia
447 3651 670 3736 Lilybaeum
720 3651 852 3715 teneri
897 3660 1138 3736 apparatum
1182 3654 1284 3718 belli

135 3759 266 3826 edicto
301 3760 516 3844 proposito
551 3765 593 3822 ut
627 3759 729 3823 socii
761 3758 927 3824 navales
962 3759 1095 3825 decem
1130 3761 1284 3825 dierum

134 3872 277 3933 coacta
309 3867 467 3932 ciuaria
499 3865 545 3930 ad
574 3886 696 3929 naves
725 3864 936 3931 deferrent
964 3873 1004 3932 et
1031 3868 1100 3933 ubi
1129 3869 1284 3950 signum

136 3969 268 4039 datum
298 3979 410 4039 essct
436 3994 483 4038 ne
512 3974 601 4055 quis
629 3993 777 4037 moram
800 3975 1105 4040 conscendendi
1128 3974 1285 4040 faceret

138 4098 281 4165 perque
305 4102 457 4145 omnem
479 4099 625 4146 moram
648 4081 779 4163 quiex
798 4083 1286 4170 speculis-prospicerent

131 4186 379 4253 adventante
418 4186 595 4252 hostium
635 4187 805 4252 classem
839 4189 976 4253 simili.
1037 4189 1182 4271 ltaque
1217 4194 1370 4270 cet.(223)

114 4287 277 4361 -Primum
316 4300 473 4379 apparet,
516 4315 646 4360 omnem
685 4315 799 4360 curam
839 4296 1090 4380 cautionemque
1129 4298 1163 4360 in
1202 4296 1284 4361 duas

1024 4415 1057 4467 18
