2994 5108
213 446 276 501 Lib.
295 446 371 500 XXI.
761 434 825 496 270

214 618 296 702 quid
322 619 357 682 in
386 618 584 683 sententiam
615 623 692 702 apte
722 618 846 683 includi
874 619 933 685 illo
954 619 1028 685 loco
1051 621 1159 704 possit
1180 625 1214 684 et
1236 640 1310 704 quae
1331 621 1374 686 de

214 726 368 791 Taurinis
391 726 515 791 tradita
537 727 612 806 sint,
641 727 711 791 veri
733 725 934 791 simillimum
957 727 1096 806 ridetur,
1119 727 1247 792 Livium
1269 729 1374 812 scrip-

214 836 312 899 sisse:
354 833 524 899 Taurini
558 833 782 917 Semigalli.
837 834 923 900 Nam
956 834 1118 909 Taurinos
1154 834 1275 901 Strabo
1310 834 1374 917 (ΙΙΙ

213 965 245 1026 p.
269 946 332 1006 204
356 939 443 1023 Cas.)
468 941 645 1024 Liguribus
673 941 729 1007 ille
760 942 894 1026 quidem
923 942 1076 1026 adiungit
1103 942 1154 1026 (ut
1181 942 1309 1008 Plinius
1330 942 1373 1007 H.

213 1048 252 1113 N.
276 1048 340 1127 III,
372 1053 421 1129 17,
453 1049 544 1131 132),
574 1050 631 1114 sed
659 1055 770 1115 tamen
800 1049 882 1115 alibi
905 1049 951 1134 (p.
975 1050 1051 1133 209)
1075 1072 1096 1116 a
1119 1050 1298 1135 Liguribus
1322 1071 1373 1116 se·

213 1162 326 1241 parat3
372 1156 540 1240 Appianus
581 1163 691 1222 autem
732 1156 888 1238 (Hannib.
930 1157 962 1240 5)
1001 1158 1218 1238 Taurasiam,
1257 1158 1374 1224 urbem

215 1286 342 1345 eorum,
378 1265 541 1329 Gallicam
575 1264 739 1349 appellat;
778 1272 812 1330 et
851 1267 932 1349 ipsae
965 1267 1058 1332 sedes
1092 1288 1113 1331 a
1146 1266 1373 1350 septentrione

212 1372 399 1456 Appennini
421 1373 601 1451 adducunt,
630 1379 668 1437 ut
690 1374 834 1456 antiquae
858 1374 953 1456 stirpi
977 1372 1089 1439 Gallos
1112 1373 1278 1440 admixtos
1301 1394 1373 1439 cre-

132 1493 203 1562 (220)
222 1480 383 1563 damus.¹)
428 1481 531 1546 Paulo
555 1487 633 1566 post
655 1479 686 1563 (ἓ
710 1480 754 1563 7),
777 1480 835 1545 ubi
857 1481 981 1546 editur:
1011 1482 1076 1565 qui
1106 1480 1219 1555 ambo
1242 1481 1373 1547 saltus

214 1610 298 1653 eum
323 1610 400 1654 non
422 1589 685 1669 inTaurinos,
709 1589 782 1653 sed
805 1588 1075 1672 perSalassos
1093 1594 1307 1656 montanos
1324 1589 1373 1654 ad
1398 1630 1405 1649 ⁴

214 1696 364 1762 Libuos
399 1696 545 1763 Gallos
579 1696 841 1776 deduxerint,
876 1696 1085 1762 Salassorum
1118 1718 1237 1762 nomen
1266 1697 1372 1782 Lipsii

212 1811 246 1868 ct
269 1803 413 1869 Cluverii
436 1806 634 1870 coniecturae
657 1804 815 1884 debetur,
842 1805 877 1869 in
899 1804 1069 1870 codicibus
1093 1804 1267 1870 scribitur:
1300 1827 1372 1890 per

214 1912 346 1978 saltus
376 1921 610 1992 montanos,
638 1913 672 1977 in
701 1912 932 1996 antiquissimo
955 1912 1125 1995 (quoniam
1147 1912 1173 1977 P
1197 1913 1372 1995 caremus),

211 2019 256 2099 M,
279 2021 430 2103 aprima
451 2041 564 2084 manu:
589 2041 661 2103 por
683 2019 814 2085 saltos
835 2026 1058 2086 montanos.
1094 2021 1216 2100 Livius,
1241 2023 1372 2106 opinor,

211 2127 338 2192 nullum
362 2129 444 2193 certi
466 2127 580 2211 populi
602 2148 722 2192 nomen
744 2134 909 2212 posuerat,
939 2128 1012 2193 sed:
1047 2149 1116 2211 per
1139 2128 1238 2191 alles
1262 2150 1373 2194 mon·

211 2241 340 2300 tanos.
398 2235 433 2299 Si
462 2234 647 2300 Salassos
679 2236 897 2314 nominasset,
931 2242 1143 2300 montanos
1176 2258 1242 2301 non
1275 2237 1373 2302 addi·

212 2342 325 2408 disset.
387 2342 539 2408 Ceterum
577 2343 701 2408 residet
733 2343 888 2407 mendum
921 2344 955 2406 in
988 2342 1254 2423 deduxerint,
1294 2365 1372 2429 quae

210 2450 302 2515 verbi
336 2451 443 2515 forma
474 2470 581 2532 neque
611 2471 684 2514 cum
713 2450 921 2515 dubitatione
952 2450 992 2514 de
1019 2451 1189 2535 praeterito
1217 2457 1372 2536 temporo

211 2579 357 2641 unquam
391 2558 515 2622 dicitur
548 2556 625 2638 (nisi
659 2558 774 2623 addito
797 2557 990 2636 forsitan,
1028 2557 1181 2637 forsan,
1214 2566 1252 2624 ut
1285 2558 1371 2625 for·

212 2666 321 2731 sitan
349 2665 496 2730 fecerit
524 2665 580 2729 sit:
615 2664 686 2730 fieri
709 2672 827 2749 potest,
856 2672 894 2730 ut
915 2664 1054 2748 fecerit),
1083 2687 1199 2750 neque,
1228 2667 1257 2731 si
1280 2666 1372 2732 dice·

210 2779 317 2852 retur,
350 2774 414 2838 hoc
442 2773 516 2838 loco
545 2775 622 2856 poni
652 2775 833 2856 potuisset,
868 2772 925 2838 ubi
953 2773 1157 2839 condicionis
1185 2774 1372 2858 requiritur

211 2881 420 2965 significatio,
445 2882 597 2964 quoniam
621 2881 732 2946 Livius
755 2904 821 2947 non
844 2881 916 2965 ipsc
940 2880 1081 2960 dubitat,
1104 2881 1162 2946 sed
1186 2889 1224 2946 ut
1246 2881 1370 2948 falsum

209 2990 273 3056 hoc
300 2990 480 3072 redarguit.
536 2989 653 3073 Itaque
682 2989 856 3069 audacter,
890 2989 948 3054 sed
981 2994 1092 3053 tamen
1119 2996 1211 3055 recte
1240 2997 1371 3055 veteres

209 3098 354 3163 editores
395 3097 664 3162 deduxissent
702 3097 951 3161 substituerunt.
1020 3096 1114 3174 Quod
1152 3099 1270 3180 negavi
1308 3097 1371 3163 fe-

209 3208 331 3270 cerim
360 3205 400 3270 de
429 3206 598 3289 praeterito
628 3212 776 3288 ternpore
807 3204 989 3269 dubitative
1014 3205 1095 3284 dici,
1129 3205 1243 3270 eodem
1267 3207 1371 3273 modo

210 3320 339 3378 erratur
368 3334 394 3375 c.
417 3316 474 3391 47,
510 3318 543 3392 5,
580 3312 636 3376 ubi
664 3312 820 3376 fuerint
847 3311 1038 3395 (petenda
1064 3311 1232 3394 fuerint)
1257 3321 1372 3380 ortum

209 3427 260 3485 cst
299 3442 338 3485 ex
377 3419 545 3484 fuerunt
582 3427 720 3502 propter
760 3420 1034 3499 travexerint,
1074 3420 1163 3504 quod
1197 3422 1371 3505 praecedit.

208 3529 314 3592 Aliter
349 3526 468 3591 dicitur
504 3529 537 3591 in
572 3527 780 3593 concedendo
809 3535 842 3592 et
870 3526 1041 3611 fingendo:
1075 3527 1205 3593 fuerit
1234 3526 1371 3597 Carbo

208 3636 446 3700 sceleratus.
482 3634 620 3716 (Eodem
637 3634 782 3718 cap.§9:
805 3634 942 3719 Neque
965 3634 1135 3700 hercule
1158 3637 1372 3706 montibus

208 3745 270 3809 his
297 3779 340 3788 —
368 3743 415 3807 ab
450 3744 634 3808 transitu
667 3742 887 3808 Poenorum
921 3742 1005 3807 ullo
1032 3779 1075 3787 —
1098 3743 1245 3809 incolat
1279 3746 1371 3830 iugi

207 3854 297 3918 eius
325 3853 461 3917 norint
483 3851 668 3930 inditum,
699 3850 768 3915 sed
791 3850 838 3915 ab
862 3872 917 3930 eo,
941 3872 1054 3933 quem
1077 3852 1373 3921 -Poeninum

208 3962 388 4026 montani
417 3958 640 4044 appellant.
693 3958 747 4022 Sic
771 3958 903 4024 codices
926 3956 1022 4038 boni;
1051 3959 1163 4024 editur
1185 3980 1203 4024 o
1225 3959 1305 4027 Lov.
1332 3968 1371 4028 3:

236 4213 259 4280 ¹)
278 4212 345 4281 Quae
362 4212 498 4282 Polybius
515 4213 555 4280 11,
582 4215 621 4280 15,
644 4214 661 4266 8
679 4213 714 4266 de
732 4212 872 4267 Tauriscis
890 4211 968 4279 dicit,
991 4231 1050 4267 non
1068 4218 1152 4268 erant
1169 4213 1207 4268 ad
1224 4214 1372 4272 Taurinos

275 4298 421 4353 trahenda.
