2994 5108
752 463 795 524 40

195 648 318 731 partim
339 645 485 731 pusillis,
513 646 745 732 conspirantes
765 647 951 728 ostendant,
979 649 1092 732 qualia
1113 650 1233 716 menda
1254 672 1355 734 quam

194 762 323 822 mature
355 778 422 822 non
455 756 490 820 in
522 776 588 821 uno
621 755 733 840 aliquo
768 756 887 822 codice
915 777 994 822 casu
1024 759 1120 837 oriri,
1154 759 1213 824 sed
1239 759 1355 843 plures

196 886 376 949 omnesque
394 864 572 949 pervadere
590 864 760 949 potuerint
776 863 881 946 (velut
897 866 930 930 in
947 866 1120 950 particulis
1130 866 1208 932 libri
1220 868 1312 933 tertii
1324 873 1354 948 7,

198 982 218 1038 6
240 974 428 1039 Rutilius
450 994 511 1057 pro
534 973 711 1052 Rutilus,
734 977 764 1053 7,
789 978 808 1038 8
831 975 1087 1040 auctoritate
1110 974 1275 1059 publice
1293 998 1356 1041 vo·

198 1082 282 1146 cati
305 1103 366 1165 pro
391 1080 604 1166 apublica
626 1083 788 1147 evocati
807 1080 849 1164 [V
868 1081 1012 1165 vocat]‚
1032 1087 1080 1162 18,
1095 1088 1130 1147 ll
1151 1085 1356 1168 ampliore

198 1188 380 1255 ferretur
401 1212 462 1274 pro
485 1189 601 1274 ampl.
622 1189 852 1270 efferretur,
875 1194 927 1270 21,
949 1196 970 1255 4
992 1197 1175 1257 senatum
1198 1192 1356 1258 consul·

198 1304 286 1362 tum
313 1319 374 1382 pro
404 1303 576 1363 senatus
604 1318 724 1377 cons,
753 1297 820 1363 ibd.
845 1303 864 1361 6
892 1301 1074 1382 peccatis
1096 1321 1156 1384 pro
1178 1308 1358 1385 peccate,

198 1407 454 1486 24,3dixerat
469 1428 530 1490 pro
549 1405 909 1489 dixerantWetiam
926 1407 1065 1474 dicens
1081 1431 1143 1493 pro
1161 1408 1290 1493 diem]‚
1302 1414 1355 1489 26,

202 1519 240 1579 12
265 1516 305 1580 in
327 1516 417 1599 ipso
435 1536 496 1599 pro
516 1516 616 1599 ipso,
635 1519 687 1595 27,
708 1521 722 1579 l
744 1514 1038 1600 L.Tarquinum
1059 1539 1121 1601 pro
1141 1516 1355 1601 L.Tarqni·

199 1624 310 1704 tium,
328 1627 380 1703 29,
399 1624 648 1689 'lLanuvium
667 1623 834 1689 exilium
851 1624 1015 1709 proLan.
1029 1626 1069 1689 in
1086 1624 1189 1704 exil,
1205 1624 1355 1690 ibd.Fa·

199 1732 291 1797 bius
309 1730 527 1808 Quinctius
544 1755 605 1817 pro
625 1731 734 1798 soloF
743 1732 870 1812 abina,
889 1736 972 1806 34,8
990 1732 1275 1817 appellatione
1293 1755 1355 1817 pro

200 1840 493 1925 appellationi,
523 1839 596 1923 [sed
617 1844 669 1920 42,
692 1847 711 1904 4
734 1840 763 1905 V
786 1848 874 1906 recte
896 1843 1113 1906 certamini
1135 1863 1196 1926 pro
1220 1848 1355 1908 certa-

199 1950 303 2013 mine
331 1951 366 2013 in
394 1947 543 2032 ceteris‚]
574 1953 629 2028 35,
658 1954 678 2014 9
706 1952 936 2015 contionem
959 1948 1007 2032 [M
1029 1948 1352 2032 contentionem]

200 2080 262 2141 pro
285 2059 517 2136 coitionem,
539 2056 605 2138 al).
650 2056 767 2140 Itaque
790 2057 842 2122 his
865 2057 1027 2123 admoniti
1050 2079 1092 2123 ne
1116 2057 1191 2123 aliis
1216 2058 1354 2141 quidem

199 2165 282 2232 locis
315 2173 413 2231 certae
447 2171 481 2230 et
512 2167 708 2230 necessariae
740 2167 863 2231 rationi
897 2172 1013 2232 contra
1046 2165 1133 2230 hunc
1161 2187 1357 2231 consensum

201 2295 318 2358 parere
341 2273 582 2352 dubitabimus,
609 2281 648 2338 ut
669 2272 733 2352 ΙΙΙ,
763 2278 820 2352 56,
853 2279 890 2338 12
914 2273 1036 2357 (quod
1058 2297 1119 2359 pro
1143 2296 1269 2358 quam,
1296 2275 1355 2339 ubi

201 2404 323 2447 cansa
345 2381 431 2446 male
453 2380 604 2446 additum
626 2381 654 2446 V
676 2380 779 2463 tollit)
802 2389 861 2446 aut
882 2382 942 2461 IV,
972 2387 1028 2461 25,
1058 2389 1086 2462 7,
1114 2384 1215 2448 etiam
1239 2384 1274 2448 in
1296 2384 1357 2448 ad·

202 2490 393 2555 ditamentis
415 2488 572 2554 tollendis
599 2488 660 2568 IV,
694 2492 751 2568 21,
784 2494 803 2554 6
832 2491 1000 2570 (metum,
1024 2491 1112 2574 quod
1133 2491 1241 2557 Faber
1264 2492 1356 2556 dam·

201 2600 316 2680 navit),
344 2599 386 2678 V,
416 2601 473 2678 53,
502 2603 520 2662 5
545 2597 701 2681 (quam),
723 2598 778 2677 Vl,
801 2602 829 2678 6,
852 2604 872 2663 8
896 2599 1178 2681 (dictatorem).
1233 2600 1357 2665 Verum

202 2708 272 2772 haec
310 2729 396 2772 nunc
434 2706 599 2772 sufficiant
640 2707 680 2772 de
719 2707 910 2773 adiumento
948 2715 1027 2792 post
1064 2710 1187 2792 primas
1220 2714 1357 2773 nostras

202 2837 299 2881 curas
324 2816 478 2880 Livianas
500 2813 691 2896 adiecto.¹)]

289 2925 416 2989 Livium
444 2930 522 3008 post
544 2923 746 3002 Rhenanam,
771 2925 952 3003 Gelenium,
976 2924 1060 2990 alios
1089 2926 1231 2989 stataria
1253 2946 1359 3008 opera

202 3056 242 3099 ac
270 3040 432 3118 perpetua
459 3032 694 3097 recensendum
724 3033 787 3097 sibi
816 3035 956 3117 sumpsit
982 3033 1102 3098 saeculo
1130 3034 1271 3116 septimo
1300 3033 1358 3098 de·

203 3144 288 3207 cimo
316 3142 364 3208 lo.
387 3141 483 3206 Fred.
507 3140 711 3218 Gronovius,
739 3142 789 3204 vir
818 3142 965 3224 ingenio,
993 3140 1133 3220 indicio,
1160 3140 1358 3207 eruditionis

203 3252 237 3315 in
267 3251 395 3315 Latinis
422 3250 543 3314 litteris
571 3251 669 3334 copia
697 3257 873 3333 praestans,
906 3254 978 3314 arte
1005 3249 1150 3313 nondum
1177 3256 1238 3313 aut
1265 3250 1357 3332 quod

203 3358 247 3423 ad
274 3380 343 3423 rem
365 3359 613 3440 grammaticam
636 3359 755 3423 attinet
777 3364 836 3422 aut
858 3359 892 3422 in
915 3358 1031 3422 critica
1052 3355 1236 3421 factitanda
1257 3358 1358 3441 plane

203 3465 402 3549 perpolitus,
436 3466 650 3550 plurimisque
684 3467 812 3548 egregie
845 3487 863 3530 e
896 3465 1066 3530 codicibus
1099 3471 1133 3529 et
1165 3466 1358 3530 coniectura

205 3573 402 3653 emendatis,
437 3595 510 3639 eam
538 3575 712 3639 constituit
734 3574 818 3637 Livii
847 3575 1007 3638 orationis
1029 3572 1183 3650 formam,
1218 3594 1291 3656 quse
1314 3574 1357 3638 ad

203 3689 352 3749 nostram
385 3689 515 3747 aetatem
542 3681 610 3747 sere
639 3687 770 3747 servata
799 3688 858 3746 est.
914 3681 995 3746 Eius
1017 3682 1155 3764 vestigia
1176 3681 1258 3763 legit
1279 3704 1358 3746 auc·

204 3792 439 3876 toritatemque
466 3792 586 3856 merito
616 3789 786 3872 amplexus
809 3796 874 3867 est,
908 3791 1082 3855 materiam
1115 3787 1258 3872 amplam
1286 3790 1358 3873 ple-

202 3921 344 3983 namque
372 3901 526 3984 exposuit
548 3906 582 3963 et
604 3920 643 3963 ex
667 3898 801 3981 optimis
824 3897 992 3962 codicibus
1015 3903 1048 3961 et
1070 3918 1110 3961 ex
1132 3896 1359 3963 deterioribus

205 4006 505 4085 Drakenborchius,
528 4005 627 4071 homo
646 4004 783 4088 ,sedulus
806 4027 844 4070 ac
862 4005 1010 4088 diligens,
1032 4004 1154 4069 iudicio
1172 4011 1274 4084 recto,
1297 4005 1357 4070 sed

233 4203 257 4269 ¹)
276 4201 356 4271 [Haec
386 4202 422 4255 de
453 4198 550 4253 codice
575 4197 733 4251 Veronensi
758 4200 856 4267 paucis
883 4198 999 4251 mutatis
1025 4214 1060 4250 ex
1085 4195 1255 4266 praelatione
1281 4196 1358 4252 Livii

276 4288 412 4341 librorum
431 4285 555 4354 quinque
575 4283 730 4352 primorum
748 4284 849 4337 iterum
868 4285 901 4350 (a
923 4281 999 4348 1873)
1023 4281 1163 4335 editorum
1185 4281 1241 4335 huc
1264 4287 1358 4338 trans·

273 4374 339 4440 tuli;
358 4389 422 4428 nam
441 4375 469 4424 et
487 4369 643 4423 necessaria
659 4370 768 4423 mentio
786 4376 846 4423 erat
863 4385 914 4423 neo
932 4368 989 4420 nlla
1006 4383 1098 4434 causa,
1116 4386 1174 4435 cnr,
1193 4384 1256 4437 quae
1271 4371 1359 4425 semel

276 4457 452 4513 considerate
470 4455 645 4525 scripseram,
663 4451 927 4522 seminariam]
