3000 5116
659 465 719 525 311
1102 479 1163 534 Lib.
1181 424 1268 534 XXII.

107 669 242 731 neque
259 647 341 713 hiis
358 655 551 714 sescenta
567 647 698 713 millia
715 648 855 713 hostes
874 648 1091 730 obstitere)
1112 650 1267 717 efficitur:

109 776 243 837 neque
265 754 330 820 his
352 756 567 821 sexcentis
589 756 730 822 hostes
754 756 966 821 obstitere.
1002 757 1133 822 Millia
1156 764 1268 823 natum

111 871 163 928 est
191 884 231 927 ex
253 864 468 946 praecedenti:
503 886 550 929 ex
577 863 763 929 millibus
793 871 958 948 septem.
1018 870 1098 929 1862
1122 872 1156 930 et
1178 866 1268 950 apud

110 969 372 1053 Ingerslevium.]
432 972 536 1037 Paulo
576 971 772 1055 exquisitior
811 971 997 1037 emendatio
1032 973 1185 1038 facienda
1218 982 1269 1040 est

110 1078 129 1162 ᾖ
153 1083 210 1156 21,
238 1079 296 1143 ubi
319 1078 423 1162 (qnod
446 1079 489 1144 ad
512 1100 553 1144 ea
574 1081 703 1158 attinet,
733 1078 773 1143 de
797 1079 918 1162 quibus
940 1080 1065 1162 agitur)
1088 1082 1134 1145 sic
1157 1083 1191 1145 in
1215 1102 1269 1147 co·

111 1187 243 1251 dicibus
266 1187 440 1252 scribitur:
463 1187 575 1251 Nune
597 1193 729 1253 autem
753 1187 1086 1271 quemadmodum
1109 1188 1148 1254 hi
1171 1189 1268 1255 boni

110 1294 345 1376 fidelesque
379 1293 481 1375 (nam
515 1295 647 1360 fortes
680 1315 726 1359 ne
762 1295 844 1376 ipsi
879 1295 1039 1376 quidem
1073 1296 1267 1379 dixerint)

105 1405 221 1467 cives
244 1423 333 1468 esse
355 1404 551 1487 possunt?
575 1402 662 1466 Nisi
685 1403 777 1485 quis
800 1403 965 1467 credere
983 1409 1123 1486 potest
1140 1404 1267 1470 fuisse

110 1518 156 1576 ut
173 1510 490 1594 erumpentibus,
515 1511 592 1592 qui,
614 1531 662 1574 ne
680 1518 942 1592 erumperent
959 1509 999 1592 (P
1017 1512 1267 1593 quinecrum-

111 1625 272 1705 petent,
301 1618 360 1683 cM
389 1619 456 1702 qui
484 1639 556 1683 nec
586 1617 859 1700 erumperent)
889 1618 1098 1683 obsistere
1127 1621 1266 1686 conati

105 1733 222 1805 sunt,
246 1733 316 1792 aut
338 1747 417 1792 uon
440 1726 625 1791 invidere
649 1746 717 1790 eos
740 1747 858 1807 quum
880 1726 1163 1791 incolumitati
1187 1735 1267 1794 tum

106 1835 254 1919 gloriae
282 1833 448 1899 illorum
476 1855 547 1918 per
576 1836 769 1898 virtutem
799 1838 939 1915 partae,
974 1856 1092 1917 quum
1115 1836 1197 1901 sibi
1219 1838 1267 1901 ti·

109 1963 261 2008 morem
294 1943 584 2025 ignaviamque
621 1942 839 2006 servitutis
868 1942 1150 2023 ignominiosae
1180 1966 1284 2027 eau-¹

105 2036 196 2116 sam
223 2071 313 2115 esse
341 2051 486 2115 sciant.
542 2049 587 2115 Ut
615 2049 782 2114 sententia
809 2048 924 2132 aliqua
951 2072 990 2114 ex
1018 2051 1105 2116 istis:
1139 2052 1268 2118 fuisse

107 2167 156 2225 ut
185 2156 496 2241 erumpentibus
525 2157 714 2236 eliceretm,
748 2157 1034 2222 Weissenbornius
1065 2159 1155 2240 (nam
1184 2160 1267 2228 alio-

108 2288 187 2332 rum
209 2273 348 2332 conatus
371 2266 504 2343 omitto,
539 2286 681 2348 quorum
709 2265 760 2328 vix
789 2265 965 2347 quisquam
990 2266 1053 2331 sibi
1075 2268 1146 2350 ipse
1169 2270 1267 2333 satis-

109 2373 215 2456 fecit),
238 2395 338 2456 quum
356 2374 554 2456 scripsisset:
578 2373 705 2437 fuisse
723 2379 804 2436 tum
823 2374 1140 2456 erumpentibus
1160 2376 1267 2441 audiri

107 2505 153 2548 ex
187 2480 412 2565 superioribus
445 2480 547 2546 voluit
587 2480 713 2545 bonos
752 2479 999 2563 fidelesque.
1063 2481 1127 2547 Sed
1160 2504 1266 2565 neque

106 2591 241 2656 fuisse
269 2589 356 2654 nude
384 2590 432 2653 sio
462 2588 526 2654 diei
554 2594 664 2671 potest
693 2587 745 2667 (ut
771 2588 815 2651 sit
842 2588 949 2654 tales
972 2589 1126 2670 fuisse),
1161 2613 1266 2675 neque

107 2699 238 2764 bonus
265 2696 489 2780 fidelisque
518 2697 750 2779 erumpenti
779 2695 933 2759 Latinum
962 2704 1027 2775 est,
1061 2718 1168 2781 neque
1199 2721 1267 2763 om-

107 2809 192 2872 nino
224 2805 437 2889 predicatum
470 2825 510 2868 ex
542 2805 712 2887 superiore
741 2803 1001 2887 interrogatione
1030 2806 1113 2869 sumi
1144 2812 1265 2888 potest,

107 2920 315 2999 repugnante
341 2919 415 2979 tota
443 2912 603 2978 orationis
631 2910 749 2993 figura,
784 2931 856 2993 quae
885 2918 999 2994 aperte
1021 2913 1183 2994 postulat,
1218 2921 1264 2992 ut,
1283 2926 1353 2993 (255)

101 3021 388 3108 quemadmodum
421 3021 455 3085 in
488 3019 594 3085 altero
623 3018 660 3084 fit
687 3019 833 3083 membro
862 3019 946 3099 (aut
976 3041 1051 3084 non
1080 3020 1267 3086 invidere

109 3152 183 3196 eos
228 3151 344 3213 quum
390 3128 676 3194 incolumitati
715 3133 797 3190 tum
842 3126 982 3207 gloriae
1022 3127 1186 3192 illorum
1225 3163 1269 3172 -

101 3260 232 3324 -qunm
253 3236 340 3319 cet),
363 3243 505 3320 ponatur
528 3257 587 3318 per
609 3234 748 3300 ironiam
770 3234 843 3316 (sed
865 3237 898 3299 iu
921 3233 984 3300 hoc
1002 3235 1149 3300 membro
1169 3235 1269 3300 adfir-

108 3345 247 3426 mative)
269 3344 405 3428 aliquid,
427 3345 460 3409 in
483 3365 548 3426 quo
569 3343 629 3407 illa
651 3343 782 3408 bonitas
806 3342 939 3437 ettides
957 3350 1126 3426 appareat,
1150 3343 1269 3408 deinde

107 3455 146 3519 id
170 3454 293 3537 ipsum,
327 3453 458 3517 adiecta
485 3452 651 3518 sententia
679 3451 832 3527 relativa,
867 3450 1005 3515 tollatur
1033 3456 1066 3515 et
1090 3457 1269 3517 evertatur.

103 3559 338 3628 Certissimam
371 3560 564 3625 medicinam
600 3560 742 3641 graviori
769 3558 912 3622 vulneris
941 3561 1029 3641 parti
1058 3581 1126 3623 una
1154 3559 1271 3624 littera

106 3669 231 3736 addita
246 3669 390 3735 adferet:
413 3667 499 3732 Nisi
522 3667 610 3749 quis
628 3666 794 3730 credere
812 3672 963 3748 potest,
987 3666 1130 3729 tuilsse
1149 3688 1271 3731 erum·

109 3777 326 3863 pentibus,
367 3776 449 3860 qui,
488 3797 534 3839 ne
568 3781 845 3857 erumperent,
888 3774 1097 3839 obsistere
1132 3775 1271 3839 conati

105 3891 222 3965 suut,
256 3892 327 3950 aut
359 3905 435 3950 non
468 3883 654 3948 invidere
684 3867 751 3947 oet.
811 3881 861 3946 Ne
895 3881 977 3946 illud
1010 3882 1145 3963 quidem
1179 3881 1271 3945 credi

109 4014 211 4080 posse
233 3992 422 4076 Torquatus
445 3991 539 4068 dicit,
567 3990 629 4056 hos
651 3989 809 4067 homines,
839 3990 928 4071 quod
950 3989 1110 4053 bonorum
1135 3994 1168 4052 et
1190 3987 1270 4052 fide-

108 4103 196 4168 lium
229 4101 349 4166 civium
381 4098 481 4164 fuerit
512 4100 636 4180 sitque,
670 4098 800 4163 etiamsi
829 4118 893 4161 non
921 4096 1073 4173 fortium,
1108 4103 1166 4160 aut
1196 4103 1272 4161 vota

102 4208 233 4274 iecisse
255 4229 315 4292 pro
338 4207 585 4291 erumpentibus
609 4213 642 4271 et
663 4205 783 4271 favisse
806 4206 884 4270 forti
908 4203 1061 4281 consilio,
1091 4204 1185 4268 cuius
1208 4204 1272 4286 ipsi

106 4317 294 4402 participes
318 4336 391 4380 esse
413 4336 478 4380 non
502 4314 672 4392 auderent,
695 4320 754 4378 aut
770 4333 855 4377 nuno
873 4312 1099 4376 incolumitate
1117 4318 1151 4376 et
1166 4311 1274 4394 gloria
