2994 5108
624 465 684 527 633
976 510 978 515 ·
1060 478 1122 534 Lib.
1141 478 1227 536 XLII.

164 649 243 735 Cap.
267 654 318 716 26.
359 649 396 714 In
419 650 482 715 hoc
504 650 614 734 capite
638 650 807 734 complura
830 651 1034 716 emendanda
1057 657 1144 731 sunt,
1167 652 1228 718 mi·

117 760 263 839 realia,
288 759 354 825 alia
376 758 476 844 paulo
499 759 634 824 maiora.
680 758 825 824 Primum
847 760 954 843 ipsum
976 760 1105 825 initium
1129 761 1229 826 attin·

116 867 219 933 ndum
241 875 292 933 est
315 865 346 951 (ἓ
372 873 386 931 1
413 874 446 933 et
469 868 516 949 2):
541 867 669 950 Magis
692 888 710 932 e
732 889 821 953 rep.
845 869 975 934 visum
999 877 1102 948 erat,
1126 889 1229 933 com·

117 977 196 1040 imi
219 996 263 1041 ac
286 976 428 1042 sedari
451 983 719 1059 exasperatos
742 976 927 1058 Ligures,
947 999 1075 1062 ‚quum
1097 976 1228 1043 Mece-

117 1085 262 1150 ›nicum
296 1084 445 1150 bellurn
479 1091 801 1168 exspectaretur.
848 1085 1040 1151 Gentium
1068 1107 1224 1170 quoque
1243 1100 1314 1172 (521)

117 1195 205 1258 -sic
228 1195 399 1258 sententiae
423 1192 615 1278 separandae
639 1199 714 1258 sunt
736 1193 801 1274 -),
831 1193 1065 1279 Illyriorum
1088 1215 1228 1278 regern,

117 1309 312 1385 [spectum
346 1300 530 1366 Issenses
563 1301 692 1384 legati
715 1302 918 1382 fecerunt,
952 1303 1070 1368 simul
1094 1305 1229 1386 questi

117 1431 182 1474 nes
206 1430 301 1474 suos
336 1409 517 1475 secundo
550 1409 800 1493 populatum,
836 1411 953 1475 simul
987 1412 1228 1477 nuntiantes

117 1525 139 1582 t.
191 1517 281 1582 Nihil
314 1525 366 1583 est
398 1517 574 1583 secundo
609 1518 848 1601 populatum
882 1541 941 1602 pro
983 1520 1131 1604 iterum
1170 1529 1229 1584 aut

117 1627 186 1691 tius
211 1624 381 1709 (quoniam
405 1646 456 1690 res
480 1632 557 1691 ente
581 1633 837 1691 commemorata
857 1649 923 1692 non
947 1628 1010 1709 est)
1034 1627 1106 1692 bis.
1149 1626 1227 1693 Cod.

117 1734 192 1799 ,betz
234 1734 353 1798 simul
393 1734 1148 1819 quaestionesoosecundopopulatum,
1189 1757 1228 1801 ex

117 1863 142 1907 ,ο
163 1842 203 1907 fit
237 1842 356 1907 simul
391 1844 540 1924 quest',
574 1841 679 1906 fines
714 1862 810 1908 auos
844 1862 922 1905 erm
951 1845 1228 1924 depopulatur.

117 1952 251 2017 {minato
285 1972 299 2013 s
334 1972 373 2015 er
408 1950 570 2016 seumde
600 1957 708 2015 ortum
738 1951 929 2030 secundo,
954 1951 1228 2035 quemadmodum

142 2063 236 2139 23‚8
265 2060 299 2125 in
322 2059 356 2124 M
385 2080 424 2124 ex
453 2080 493 2125 se
527 2058 705 2140 undique
740 2066 848 2123 ortum
881 2067 931 2125 est
965 2060 1227 2145 secundique.

117 2189 139 2233 o
162 2174 392 2251 suspectum
416 2167 601 2233 Issenses
630 2166 700 2232 cod.
725 2173 961 2251 susceptum
983 2188 1085 2246 esse,
1109 2169 1143 2233 in
1163 2189 1228 2251 quo

117 2277 182 2359 egis
206 2275 382 2359 significari
404 2275 533 2341 videtur
561 2275 675 2340 Issaei
705 2274 852 2356 (Issei),;
887 2277 986 2341 etiem
1014 2275 1031 2359 ἓ
1054 2282 1073 2340 4
1097 2276 1143 2341 de
1166 2298 1228 2341 re·
1342 2285 1350 2295 ‘

117 2385 251 2450 :ssisse
286 2384 347 2463 (sic
381 2385 466 2475 enim
500 2381 669 2463 scribitur)
703 2382 830 2448 facilius
852 2404 955 2468 prope
979 2405 1033 2448 ex:
1068 2384 1114 2449 de
1136 2405 1228 2466 rege

122 2493 190 2558 saei
213 2514 311 2577 quem
335 2514 389 2558 ex:
425 2492 469 2557 de
503 2512 595 2575 rege
617 2488 801 2557 Issenses
832 2493 910 2557 oriri
933 2493 1055 2576 potuit3
1090 2499 1228 2576 utraque

119 2601 215 2666 minis
231 2601 336 2665 forma
350 2600 460 2666 Livius
472 2602 578 2666 utitur
589 2598 746 2683 (Isseeus
764 2599 881 2680 XXXI,
893 2605 943 2680 45,
958 2606 1005 2682 10,
1018 2601 1116 2682 XLII,
1128 2604 1179 2680 48,
1193 2606 1228 2682 8;

118 2708 253 2774 cralde
277 2709 403 2788 dubito,
426 2711 505 2793 quin
528 2707 661 2787 IUIXII,
686 2711 736 2786 21,
761 2712 801 2772 27
825 2709 937 2774 Issaei
965 2710 1087 2775 lembi
1115 2709 1228 2794 appel·

117 2817 135 2882 ti
169 2817 291 2882 fuerint
324 2816 467 2895 aLivio‚
501 2838 567 2882 non
600 2815 771 2896 Issaici).
816 2816 920 2882 Paulo
954 2824 1029 2901 post
1060 2816 1118 2899 §4
1152 2838 1227 2901 pro:

117 2927 306 3004 ransitum,
330 2925 476 3009 ecquid
499 2926 556 2990 ita
578 2946 654 2989 non
678 2924 863 2990 adissent
886 2926 1169 3009 magistratum
1196 2927 1230 2990 in

119 3034 150 3099 d.
175 3040 239 3099 est:
264 3035 476 3116 quaesitum
500 3041 539 3098 et
561 3032 658 3117 quid
682 3040 753 3101 cet..
778 3033 863 3098 unde
887 3031 971 3098 effici
995 3033 1107 3097 debet:
1132 3053 1229 3114 quee-

117 3148 200 3207 tum
234 3152 309 3219 est,
343 3141 440 3226 quid
472 3143 540 3207 ita.
586 3141 669 3206 Nam
704 3141 849 3224 ecquid
882 3142 940 3207 ita
973 3161 1079 3225 neque
1109 3141 1231 3206 dicitur

117 3251 200 3316 itate
223 3271 329 3333 neque
353 3252 516 3316 rationem
544 3248 660 3327 habet,
696 3251 851 3333 quoniam
880 3249 920 3315 de
949 3271 1063 3329 causa,
1096 3248 1161 3314 non'
1190 3250 1230 3315 de

117 3367 166 3425 eto
200 3360 367 3444 quaeritur.
420 3357 544 3424 Deinde
578 3378 678 3442 prave
712 3356 728 3441 ξ
764 3362 781 3421 6
817 3357 941 3422 editur:
975 3358 1230 3442 Responsum

117 3489 281 3551 ,mquam
305 3468 467 3550 legatis,
492 3473 534 3531 ut
557 3467 623 3548 qui
646 3466 762 3530 adire
787 3473 971 3530 senatum
994 3487 1070 3531 non
1094 3472 1230 3549 postu·

123 3583 249 3654 ssent,
273 3576 361 3640 dari
383 3597 460 3640 non
484 3575 652 3659 placuit.
693 3573 777 3638 Nem
800 3574 915 3639 adire
938 3574 1101 3658 postulo
1125 3595 1230 3659 neque

118 3684 189 3749 vius
222 3705 327 3768 neque
361 3685 419 3749 elii
452 3684 545 3749 bonae
579 3685 687 3748 aetatis
721 3703 826 3766 prosae
861 3684 1020 3749 orationis
1055 3684 1231 3767 scriptores

117 3799 230 3857 xerunt
265 3796 320 3874 (-
354 3793 520 3876 postulo
554 3812 611 3856 me
646 3791 763 3856 adire
791 3797 882 3856 recto
911 3792 1031 3856 dicitur
1052 3794 1118 3870 -)‚
1142 3799 1175 3856 et
1196 3793 1230 3856 in

118 3901 188 3967 dice
211 3922 275 3966 non
299 3901 421 3978 adire,
444 3900 502 3965 sed
525 3900 689 3964 adIrent
713 3901 870 3983 scriptum
894 3908 952 3964 est.
987 3899 1103 3983 Itaque
1121 3907 1230 3965 trans·

117 4010 194 4074 sitis
230 4016 272 4074 ut
306 4017 339 4074 et
362 4010 430 4093 qui
453 4008 553 4073 scribi
588 4007 702 4072 debet:
738 4008 991 4091 Responsum
1026 4011 1230 4090 tamquam

120 4118 239 4201 gatis,
262 4119 343 4202 qui,
367 4127 410 4181 ut
434 4116 596 4181 adirent
619 4122 812 4195 senatum,
836 4138 911 4181 non
934 4114 1229 4199 postulassent,

131 4248 163 4290 n.
188 4224 231 4309 pl.
255 4225 332 4310 (hoc
356 4233 419 4290 est:
453 4223 637 4289 hominibus
659 4225 715 4303 iis,
746 4226 802 4307 qui
829 4245 895 4290 non
918 4223 1029 4307 post).
1076 4221 1231 4304 Sequitur

133 4333 301 4399 lenissima
323 4342 357 4398 et
380 4333 562 4398 certissima
585 4334 743 4398 correctio
767 4331 878 4397 mendi
900 4332 1008 4415 prima
1025 4332 1133 4415 specie
1157 4351 1230 4414 per·
