3000 5116
685 488 748 549 245

138 693 272 758 quoque
299 674 423 739 mansit
449 673 566 740 folium
594 696 695 739 unum
724 674 895 739 continens
925 694 951 737 o.
976 676 1033 753 37,
1064 677 1082 737 3
1111 673 1154 738 ad
1178 677 1236 754 38,
1265 678 1293 738 2.

137 781 177 846 In
204 781 257 847 bis
284 782 386 864 igitur
412 783 565 867 partibus
594 803 708 848 eorum
738 782 887 847 codicum
916 783 1114 848 auctoritate
1144 782 1297 847 standum

139 896 205 970 est,
233 891 289 973 qui
318 890 366 956 illi
394 892 535 976 proximi
564 899 655 970 sunt,
685 912 702 956 e
731 891 851 975 quibus
882 911 982 974 supra
1005 896 1132 956 eeteros
1155 891 1298 956 eminent

137 997 306 1065 Medioeus
329 998 391 1081 (M)
413 1020 485 1065 sao.
503 999 551 1064 XI
573 998 622 1082 (in
643 1000 717 1065 libr.
736 998 837 1075 XXX,
862 1002 912 1078 26,
938 1003 977 1064 10
996 999 1174 1082 deficiens),
1198 1001 1292 1065 ouius
1311 1013 1382 1081 (205)

139 1106 323 1192 scripturas
352 1128 373 1173 a
401 1108 545 1175 Salviuio
580 1109 662 1174 satis
697 1107 907 1192 neglegenter
940 1115 1112 1192 excerptas
1147 1108 1296 1174 Draken-

137 1213 295 1280 borobius
323 1214 426 1301 (apud
449 1239 546 1301 quem
568 1217 780 1282 Florentinus
803 1215 1006 1299 appellatur)
1029 1217 1188 1300 vulgavit,
1218 1239 1295 1301 par·

138 1330 207 1389 tem
245 1325 390 1408 priorem
430 1325 507 1391 libri
541 1325 620 1390 XXI
657 1326 778 1391 iterum
811 1322 1037 1389 Alschefskius
1071 1325 1223 1405 eontulit,
1263 1332 1297 1391 et

139 1428 350 1498 colbertinus
379 1431 434 1514 (Ο,
461 1433 670 1513 Parisiensis,
699 1455 770 1498 saeo.
795 1431 887 1514 XII),
916 1435 1011 1497 ouius
1039 1435 1219 1517 scripturas
1241 1434 1297 1499 Al·

137 1539 322 1607 schefskius
349 1542 385 1606 in
413 1541 507 1607 libris
530 1542 623 1620 XXI,
652 1541 761 1620 XXII,
790 1540 902 1605 XXIII
929 1543 1076 1624 integras
1106 1542 1197 1606 dedit
1219 1565 1239 1608 a
1262 1564 1296 1608 se

137 1650 228 1733 ipen,
257 1651 291 1715 in
317 1649 395 1715 libri
417 1649 510 1714 XXX
533 1672 573 1715 ea
594 1655 704 1734 parte,
735 1668 807 1732 qua
830 1651 863 1714 in
886 1649 1053 1715 Puteaneo
1077 1650 1295 1728 desideratur,

136 1758 315 1843 plerasque
338 1779 359 1823 a
380 1757 510 1824 Millero
538 1764 685 1825 notatas.
735 1758 796 1823 His
826 1758 1020 1841 adiungitur
1042 1757 1296 1841 Bambergensis

138 1866 195 1948 (Β)
218 1866 338 1949 aliquis
361 1865 395 1947 (a
416 1866 493 1931 libri
515 1866 623 1931 XXIV
646 1888 672 1931 o.
698 1870 716 1929 7
740 1865 901 1948 ordiens),
931 1867 1024 1931 ouius
1054 1867 1234 1949 scripturas
1262 1868 1297 1931 in

138 1975 216 2040 aliis
237 1975 332 2040 libris
355 1974 464 2055 Fabri,
488 1976 521 2040 in
545 1981 692 2040 extrema
713 1982 809 2059 parte
837 1974 915 2039 libri
937 1974 1029 2038 XXX
1052 1974 1166 2039 eodem
1194 1976 1292 2040 modo

139 2082 369 2149 Alschefskius
391 2082 545 2167 vulgavit.
585 2083 634 2148 De
646 2080 920 2166 Cantabrigiensi,
944 2104 964 2147 a
986 2083 1107 2148 Iacobo
1131 2084 1296 2149 Grouorio

138 2191 193 2257 bio
225 2191 294 2256 illio
328 2192 492 2275 inspecto,
526 2192 591 2257 etsi
619 2191 662 2256 ad
690 2191 842 2257 meliores
869 2192 1024 2271 inclinat,
1058 2193 1218 2257 incertum
1247 2200 1297 2257 est

139 2300 308 2380 iudicium,
337 2321 418 2365 usus
442 2301 649 2383 perexiguus.
699 2298 817 2379 Ceteri,
840 2301 896 2385 qui
919 2302 1140 2380 innotuerunt,
1163 2300 1297 2385 (praeter

141 2408 330 2494 Spirensem
366 2410 399 2473 in
427 2409 522 2474 libris
553 2408 807 2493 posterioribus)
835 2416 981 2474 recentes
1011 2430 1138 2486 omnes,
1172 2410 1297 2475 nullum

139 2539 281 2602 usquam
325 2523 526 2582 momentum
570 2517 710 2598 faciunt3
755 2518 1068 2602 interpolationibus
1111 2520 1296 2584 temerariis

140 2626 351 2691 intermixtas
381 2626 505 2691 habent
526 2626 580 2691 bio
608 2625 677 2690 illio
704 2627 867 2691 minorum
895 2627 1088 2692 mendorum
1110 2649 1203 2693 veras
1227 2650 1298 2694 eor·

140 2734 318 2800 rectiones.

224 2840 354 2907 Codicis
375 2841 534 2908 Puteanei
556 2845 750 2927 praestantia
771 2843 916 2908 cernitur
937 2865 1005 2908 non
1027 2845 1147 2926 peritia
1168 2844 1297 2909 librarii

139 2949 274 3036 (ipsius,
304 2950 361 3032 qui
389 2950 475 3015 huno
504 2952 650 3036 scripsit,
678 2959 737 3017 aut
765 2973 894 3030 eornm,
923 2951 1041 3035 quibus
1065 2952 1234 3033 suecessit)
1258 2974 1297 3017 ae

138 3080 180 3126 ne
213 3057 386 3142 diligentia
420 3060 552 3142 quidem
586 3066 646 3125 aut
679 3060 837 3143 religione
872 3060 1047 3138 eiusmodi,
1081 3081 1180 3143 quam
1215 3082 1296 3125 non-

138 3166 307 3233 nullorum
342 3168 496 3250 opinione
531 3174 565 3233 et
594 3169 743 3233 oratioue
773 3168 871 3232 buius
900 3174 935 3232 et
963 3169 1117 3233 similium
1147 3169 1296 3233 codicum

138 3274 286 3341 librariis
315 3275 417 3341 tribui
445 3277 556 3356 video,
586 3270 648 3342 'sed
679 3299 779 3362 quum
808 3278 883 3360 ipsa
913 3277 1128 3358 antiquitate,
1152 3276 1214 3342 hoo
1238 3284 1296 3356 est,

138 3384 272 3450 errandi
305 3404 407 3449 causa
439 3387 546 3450 minus
580 3385 813 3469 multiplicata,
853 3392 923 3450 tum
963 3407 1039 3449 vero
1072 3388 1212 3451 maxime
1247 3409 1295 3461 ea,

139 3512 213 3576 quae
243 3514 317 3557 oum
345 3498 444 3558 aetate
474 3495 651 3559 coniuncta
678 3501 744 3572 est,
780 3495 911 3559 errandi
939 3501 1040 3578 atque
1068 3496 1167 3559 etiam
1195 3495 1296 3560 inter·

138 3600 292 3686 polandi‚
327 3601 382 3665 ubi
412 3602 625 3686 interpolatio
656 3603 846 3677 intervenit,
882 3601 1093 3686 simplicitate
1129 3611 1162 3668 et
1189 3606 1296 3688 prima

137 3709 255 3777 forma.
311 3709 397 3774 Nam
426 3731 466 3774 ex
494 3712 765 3794 praestantissimo
795 3711 874 3790 hoo,
908 3713 935 3775 si
964 3734 1038 3776 eum
1067 3713 1186 3777 ceteris
1209 3734 1296 3777 oom-

138 3825 293 3903 paratur,
327 3817 371 3882 ad
405 3819 556 3883 criticum
589 3841 686 3884 usum
720 3820 833 3885 codice
862 3820 1008 3905 intellegi
1038 3826 1164 3903 potest,
1198 3840 1295 3903 quam

139 3928 249 3993 vitiosi
283 3933 361 3992 ante
390 3927 478 3992 mille
501 3949 603 3993 annos
631 3929 697 3993 iam
725 3928 848 3992 fuerint
875 3930 1074 4012 scriptorum
1103 3927 1296 3992 Latinorum

140 4035 289 4116 codices,
323 4042 357 4100 et
390 4036 667 4119 quemadmodum
702 4042 735 4101 et
768 4036 903 4100 lacunas
937 4043 970 4101 et
1004 4036 1157 4102 foliorum
1185 4043 1295 4100 trans·

139 4145 323 4227 positiones
351 4165 418 4209 nou
449 4144 482 4209 in
504 4144 671 4209 Puteaneo
700 4145 773 4228 ipso
804 4153 908 4223 ortas,
942 4145 999 4209 sed
1029 4146 1095 4209 iam
1125 4145 1158 4208 in
1183 4144 1294 4208 codice

141 4252 209 4317 eius
238 4257 376 4335 parente
404 4251 506 4317 fuisse
528 4253 726 4331 videbimus,
761 4253 808 4318 sio
837 4255 936 4318 etiam
960 4253 1123 4318 scribendi
1148 4274 1294 4317 errorum

139 4358 228 4425 bona
259 4381 339 4445 pars
372 4362 540 4443 antiquior
566 4361 735 4426 Puteaneo
771 4361 873 4427 fuisse
908 4369 1029 4447 potest.
1087 4360 1294 4444 (Exemplum

140 4469 216 4534 nori
243 4467 356 4533 mendi
381 4468 416 4534 in
445 4490 484 4534 eo
512 4475 572 4534 aut
599 4471 666 4534 iam
689 4476 765 4536 ante
789 4490 862 4535 eum
886 4491 925 4535 ex
947 4469 1143 4553 antiquioris
1166 4490 1293 4534 correo·

1255 4702 1259 4713 Ι

1060 4684 1296 4808 '1-
