<?xml version="1.0" encoding="UTF-8"?>
<!DOCTYPE html PUBLIC "-//W3C//DTD XHTML 1.0 Transitional//EN"
    "http://www.w3.org/TR/xhtml1/DTD/xhtml1-transitional.dtd">
<html xmlns="http://www.w3.org/1999/xhtml" xml:lang="en" lang="en">
 <head>
  <title>
</title>
<meta http-equiv="Content-Type" content="text/html;charset=utf-8" />
  <meta name='ocr-system' content='tesseract 3.04.00' />
  <meta name='ocr-capabilities' content='ocr_page ocr_carea ocr_par ocr_line ocrx_word'/>
</head>
<body>
  <div class='ocr_page' id='page_1' title='image "./emendationesliv00madvgoog_0638.png"; bbox 0 0 2994 5108; ppageno 0'>
   <div class='ocr_carea' id='block_1_1' title="bbox 676 486 1278 554">
    <p class='ocr_par' dir='ltr' id='par_1_1' title="bbox 676 486 1278 554">
     <span class='ocr_line' id='line_1_1' title="bbox 676 486 1278 554; baseline 0.01 -8"><span class='ocrx_word' id='word_1_1' title='bbox 676 486 737 547; x_wconf 76' lang='lat'><strong>623</strong></span> <span class='ocrx_word' id='word_1_2' title='bbox 965 534 968 541; x_wconf 79' lang='lat'><strong>,</strong></span> <span class='ocrx_word' id='word_1_3' title='bbox 1108 498 1171 554; x_wconf 86' lang='lat' dir='ltr'><strong>Lib.</strong></span> <span class='ocrx_word' id='word_1_4' title='bbox 1191 498 1278 553; x_wconf 86' lang='lat' dir='ltr'><strong>XLII.</strong></span> 
     </span>
    </p>
   </div>
   <div class='ocr_carea' id='block_1_2' title="bbox 123 667 1386 3344">
    <p class='ocr_par' dir='ltr' id='par_1_2' title="bbox 135 667 1368 1187">
     <span class='ocr_line' id='line_1_2' title="bbox 223 667 1368 754; baseline 0.007 -20"><span class='ocrx_word' id='word_1_5' title='bbox 223 667 300 754; x_wconf 85' lang='lat' dir='ltr'><strong>Cap.</strong></span> <span class='ocrx_word' id='word_1_6' title='bbox 326 669 375 748; x_wconf 91' lang='grc'><strong>10,</strong></span> <span class='ocrx_word' id='word_1_7' title='bbox 399 674 418 734; x_wconf 85' lang='grc'>5</span> <span class='ocrx_word' id='word_1_8' title='bbox 440 669 492 751; x_wconf 78' lang='lat' dir='ltr'><strong>(Q.</strong></span> <span class='ocrx_word' id='word_1_9' title='bbox 520 670 655 736; x_wconf 87' lang='lat' dir='ltr'><strong>Fulvius</strong></span> <span class='ocrx_word' id='word_1_10' title='bbox 689 670 827 742; x_wconf 85' lang='lat' dir='ltr'><strong>Flaccus</strong></span> <span class='ocrx_word' id='word_1_11' title='bbox 861 670 990 752; x_wconf 84' lang='lat' dir='ltr'><strong>censor)</strong></span> <span class='ocrx_word' id='word_1_12' title='bbox 1025 671 1146 736; x_wconf 75' lang='lat' dir='ltr'><strong>aedem</strong></span> <span class='ocrx_word' id='word_1_13' title='bbox 1180 670 1279 737; x_wconf 89' lang='lat' dir='ltr'><strong>For·</strong></span> <span class='ocrx_word' id='word_1_14' title='bbox 1297 685 1368 754; x_wconf 78' lang='lat'><strong>(518)</strong></span> 
     </span>
     <span class='ocr_line' id='line_1_3' title="bbox 137 777 1285 864; baseline -0.001 -21"><span class='ocrx_word' id='word_1_15' title='bbox 137 777 531 863; x_wconf 84' lang='lat' dir='ltr'><strong>tunaeEquestris—</strong></span> <span class='ocrx_word' id='word_1_16' title='bbox 549 799 676 843; x_wconf 88' lang='lat' dir='ltr'><strong>annos</strong></span> <span class='ocrx_word' id='word_1_17' title='bbox 694 800 763 844; x_wconf 86' lang='lat' dir='ltr'><strong>sex</strong></span> <span class='ocrx_word' id='word_1_18' title='bbox 780 785 876 862; x_wconf 89' lang='lat' dir='ltr'><strong>post,</strong></span> <span class='ocrx_word' id='word_1_19' title='bbox 897 799 1011 864; x_wconf 91' lang='lat' dir='ltr'><strong>quam</strong></span> <span class='ocrx_word' id='word_1_20' title='bbox 1030 783 1204 858; x_wconf 84' lang='lat' dir='ltr'><strong>voverat,</strong></span> <span class='ocrx_word' id='word_1_21' title='bbox 1224 778 1285 843; x_wconf 92' lang='lat' dir='ltr'><strong>de-</strong></span> 
     </span>
     <span class='ocr_line' id='line_1_4' title="bbox 138 885 1288 970; baseline -0.001 -18"><span class='ocrx_word' id='word_1_22' title='bbox 138 886 302 953; x_wconf 83' lang='lat' dir='ltr'><strong>dicarit.</strong></span> <span class='ocrx_word' id='word_1_23' title='bbox 346 885 449 953; x_wconf 88' lang='lat' dir='ltr'>Miror</span> <span class='ocrx_word' id='word_1_24' title='bbox 471 886 609 951; x_wconf 88' lang='lat' dir='ltr'><strong>tacitum</strong></span> <span class='ocrx_word' id='word_1_25' title='bbox 631 885 693 951; x_wconf 93' lang='lat' dir='ltr'><strong>hoc</strong></span> <span class='ocrx_word' id='word_1_26' title='bbox 721 887 899 970; x_wconf 75' lang='lat' dir='ltr'><strong>praeteriri,</strong></span> <span class='ocrx_word' id='word_1_27' title='bbox 931 908 1007 952; x_wconf 91' lang='lat' dir='ltr'><strong>nam</strong></span> <span class='ocrx_word' id='word_1_28' title='bbox 1040 895 1077 952; x_wconf 90' lang='lat' dir='ltr'><strong>ut</strong></span> <span class='ocrx_word' id='word_1_29' title='bbox 1110 886 1288 966; x_wconf 84' lang='lat' dir='ltr'>dubitetur,</span> 
     </span>
     <span class='ocr_line' id='line_1_5' title="bbox 135 994 1360 1079; baseline -0.001 -20"><span class='ocrx_word' id='word_1_30' title='bbox 135 1016 181 1060; x_wconf 90' lang='lat' dir='ltr'><strong>an</strong></span> <span class='ocrx_word' id='word_1_31' title='bbox 203 994 320 1060; x_wconf 89' lang='lat' dir='ltr'><strong>Latine</strong></span> <span class='ocrx_word' id='word_1_32' title='bbox 342 994 442 1061; x_wconf 89' lang='lat' dir='ltr'><strong>etiam</strong></span> <span class='ocrx_word' id='word_1_33' title='bbox 475 1001 568 1078; x_wconf 90' lang='lat' dir='ltr'><strong>post</strong></span> <span class='ocrx_word' id='word_1_34' title='bbox 600 1015 668 1059; x_wconf 85' lang='lat' dir='ltr'><strong>sex</strong></span> <span class='ocrx_word' id='word_1_35' title='bbox 702 995 821 1059; x_wconf 89' lang='lat' dir='ltr'><strong>annis</strong></span> <span class='ocrx_word' id='word_1_36' title='bbox 856 995 922 1060; x_wconf 89' lang='lat' dir='ltr'><strong>dici</strong></span> <span class='ocrx_word' id='word_1_37' title='bbox 945 997 1066 1079; x_wconf 83' lang='lat' dir='ltr'><strong>possit,</strong></span> <span class='ocrx_word' id='word_1_38' title='bbox 1095 1016 1160 1059; x_wconf 91' lang='lat' dir='ltr'><strong>nnn</strong></span> <span class='ocrx_word' id='word_1_39' title='bbox 1183 994 1288 1060; x_wconf 90' lang='lat' dir='ltr'><strong>solum</strong></span> <span class='ocrx_word' id='word_1_40' title='bbox 1359 1055 1360 1058; x_wconf 74' lang='grc'>,</span> 
     </span>
     <span class='ocr_line' id='line_1_6' title="bbox 136 1101 1287 1187; baseline -0.003 -18"><span class='ocrx_word' id='word_1_41' title='bbox 136 1111 228 1187; x_wconf 87' lang='lat' dir='ltr'><strong>post</strong></span> <span class='ocrx_word' id='word_1_42' title='bbox 251 1123 327 1167; x_wconf 86' lang='lat' dir='ltr'><strong>sex</strong></span> <span class='ocrx_word' id='word_1_43' title='bbox 355 1121 494 1182; x_wconf 87' lang='lat' dir='ltr'><strong>annos,</strong></span> <span class='ocrx_word' id='word_1_44' title='bbox 519 1101 558 1166; x_wconf 92' lang='lat' dir='ltr'><strong>de</strong></span> <span class='ocrx_word' id='word_1_45' title='bbox 581 1122 646 1184; x_wconf 88' lang='lat' dir='ltr'><strong>quo</strong></span> <span class='ocrx_word' id='word_1_46' title='bbox 670 1102 843 1185; x_wconf 73' lang='lat' dir='ltr'><strong>quesitum</strong></span> <span class='ocrx_word' id='word_1_47' title='bbox 866 1109 917 1168; x_wconf 88' lang='lat' dir='ltr'><strong>est</strong></span> <span class='ocrx_word' id='word_1_48' title='bbox 939 1102 982 1168; x_wconf 90' lang='lat' dir='ltr'><strong>ad</strong></span> <span class='ocrx_word' id='word_1_49' title='bbox 1005 1101 1071 1183; x_wconf 86' lang='lat' dir='ltr'><strong>XL,</strong></span> <span class='ocrx_word' id='word_1_50' title='bbox 1095 1106 1135 1166; x_wconf 78' lang='lat'><strong>52</strong></span> <span class='ocrx_word' id='word_1_51' title='bbox 1159 1124 1190 1187; x_wconf 92' lang='lat' dir='ltr'><strong>p.</strong></span> <span class='ocrx_word' id='word_1_52' title='bbox 1214 1106 1287 1184; x_wconf 83' lang='grc'><strong>474,</strong></span> 
     </span>
    </p>

    <p class='ocr_par' dir='ltr' id='par_1_3' title="bbox 123 1209 1386 2480">
     <span class='ocr_line' id='line_1_7' title="bbox 136 1209 1288 1294; baseline -0.001 -19"><span class='ocrx_word' id='word_1_53' title='bbox 136 1210 173 1275; x_wconf 92' lang='lat' dir='ltr'><strong>id</strong></span> <span class='ocrx_word' id='word_1_54' title='bbox 196 1209 328 1294; x_wconf 90' lang='lat' dir='ltr'><strong>quidem</strong></span> <span class='ocrx_word' id='word_1_55' title='bbox 351 1215 502 1275; x_wconf 79' lang='lat' dir='ltr'><strong>constare</strong></span> <span class='ocrx_word' id='word_1_56' title='bbox 530 1209 643 1289; x_wconf 90' lang='lat' dir='ltr'><strong>debet,</strong></span> <span class='ocrx_word' id='word_1_57' title='bbox 676 1231 842 1294; x_wconf 88' lang='lat' dir='ltr'><strong>nunquam</strong></span> <span class='ocrx_word' id='word_1_58' title='bbox 870 1212 904 1275; x_wconf 91' lang='lat' dir='ltr'><strong>in</strong></span> <span class='ocrx_word' id='word_1_59' title='bbox 927 1210 989 1277; x_wconf 84' lang='lat' dir='ltr'><strong>hac</strong></span> <span class='ocrx_word' id='word_1_60' title='bbox 1011 1210 1177 1276; x_wconf 84' lang='lat' dir='ltr'><strong>intervalli</strong></span> <span class='ocrx_word' id='word_1_61' title='bbox 1199 1231 1288 1275; x_wconf 90' lang='lat' dir='ltr'><strong>men·</strong></span> 
     </span>
     <span class='ocr_line' id='line_1_8' title="bbox 123 1314 1386 1402; baseline -0.001 -18"><span class='ocrx_word' id='word_1_62' title='bbox 123 1314 218 1384; x_wconf 80' lang='lat' dir='ltr'><strong>¹sura</strong></span> <span class='ocrx_word' id='word_1_63' title='bbox 240 1317 464 1383; x_wconf 80' lang='lat' dir='ltr'><strong>accusativum</strong></span> <span class='ocrx_word' id='word_1_64' title='bbox 487 1317 621 1401; x_wconf 88' lang='lat' dir='ltr'><strong>adiungi</strong></span> <span class='ocrx_word' id='word_1_65' title='bbox 650 1317 806 1383; x_wconf 84' lang='lat' dir='ltr'><strong>adverbio</strong></span> <span class='ocrx_word' id='word_1_66' title='bbox 836 1317 979 1402; x_wconf 87' lang='lat' dir='ltr'><strong>(utrique</strong></span> <span class='ocrx_word' id='word_1_67' title='bbox 1007 1318 1167 1383; x_wconf 79' lang='lat' dir='ltr'><strong>vocabulo</strong></span> <span class='ocrx_word' id='word_1_68' title='bbox 1197 1325 1289 1402; x_wconf 89' lang='lat' dir='ltr'><strong>post·</strong></span> <span class='ocrx_word' id='word_1_69' title='bbox 1383 1330 1386 1339; x_wconf 88' lang='grc'><strong>’</strong></span> 
     </span>
     <span class='ocr_line' id='line_1_9' title="bbox 138 1422 1288 1511; baseline -0.002 -20"><span class='ocrx_word' id='word_1_70' title='bbox 138 1425 273 1511; x_wconf 84' lang='lat' dir='ltr'><strong>posito).</strong></span> <span class='ocrx_word' id='word_1_71' title='bbox 309 1425 425 1508; x_wconf 87' lang='lat' dir='ltr'><strong>Itaque</strong></span> <span class='ocrx_word' id='word_1_72' title='bbox 448 1422 535 1508; x_wconf 90' lang='lat' dir='ltr'><strong>[cum</strong></span> <span class='ocrx_word' id='word_1_73' title='bbox 560 1423 709 1508; x_wconf 89' lang='lat' dir='ltr'><strong>Lentzio]</strong></span> <span class='ocrx_word' id='word_1_74' title='bbox 729 1426 847 1490; x_wconf 88' lang='lat' dir='ltr'><strong>annis</strong></span> <span class='ocrx_word' id='word_1_75' title='bbox 870 1445 938 1489; x_wconf 84' lang='lat' dir='ltr'><strong>sex</strong></span> <span class='ocrx_word' id='word_1_76' title='bbox 960 1433 1054 1509; x_wconf 87' lang='lat' dir='ltr'><strong>post</strong></span> <span class='ocrx_word' id='word_1_77' title='bbox 1071 1425 1288 1491; x_wconf 90' lang='lat' dir='ltr'><strong>scribendum.</strong></span> 
     </span>
     <span class='ocr_line' id='line_1_10' title="bbox 140 1532 1290 1617; baseline 0 -19"><span class='ocrx_word' id='word_1_78' title='bbox 140 1533 267 1599; x_wconf 82' lang='lat' dir='ltr'><strong>Deinde</strong></span> <span class='ocrx_word' id='word_1_79' title='bbox 289 1532 388 1617; x_wconf 90' lang='lat' dir='ltr'><strong>paulo</strong></span> <span class='ocrx_word' id='word_1_80' title='bbox 410 1534 497 1598; x_wconf 82' lang='lat' dir='ltr'><strong>inira</strong></span> <span class='ocrx_word' id='word_1_81' title='bbox 519 1532 549 1616; x_wconf 62' lang='grc' dir='ltr'><strong>(ξ</strong></span> <span class='ocrx_word' id='word_1_82' title='bbox 569 1538 608 1598; x_wconf 92' lang='grc'><strong>10</strong></span> <span class='ocrx_word' id='word_1_83' title='bbox 626 1540 658 1598; x_wconf 88' lang='lat' dir='ltr'><strong>et</strong></span> <span class='ocrx_word' id='word_1_84' title='bbox 677 1533 729 1615; x_wconf 89' lang='lat' dir='ltr'><strong>ll)</strong></span> <span class='ocrx_word' id='word_1_85' title='bbox 753 1533 859 1598; x_wconf 89' lang='lat' dir='ltr'><strong>oratio</strong></span> <span class='ocrx_word' id='word_1_86' title='bbox 882 1534 929 1597; x_wconf 90' lang='lat' dir='ltr'><strong>sic</strong></span> <span class='ocrx_word' id='word_1_87' title='bbox 946 1533 1209 1617; x_wconf 91' lang='lat' dir='ltr'><strong>interpungenda</strong></span> <span class='ocrx_word' id='word_1_88' title='bbox 1226 1541 1290 1599; x_wconf 85' lang='lat' dir='ltr'><strong>est:</strong></span> 
     </span>
     <span class='ocr_line' id='line_1_11' title="bbox 139 1640 1289 1726; baseline -0.001 -18"><span class='ocrx_word' id='word_1_89' title='bbox 139 1640 345 1726; x_wconf 82' lang='lat' dir='ltr'>Popillius</span> <span class='ocrx_word' id='word_1_90' title='bbox 369 1648 408 1706; x_wconf 92' lang='lat' dir='ltr'><strong>et</strong></span> <span class='ocrx_word' id='word_1_91' title='bbox 430 1641 628 1724; x_wconf 82' lang='lat' dir='ltr'><strong>collegam</strong></span> <span class='ocrx_word' id='word_1_92' title='bbox 650 1647 688 1706; x_wconf 93' lang='lat' dir='ltr'><strong>et</strong></span> <span class='ocrx_word' id='word_1_93' title='bbox 711 1646 894 1706; x_wconf 89' lang='lat' dir='ltr'><strong>senatum</strong></span> <span class='ocrx_word' id='word_1_94' title='bbox 916 1661 986 1725; x_wconf 90' lang='lat' dir='ltr'><strong>pro</strong></span> <span class='ocrx_word' id='word_1_95' title='bbox 1009 1648 1127 1726; x_wconf 88' lang='lat' dir='ltr'><strong>patre</strong></span> <span class='ocrx_word' id='word_1_96' title='bbox 1150 1642 1289 1726; x_wconf 92' lang='lat' dir='ltr'><strong>depre-</strong></span> 
     </span>
     <span class='ocr_line' id='line_1_12' title="bbox 140 1748 1289 1833; baseline -0.001 -18"><span class='ocrx_word' id='word_1_97' title='bbox 140 1749 329 1828; x_wconf 87' lang='lat' dir='ltr'><strong>cabatur,</strong></span> <span class='ocrx_word' id='word_1_98' title='bbox 353 1770 432 1833; x_wconf 84' lang='lat' dir='ltr'><strong>prae</strong></span> <span class='ocrx_word' id='word_1_99' title='bbox 455 1771 494 1814; x_wconf 91' lang='lat' dir='ltr'><strong>se</strong></span> <span class='ocrx_word' id='word_1_100' title='bbox 516 1749 663 1828; x_wconf 79' lang='lat' dir='ltr'><strong>ferens,</strong></span> <span class='ocrx_word' id='word_1_101' title='bbox 685 1751 718 1813; x_wconf 88' lang='lat' dir='ltr'><strong>si</strong></span> <span class='ocrx_word' id='word_1_102' title='bbox 743 1748 837 1831; x_wconf 90' lang='lat' dir='ltr'><strong>quid</strong></span> <span class='ocrx_word' id='word_1_103' title='bbox 860 1749 1141 1829; x_wconf 85' lang='lat' dir='ltr'><strong>decernerent,</strong></span> <span class='ocrx_word' id='word_1_104' title='bbox 1165 1751 1289 1815; x_wconf 89' lang='lat' dir='ltr'><strong>inter-</strong></span> 
     </span>
     <span class='ocr_line' id='line_1_13' title="bbox 140 1855 1289 1941; baseline -0.002 -18"><span class='ocrx_word' id='word_1_105' title='bbox 140 1878 359 1923; x_wconf 88' lang='lat' dir='ltr'><strong>cessurum.</strong></span> <span class='ocrx_word' id='word_1_106' title='bbox 404 1856 497 1938; x_wconf 82' lang='lat' dir='ltr'><strong>(Haec</strong></span> <span class='ocrx_word' id='word_1_107' title='bbox 521 1856 726 1922; x_wconf 80' lang='lat' dir='ltr'><strong>denuntiatio</strong></span> <span class='ocrx_word' id='word_1_108' title='bbox 750 1856 792 1921; x_wconf 88' lang='lat' dir='ltr'><strong>ad</strong></span> <span class='ocrx_word' id='word_1_109' title='bbox 815 1862 973 1938; x_wconf 89' lang='lat' dir='ltr'><strong>utrosque</strong></span> <span class='ocrx_word' id='word_1_110' title='bbox 996 1856 1166 1941; x_wconf 90' lang='lat' dir='ltr'><strong>pertinet.)</strong></span> <span class='ocrx_word' id='word_1_111' title='bbox 1201 1855 1289 1923; x_wconf 82' lang='lat' dir='ltr'><strong>Col·</strong></span> 
     </span>
     <span class='ocr_line' id='line_1_14' title="bbox 139 1965 1290 2049; baseline -0.002 -18"><span class='ocrx_word' id='word_1_112' title='bbox 139 1965 273 2048; x_wconf 87' lang='lat' dir='ltr'><strong>legam</strong></span> <span class='ocrx_word' id='word_1_113' title='bbox 298 1965 520 2046; x_wconf 81' lang='lat' dir='ltr'><strong>deterruit3</strong></span> <span class='ocrx_word' id='word_1_114' title='bbox 543 1970 687 2049; x_wconf 87' lang='lat' dir='ltr'><strong>patres</strong></span> <span class='ocrx_word' id='word_1_115' title='bbox 711 1984 756 2028; x_wconf 88' lang='lat' dir='ltr'><strong>eo</strong></span> <span class='ocrx_word' id='word_1_116' title='bbox 780 1965 916 2045; x_wconf 81' lang='lat' dir='ltr'><strong>magia,</strong></span> <span class='ocrx_word' id='word_1_117' title='bbox 939 1965 1106 2048; x_wconf 87' lang='lat' dir='ltr'><strong>utrique</strong></span> <span class='ocrx_word' id='word_1_118' title='bbox 1128 1967 1290 2048; x_wconf 89' lang='lat' dir='ltr'><strong>pariter</strong></span> 
     </span>
     <span class='ocr_line' id='line_1_15' title="bbox 141 2070 1290 2155; baseline -0.001 -16"><span class='ocrx_word' id='word_1_119' title='bbox 141 2072 302 2139; x_wconf 88' lang='lat' dir='ltr'><strong>consuli</strong></span> <span class='ocrx_word' id='word_1_120' title='bbox 335 2071 497 2153; x_wconf 83' lang='lat' dir='ltr'><strong>infensi,</strong></span> <span class='ocrx_word' id='word_1_121' title='bbox 531 2073 571 2137; x_wconf 92' lang='lat' dir='ltr'><strong>in</strong></span> <span class='ocrx_word' id='word_1_122' title='bbox 603 2072 767 2155; x_wconf 90' lang='lat' dir='ltr'><strong>incepto</strong></span> <span class='ocrx_word' id='word_1_123' title='bbox 801 2071 1058 2155; x_wconf 85' lang='lat' dir='ltr'><strong>perstabant.</strong></span> <span class='ocrx_word' id='word_1_124' title='bbox 1116 2070 1169 2137; x_wconf 88' lang='lat' dir='ltr'><strong>Sic</strong></span> <span class='ocrx_word' id='word_1_125' title='bbox 1202 2074 1290 2138; x_wconf 87' lang='lat' dir='ltr'><strong>enim</strong></span> 
     </span>
     <span class='ocr_line' id='line_1_16' title="bbox 141 2178 1290 2266; baseline -0.002 -19"><span class='ocrx_word' id='word_1_126' title='bbox 141 2180 334 2266; x_wconf 89' lang='lat' dir='ltr'><strong>(consuli)</strong></span> <span class='ocrx_word' id='word_1_127' title='bbox 357 2178 561 2264; x_wconf 83' lang='lat' dir='ltr'><strong>explendum,</strong></span> <span class='ocrx_word' id='word_1_128' title='bbox 585 2179 673 2263; x_wconf 87' lang='lat' dir='ltr'><strong>quod</strong></span> <span class='ocrx_word' id='word_1_129' title='bbox 696 2181 729 2243; x_wconf 94' lang='lat' dir='ltr'><strong>in</strong></span> <span class='ocrx_word' id='word_1_130' title='bbox 753 2178 864 2244; x_wconf 91' lang='lat' dir='ltr'><strong>codice</strong></span> <span class='ocrx_word' id='word_1_131' title='bbox 888 2200 994 2245; x_wconf 88' lang='lat' dir='ltr'><strong>cons.</strong></span> <span class='ocrx_word' id='word_1_132' title='bbox 1019 2179 1191 2261; x_wconf 86' lang='lat' dir='ltr'><strong>scribitur,</strong></span> <span class='ocrx_word' id='word_1_133' title='bbox 1215 2202 1290 2260; x_wconf 92' lang='lat' dir='ltr'><strong>non,</strong></span> 
     </span>
     <span class='ocr_line' id='line_1_17' title="bbox 140 2287 1291 2372; baseline -0.003 -15"><span class='ocrx_word' id='word_1_134' title='bbox 140 2298 180 2358; x_wconf 90' lang='lat' dir='ltr'><strong>nt</strong></span> <span class='ocrx_word' id='word_1_135' title='bbox 203 2290 347 2355; x_wconf 86' lang='lat' dir='ltr'><strong>editores</strong></span> <span class='ocrx_word' id='word_1_136' title='bbox 369 2287 531 2367; x_wconf 84' lang='lat' dir='ltr'><strong>fecerunt,</strong></span> <span class='ocrx_word' id='word_1_137' title='bbox 555 2287 779 2366; x_wconf 83' lang='lat' dir='ltr'><strong>consulum3</strong></span> <span class='ocrx_word' id='word_1_138' title='bbox 812 2308 916 2371; x_wconf 90' lang='lat' dir='ltr'><strong>neque</strong></span> <span class='ocrx_word' id='word_1_139' title='bbox 945 2289 1032 2353; x_wconf 89' lang='lat' dir='ltr'><strong>enim</strong></span> <span class='ocrx_word' id='word_1_140' title='bbox 1053 2287 1141 2372; x_wconf 90' lang='lat' dir='ltr'><strong>apud</strong></span> <span class='ocrx_word' id='word_1_141' title='bbox 1165 2287 1291 2353; x_wconf 81' lang='lat' dir='ltr'><strong>Livium</strong></span> 
     </span>
     <span class='ocr_line' id='line_1_18' title="bbox 142 2395 1074 2480; baseline -0.003 -16"><span class='ocrx_word' id='word_1_142' title='bbox 142 2398 225 2464; x_wconf 89' lang='lat' dir='ltr'><strong>alibi</strong></span> <span class='ocrx_word' id='word_1_143' title='bbox 248 2403 420 2480; x_wconf 85' lang='lat' dir='ltr'><strong>uterque</strong></span> <span class='ocrx_word' id='word_1_144' title='bbox 443 2416 517 2461; x_wconf 88' lang='lat' dir='ltr'><strong>cum</strong></span> <span class='ocrx_word' id='word_1_145' title='bbox 538 2396 689 2478; x_wconf 83' lang='lat' dir='ltr'><strong>genetivo</strong></span> <span class='ocrx_word' id='word_1_146' title='bbox 713 2395 911 2460; x_wconf 83' lang='lat' dir='ltr'><strong>substantivi</strong></span> <span class='ocrx_word' id='word_1_147' title='bbox 933 2397 1074 2480; x_wconf 84' lang='lat' dir='ltr'><strong>ponitur.</strong></span> 
     </span>
    </p>

    <p class='ocr_par' dir='ltr' id='par_1_4' title="bbox 133 2502 1293 3344">
     <span class='ocr_line' id='line_1_19' title="bbox 227 2502 1293 2590; baseline -0.001 -20"><span class='ocrx_word' id='word_1_148' title='bbox 227 2505 305 2590; x_wconf 87' lang='lat' dir='ltr'><strong>Cap.</strong></span> <span class='ocrx_word' id='word_1_149' title='bbox 338 2509 386 2583; x_wconf 92' lang='lat'><strong>11,</strong></span> <span class='ocrx_word' id='word_1_150' title='bbox 415 2508 434 2568; x_wconf 82' lang='lat'>2</span> <span class='ocrx_word' id='word_1_151' title='bbox 465 2525 506 2569; x_wconf 87' lang='lat' dir='ltr'><strong>ex</strong></span> <span class='ocrx_word' id='word_1_152' title='bbox 539 2524 588 2582; x_wconf 90' lang='lat' dir='ltr'><strong>eo,</strong></span> <span class='ocrx_word' id='word_1_153' title='bbox 617 2503 705 2587; x_wconf 92' lang='lat' dir='ltr'><strong>quod</strong></span> <span class='ocrx_word' id='word_1_154' title='bbox 739 2504 772 2567; x_wconf 89' lang='lat' dir='ltr'><strong>in</strong></span> <span class='ocrx_word' id='word_1_155' title='bbox 806 2502 919 2567; x_wconf 91' lang='lat' dir='ltr'><strong>codice</strong></span> <span class='ocrx_word' id='word_1_156' title='bbox 952 2511 1017 2569; x_wconf 86' lang='lat' dir='ltr'><strong>est:</strong></span> <span class='ocrx_word' id='word_1_157' title='bbox 1053 2504 1293 2569; x_wconf 86' lang='lat' dir='ltr'><strong>existimant</strong></span> 
     </span>
     <span class='ocr_line' id='line_1_20' title="bbox 137 2609 1292 2697; baseline -0.002 -17"><span class='ocrx_word' id='word_1_158' title='bbox 137 2614 282 2681; x_wconf 89' lang='lat' dir='ltr'><strong>deberi</strong></span> <span class='ocrx_word' id='word_1_159' title='bbox 315 2618 372 2696; x_wconf 70' lang='lat' dir='ltr'><strong>pi.</strong></span> <span class='ocrx_word' id='word_1_160' title='bbox 396 2613 435 2677; x_wconf 90' lang='lat' dir='ltr'><strong>in</strong></span> <span class='ocrx_word' id='word_1_161' title='bbox 468 2618 667 2691; x_wconf 86' lang='lat' dir='ltr'><strong>senatum,</strong></span> <span class='ocrx_word' id='word_1_162' title='bbox 692 2611 849 2697; x_wconf 87' lang='lat' dir='ltr'><strong>Grynaeus</strong></span> <span class='ocrx_word' id='word_1_163' title='bbox 871 2609 1046 2677; x_wconf 80' lang='lat' dir='ltr'><strong>infeliciter</strong></span> <span class='ocrx_word' id='word_1_164' title='bbox 1068 2611 1191 2678; x_wconf 86' lang='lat' dir='ltr'><strong>effecit:</strong></span> <span class='ocrx_word' id='word_1_165' title='bbox 1226 2634 1292 2678; x_wconf 86' lang='lat' dir='ltr'><strong>ex·</strong></span> 
     </span>
     <span class='ocr_line' id='line_1_21' title="bbox 136 2718 1291 2804; baseline -0.002 -17"><span class='ocrx_word' id='word_1_166' title='bbox 136 2722 349 2788; x_wconf 87' lang='lat' dir='ltr'><strong>istimaret</strong></span> <span class='ocrx_word' id='word_1_167' title='bbox 381 2718 523 2785; x_wconf 89' lang='lat' dir='ltr'><strong>deberi</strong></span> <span class='ocrx_word' id='word_1_168' title='bbox 556 2719 711 2804; x_wconf 92' lang='lat' dir='ltr'><strong>populo</strong></span> <span class='ocrx_word' id='word_1_169' title='bbox 741 2719 934 2799; x_wconf 89' lang='lat' dir='ltr'><strong>Romano,</strong></span> <span class='ocrx_word' id='word_1_170' title='bbox 958 2721 997 2785; x_wconf 90' lang='lat' dir='ltr'><strong>in</strong></span> <span class='ocrx_word' id='word_1_171' title='bbox 1021 2729 1208 2786; x_wconf 88' lang='lat' dir='ltr'><strong>senatum</strong></span> <span class='ocrx_word' id='word_1_172' title='bbox 1230 2726 1291 2787; x_wconf 90' lang='lat' dir='ltr'><strong>cet.</strong></span> 
     </span>
     <span class='ocr_line' id='line_1_22' title="bbox 135 2827 1292 2913; baseline -0.001 -19"><span class='ocrx_word' id='word_1_173' title='bbox 135 2829 224 2895; x_wconf 86' lang='lat' dir='ltr'><strong>Nam</strong></span> <span class='ocrx_word' id='word_1_174' title='bbox 246 2827 360 2913; x_wconf 89' lang='lat' dir='ltr'><strong>populi</strong></span> <span class='ocrx_word' id='word_1_175' title='bbox 381 2828 519 2894; x_wconf 86' lang='lat' dir='ltr'><strong>Romani</strong></span> <span class='ocrx_word' id='word_1_176' title='bbox 541 2848 658 2892; x_wconf 90' lang='lat' dir='ltr'><strong>nomen</strong></span> <span class='ocrx_word' id='word_1_177' title='bbox 681 2848 779 2911; x_wconf 84' lang='lat' dir='ltr'><strong>prave</strong></span> <span class='ocrx_word' id='word_1_178' title='bbox 801 2829 835 2891; x_wconf 90' lang='lat' dir='ltr'><strong>in</strong></span> <span class='ocrx_word' id='word_1_179' title='bbox 852 2828 1001 2892; x_wconf 90' lang='lat' dir='ltr'><strong>ultimum</strong></span> <span class='ocrx_word' id='word_1_180' title='bbox 1018 2828 1126 2892; x_wconf 91' lang='lat' dir='ltr'><strong>locum</strong></span> <span class='ocrx_word' id='word_1_181' title='bbox 1143 2829 1292 2893; x_wconf 84' lang='lat' dir='ltr'><strong>relicitur</strong></span> 
     </span>
     <span class='ocr_line' id='line_1_23' title="bbox 137 2937 1291 3021; baseline -0.003 -16"><span class='ocrx_word' id='word_1_182' title='bbox 137 2937 300 3021; x_wconf 84' lang='lat' dir='ltr'><strong>(debebat</strong></span> <span class='ocrx_word' id='word_1_183' title='bbox 323 2937 408 3002; x_wconf 91' lang='lat' dir='ltr'><strong>enim</strong></span> <span class='ocrx_word' id='word_1_184' title='bbox 432 2957 517 3001; x_wconf 87' lang='lat' dir='ltr'><strong>esse:</strong></span> <span class='ocrx_word' id='word_1_185' title='bbox 553 2943 750 3020; x_wconf 82' lang='lat' dir='ltr'><strong>exceptus</strong></span> <span class='ocrx_word' id='word_1_186' title='bbox 779 2956 808 3000; x_wconf 90' lang='lat' dir='ltr'><strong>a.</strong></span> <span class='ocrx_word' id='word_1_187' title='bbox 837 2957 867 3018; x_wconf 91' lang='lat' dir='ltr'><strong>p.</strong></span> <span class='ocrx_word' id='word_1_188' title='bbox 891 2937 929 3000; x_wconf 93' lang='lat' dir='ltr'><strong>R.</strong></span> <span class='ocrx_word' id='word_1_189' title='bbox 953 2957 1036 3000; x_wconf 90' lang='lat' dir='ltr'><strong>cum</strong></span> <span class='ocrx_word' id='word_1_190' title='bbox 1069 2943 1188 3001; x_wconf 89' lang='lat' dir='ltr'><strong>tanto</strong></span> <span class='ocrx_word' id='word_1_191' title='bbox 1222 2937 1291 3002; x_wconf 93' lang='lat' dir='ltr'><strong>ho·</strong></span> 
     </span>
     <span class='ocr_line' id='line_1_24' title="bbox 134 3044 1291 3128; baseline -0.003 -16"><span class='ocrx_word' id='word_1_192' title='bbox 134 3044 250 3126; x_wconf 88' lang='lat' dir='ltr'><strong>nore)</strong></span> <span class='ocrx_word' id='word_1_193' title='bbox 286 3052 319 3109; x_wconf 89' lang='lat' dir='ltr'><strong>et</strong></span> <span class='ocrx_word' id='word_1_194' title='bbox 341 3045 472 3109; x_wconf 88' lang='lat' dir='ltr'><strong>omnino</strong></span> <span class='ocrx_word' id='word_1_195' title='bbox 502 3066 568 3111; x_wconf 92' lang='lat' dir='ltr'><strong>non</strong></span> <span class='ocrx_word' id='word_1_196' title='bbox 590 3051 678 3109; x_wconf 90' lang='lat' dir='ltr'><strong>recte</strong></span> <span class='ocrx_word' id='word_1_197' title='bbox 711 3045 859 3128; x_wconf 90' lang='lat' dir='ltr'><strong>ponitur;</strong></span> <span class='ocrx_word' id='word_1_198' title='bbox 890 3051 1024 3108; x_wconf 89' lang='lat' dir='ltr'><strong>senatus</strong></span> <span class='ocrx_word' id='word_1_199' title='bbox 1054 3045 1139 3108; x_wconf 92' lang='lat' dir='ltr'><strong>enim</strong></span> <span class='ocrx_word' id='word_1_200' title='bbox 1169 3050 1203 3108; x_wconf 90' lang='lat' dir='ltr'><strong>et</strong></span> <span class='ocrx_word' id='word_1_201' title='bbox 1234 3064 1291 3127; x_wconf 92' lang='lat' dir='ltr'><strong>pa·</strong></span> 
     </span>
     <span class='ocr_line' id='line_1_25' title="bbox 134 3138 1291 3237; baseline -0.003 -18"><span class='ocrx_word' id='word_1_202' title='bbox 134 3161 229 3219; x_wconf 89' lang='lat' dir='ltr'><strong>trum</strong></span> <span class='ocrx_word' id='word_1_203' title='bbox 246 3152 296 3217; x_wconf 72' lang='lat' dir='ltr'><strong>hus</strong></span> <span class='ocrx_word' id='word_1_204' title='bbox 315 3138 424 3237; x_wconf 76' lang='lat' dir='ltr'><strong>partes</strong></span> <span class='ocrx_word' id='word_1_205' title='bbox 448 3160 552 3218; x_wconf 90' lang='lat' dir='ltr'><strong>erant.</strong></span> <span class='ocrx_word' id='word_1_206' title='bbox 587 3151 799 3218; x_wconf 85' lang='lat' dir='ltr'><strong>Scribendum</strong></span> <span class='ocrx_word' id='word_1_207' title='bbox 818 3160 881 3216; x_wconf 88' lang='lat' dir='ltr'><strong>est:</strong></span> <span class='ocrx_word' id='word_1_208' title='bbox 907 3151 1207 3216; x_wconf 85' lang='lat' dir='ltr'><strong>existimabant</strong></span> <span class='ocrx_word' id='word_1_209' title='bbox 1229 3152 1291 3217; x_wconf 91' lang='lat' dir='ltr'><strong>de·</strong></span> 
     </span>
     <span class='ocr_line' id='line_1_26' title="bbox 133 3258 1291 3344; baseline -0.003 -16"><span class='ocrx_word' id='word_1_210' title='bbox 133 3261 240 3340; x_wconf 89' lang='lat' dir='ltr'><strong>beri,</strong></span> <span class='ocrx_word' id='word_1_211' title='bbox 264 3281 284 3324; x_wconf 89' lang='lat' dir='ltr'><strong>a</strong></span> <span class='ocrx_word' id='word_1_212' title='bbox 306 3267 471 3344; x_wconf 90' lang='lat' dir='ltr'><strong>praetore</strong></span> <span class='ocrx_word' id='word_1_213' title='bbox 499 3263 538 3326; x_wconf 91' lang='lat' dir='ltr'><strong>in</strong></span> <span class='ocrx_word' id='word_1_214' title='bbox 561 3268 746 3327; x_wconf 90' lang='lat' dir='ltr'><strong>senatum</strong></span> <span class='ocrx_word' id='word_1_215' title='bbox 769 3266 830 3324; x_wconf 87' lang='lat' dir='ltr'><strong>cet.</strong></span> <span class='ocrx_word' id='word_1_216' title='bbox 865 3260 1053 3343; x_wconf 83' lang='lat' dir='ltr'><strong>Apraetore</strong></span> <span class='ocrx_word' id='word_1_217' title='bbox 1071 3258 1234 3324; x_wconf 88' lang='lat' dir='ltr'><strong>Eumenes</strong></span> <span class='ocrx_word' id='word_1_218' title='bbox 1256 3259 1291 3324; x_wconf 91' lang='lat' dir='ltr'><strong>in</strong></span> 
     </span>
    </p>
   </div>
   <div class='ocr_carea' id='block_1_3' title="bbox 143 3445 371 3459">
    <p class='ocr_par' dir='ltr' id='par_1_5' title="bbox 143 3445 371 3459">
     <span class='ocr_line' id='line_1_27' title="bbox 143 3445 371 3459; baseline -0.009 0"><span class='ocrx_word' id='word_1_219' title='bbox 143 3445 371 3459; x_wconf 68' lang='lat' dir='ltr'><strong>-n—</strong></span> 
     </span>
    </p>
   </div>
   <div class='ocr_carea' id='block_1_4' title="bbox 208 3564 1292 4318">
    <p class='ocr_par' dir='ltr' id='par_1_6' title="bbox 208 3564 1292 4318">
     <span class='ocr_line' id='line_1_28' title="bbox 209 3564 1291 3634; baseline -0.001 -14"><span class='ocrx_word' id='word_1_220' title='bbox 209 3567 347 3620; x_wconf 77' lang='lat' dir='ltr'><strong>tissimum</strong></span> <span class='ocrx_word' id='word_1_221' title='bbox 374 3567 542 3620; x_wconf 84' lang='lat' dir='ltr'><strong>sententiam</strong></span> <span class='ocrx_word' id='word_1_222' title='bbox 570 3570 598 3621; x_wconf 84' lang='lat' dir='ltr'><strong>et</strong></span> <span class='ocrx_word' id='word_1_223' title='bbox 625 3566 780 3620; x_wconf 85' lang='lat' dir='ltr'><strong>orationem</strong></span> <span class='ocrx_word' id='word_1_224' title='bbox 803 3564 957 3621; x_wconf 79' lang='lat' dir='ltr'><strong>effecissem</strong></span> <span class='ocrx_word' id='word_1_225' title='bbox 984 3567 1069 3621; x_wconf 89' lang='lat' dir='ltr'><strong>etiam</strong></span> <span class='ocrx_word' id='word_1_226' title='bbox 1096 3565 1125 3619; x_wconf 93' lang='lat' dir='ltr'><strong>in</strong></span> <span class='ocrx_word' id='word_1_227' title='bbox 1151 3564 1291 3634; x_wconf 85' lang='lat' dir='ltr'><strong>particula</strong></span> 
     </span>
     <span class='ocr_line' id='line_1_29' title="bbox 211 3650 1289 3721; baseline -0.002 -16"><span class='ocrx_word' id='word_1_228' title='bbox 211 3668 350 3720; x_wconf 86' lang='lat' dir='ltr'><strong>qnoque</strong></span> <span class='ocrx_word' id='word_1_229' title='bbox 369 3651 403 3704; x_wconf 89' lang='lat' dir='ltr'><strong>ad</strong></span> <span class='ocrx_word' id='word_1_230' title='bbox 422 3652 648 3721; x_wconf 82' lang='lat' dir='ltr'><strong>progressionem</strong></span> <span class='ocrx_word' id='word_1_231' title='bbox 671 3668 828 3719; x_wconf 85' lang='lat' dir='ltr'><strong>novamque</strong></span> <span class='ocrx_word' id='word_1_232' title='bbox 852 3669 911 3704; x_wconf 88' lang='lat' dir='ltr'><strong>rem</strong></span> <span class='ocrx_word' id='word_1_233' title='bbox 930 3650 1143 3721; x_wconf 81' lang='lat' dir='ltr'><strong>significandam</strong></span> <span class='ocrx_word' id='word_1_234' title='bbox 1161 3666 1289 3704; x_wconf 79' lang='lat' dir='ltr'><strong>necessa·</strong></span> 
     </span>
     <span class='ocr_line' id='line_1_30' title="bbox 208 3736 1292 3806; baseline -0.003 -15"><span class='ocrx_word' id='word_1_235' title='bbox 208 3738 260 3804; x_wconf 89' lang='lat' dir='ltr'><strong>ria,</strong></span> <span class='ocrx_word' id='word_1_236' title='bbox 288 3737 421 3791; x_wconf 80' lang='lat' dir='ltr'><strong>Hertzins</strong></span> <span class='ocrx_word' id='word_1_237' title='bbox 447 3736 544 3790; x_wconf 89' lang='lat' dir='ltr'><strong>maluit</strong></span> <span class='ocrx_word' id='word_1_238' title='bbox 561 3736 716 3805; x_wconf 76' lang='lat' dir='ltr'><strong>Kreyssigii</strong></span> <span class='ocrx_word' id='word_1_239' title='bbox 743 3738 932 3791; x_wconf 90' lang='lat' dir='ltr'><strong>coniecturam</strong></span> <span class='ocrx_word' id='word_1_240' title='bbox 956 3738 1043 3806; x_wconf 83' lang='lat' dir='ltr'><strong>sequi,</strong></span> <span class='ocrx_word' id='word_1_241' title='bbox 1072 3738 1102 3791; x_wconf 92' lang='lat' dir='ltr'><strong>in</strong></span> <span class='ocrx_word' id='word_1_242' title='bbox 1129 3753 1183 3804; x_wconf 86' lang='lat' dir='ltr'><strong>qna</strong></span> <span class='ocrx_word' id='word_1_243' title='bbox 1205 3752 1292 3790; x_wconf 88' lang='lat' dir='ltr'><strong>unum</strong></span> 
     </span>
     <span class='ocr_line' id='line_1_31' title="bbox 210 3821 1289 3892; baseline -0.001 -17"><span class='ocrx_word' id='word_1_244' title='bbox 210 3822 302 3892; x_wconf 91' lang='lat' dir='ltr'><strong>primo</strong></span> <span class='ocrx_word' id='word_1_245' title='bbox 321 3822 441 3885; x_wconf 88' lang='lat' dir='ltr'><strong>additur,</strong></span> <span class='ocrx_word' id='word_1_246' title='bbox 461 3828 521 3876; x_wconf 87' lang='lat' dir='ltr'><strong>tum</strong></span> <span class='ocrx_word' id='word_1_247' title='bbox 538 3822 620 3875; x_wconf 82' lang='lat' dir='ltr'><strong>fieri</strong></span> <span class='ocrx_word' id='word_1_248' title='bbox 638 3822 697 3876; x_wconf 86' lang='lat' dir='ltr'><strong>sine</strong></span> <span class='ocrx_word' id='word_1_249' title='bbox 715 3822 773 3875; x_wconf 90' lang='lat' dir='ltr'><strong>ulla</strong></span> <span class='ocrx_word' id='word_1_250' title='bbox 790 3822 989 3892; x_wconf 78' lang='lat' dir='ltr'><strong>probabilitate</strong></span> <span class='ocrx_word' id='word_1_251' title='bbox 1008 3824 1037 3878; x_wconf 91' lang='lat' dir='ltr'><strong>in</strong></span> <span class='ocrx_word' id='word_1_252' title='bbox 1054 3821 1180 3877; x_wconf 82' lang='lat' dir='ltr'><strong>referri</strong></span> <span class='ocrx_word' id='word_1_253' title='bbox 1196 3826 1289 3874; x_wconf 89' lang='lat' dir='ltr'><strong>muta·</strong></span> 
     </span>
     <span class='ocr_line' id='line_1_32' title="bbox 210 3906 1288 3977; baseline -0.006 -15"><span class='ocrx_word' id='word_1_254' title='bbox 210 3913 264 3974; x_wconf 90' lang='lat' dir='ltr'><strong>tur,</strong></span> <span class='ocrx_word' id='word_1_255' title='bbox 281 3907 344 3962; x_wconf 86' lang='lat' dir='ltr'><strong>haee</strong></span> <span class='ocrx_word' id='word_1_256' title='bbox 363 3913 455 3961; x_wconf 88' lang='lat' dir='ltr'><strong>autem</strong></span> <span class='ocrx_word' id='word_1_257' title='bbox 475 3908 568 3961; x_wconf 90' lang='lat' dir='ltr'><strong>omnia</strong></span> <span class='ocrx_word' id='word_1_258' title='bbox 585 3906 690 3973; x_wconf 88' lang='lat' dir='ltr'><strong>(arma</strong></span> <span class='ocrx_word' id='word_1_259' title='bbox 715 3909 824 3977; x_wconf 88' lang='lat' dir='ltr'><strong>primo</strong></span> <span class='ocrx_word' id='word_1_260' title='bbox 852 3925 984 3977; x_wconf 88' lang='lat' dir='ltr'><strong>quoqne</strong></span> <span class='ocrx_word' id='word_1_261' title='bbox 1002 3910 1070 3973; x_wconf 87' lang='lat' dir='ltr'><strong>cet.)</strong></span> <span class='ocrx_word' id='word_1_262' title='bbox 1088 3908 1188 3960; x_wconf 81' lang='lat' dir='ltr'><strong>vitiose</strong></span> <span class='ocrx_word' id='word_1_263' title='bbox 1207 3922 1288 3974; x_wconf 89' lang='lat' dir='ltr'><strong>supe·</strong></span> 
     </span>
     <span class='ocr_line' id='line_1_33' title="bbox 210 3989 1290 4063; baseline -0.005 -16"><span class='ocrx_word' id='word_1_264' title='bbox 210 3993 331 4047; x_wconf 83' lang='lat' dir='ltr'><strong>rioribus</strong></span> <span class='ocrx_word' id='word_1_265' title='bbox 359 3993 556 4060; x_wconf 86' lang='lat' dir='ltr'><strong>adiunguntur.</strong></span> <span class='ocrx_word' id='word_1_266' title='bbox 591 3990 679 4061; x_wconf 67' lang='lat'>1864]</span> <span class='ocrx_word' id='word_1_267' title='bbox 716 3991 782 4062; x_wconf 84' lang='lat' dir='ltr'><strong>Cap.</strong></span> <span class='ocrx_word' id='word_1_268' title='bbox 802 3995 859 4059; x_wconf 78' lang='lat' dir='ltr'><strong>9‚l</strong></span> <span class='ocrx_word' id='word_1_269' title='bbox 885 3995 908 4047; x_wconf 88' lang='lat' dir='ltr'><strong>si</strong></span> <span class='ocrx_word' id='word_1_270' title='bbox 926 3994 1007 4063; x_wconf 83' lang='lat' dir='ltr'><strong>plene</strong></span> <span class='ocrx_word' id='word_1_271' title='bbox 1032 3996 1145 4045; x_wconf 83' lang='lat' dir='ltr'><strong>enotata</strong></span> <span class='ocrx_word' id='word_1_272' title='bbox 1172 3989 1290 4059; x_wconf 88' lang='lat' dir='ltr'><strong>aKopi·</strong></span> 
     </span>
     <span class='ocr_line' id='line_1_34' title="bbox 211 4078 1287 4148; baseline -0.004 -16"><span class='ocrx_word' id='word_1_273' title='bbox 211 4080 285 4134; x_wconf 90' lang='lat' dir='ltr'><strong>tario</strong></span> <span class='ocrx_word' id='word_1_274' title='bbox 304 4079 410 4134; x_wconf 89' lang='lat' dir='ltr'><strong>codicis</strong></span> <span class='ocrx_word' id='word_1_275' title='bbox 428 4081 552 4148; x_wconf 82' lang='lat' dir='ltr'><strong>sciptura</strong></span> <span class='ocrx_word' id='word_1_276' title='bbox 572 4084 652 4143; x_wconf 87' lang='lat' dir='ltr'><strong>esset,</strong></span> <span class='ocrx_word' id='word_1_277' title='bbox 670 4078 699 4131; x_wconf 93' lang='lat' dir='ltr'><strong>in</strong></span> <span class='ocrx_word' id='word_1_278' title='bbox 718 4095 774 4146; x_wconf 90' lang='lat' dir='ltr'><strong>quo</strong></span> <span class='ocrx_word' id='word_1_279' title='bbox 793 4086 848 4131; x_wconf 87' lang='lat' dir='ltr'><strong>est:</strong></span> <span class='ocrx_word' id='word_1_280' title='bbox 867 4079 1007 4132; x_wconf 82' lang='lat' dir='ltr'><strong>eandem</strong></span> <span class='ocrx_word' id='word_1_281' title='bbox 1026 4078 1067 4131; x_wconf 91' lang='lat' dir='ltr'><strong>ad</strong></span> <span class='ocrx_word' id='word_1_282' title='bbox 1086 4093 1152 4130; x_wconf 93' lang='lat' dir='ltr'><strong>non</strong></span> <span class='ocrx_word' id='word_1_283' title='bbox 1171 4092 1287 4144; x_wconf 90' lang='lat' dir='ltr'><strong>paren·</strong></span> 
     </span>
     <span class='ocr_line' id='line_1_35' title="bbox 213 4162 1290 4232; baseline -0.003 -15"><span class='ocrx_word' id='word_1_284' title='bbox 213 4164 288 4218; x_wconf 89' lang='lat' dir='ltr'><strong>dnm</strong></span> <span class='ocrx_word' id='word_1_285' title='bbox 307 4165 372 4218; x_wconf 85' lang='lat' dir='ltr'><strong>fuit</strong></span> <span class='ocrx_word' id='word_1_286' title='bbox 391 4166 530 4218; x_wconf 87' lang='lat' dir='ltr'><strong>senatui</strong></span> <span class='ocrx_word' id='word_1_287' title='bbox 546 4162 684 4230; x_wconf 88' lang='lat' dir='ltr'><strong>habuit,</strong></span> <span class='ocrx_word' id='word_1_288' title='bbox 703 4164 895 4230; x_wconf 86' lang='lat' dir='ltr'><strong>abstinuisset,</strong></span> <span class='ocrx_word' id='word_1_289' title='bbox 914 4164 1027 4232; x_wconf 88' lang='lat' dir='ltr'><strong>opinor,</strong></span> <span class='ocrx_word' id='word_1_290' title='bbox 1046 4162 1290 4216; x_wconf 86' lang='lat' dir='ltr'><strong>Weissenbornius</strong></span> 
     </span>
     <span class='ocr_line' id='line_1_36' title="bbox 212 4248 1040 4318; baseline -0.001 -15"><span class='ocrx_word' id='word_1_291' title='bbox 212 4266 229 4303; x_wconf 89' lang='lat' dir='ltr'><strong>a</strong></span> <span class='ocrx_word' id='word_1_292' title='bbox 245 4250 382 4305; x_wconf 88' lang='lat' dir='ltr'><strong>mutando</strong></span> <span class='ocrx_word' id='word_1_293' title='bbox 400 4266 442 4317; x_wconf 90' lang='lat' dir='ltr'><strong>eo,</strong></span> <span class='ocrx_word' id='word_1_294' title='bbox 462 4250 537 4316; x_wconf 83' lang='lat' dir='ltr'><strong>quod</strong></span> <span class='ocrx_word' id='word_1_295' title='bbox 556 4248 697 4318; x_wconf 81' lang='lat' dir='ltr'><strong>Grynaens,</strong></span> <span class='ocrx_word' id='word_1_296' title='bbox 717 4249 827 4303; x_wconf 87' lang='lat' dir='ltr'><strong>sublato</strong></span> <span class='ocrx_word' id='word_1_297' title='bbox 845 4250 923 4317; x_wconf 82' lang='lat' dir='ltr'><strong>fuit,</strong></span> <span class='ocrx_word' id='word_1_298' title='bbox 942 4248 1040 4302; x_wconf 87' lang='lat' dir='ltr'><strong>edidit</strong></span> 
     </span>
    </p>
   </div>
   <div class='ocr_carea' id='block_1_5' title="bbox 0 0 1507 5108">
    <p class='ocr_par' dir='ltr' id='par_1_7' title="bbox 0 0 1507 5108">
     <span class='ocr_line' id='line_1_37' title="bbox 0 0 1507 5108; baseline 0 0"><span class='ocrx_word' id='word_1_299' title='bbox 0 0 1507 5108; x_wconf 95' lang='lat' dir='ltr'><strong> </strong></span> 
     </span>
    </p>
   </div>
  </div>
 </body>
</html>
