2994 5108
659 585 663 594 .
743 506 764 567 i

172 696 225 771 Il,
240 689 304 773 13).
337 689 412 756 Uno
429 696 541 755 autem
556 689 639 769 loco,
663 689 749 770 VIII,
770 695 857 771 11,6
880 692 980 757 etiam
1003 690 1100 776 plura
1122 692 1222 758 rerba
1244 693 1331 757 exci-

171 800 264 865 disse
286 798 499 865 manifestum
521 803 588 877 est3
617 819 695 863 nam
716 799 843 865 frustra
864 799 907 865 ad
929 799 1157 866 occultandam
1178 800 1331 866 lacunam

170 908 395 974 anacoluthon
416 905 553 990 fingitur
575 907 744 987 eiusmodi,
767 915 806 972 ut
823 909 942 988 Livius,
965 909 1075 993 posito
1096 909 1159 974 hoc
1181 908 1329 975 exordio:

172 1017 232 1083 ibi
260 1019 300 1082 in
328 1014 519 1081 conciliis
546 1014 752 1080 Numisius
785 1017 1011 1101 imperator
1043 1038 1177 1084 eorum
1204 1015 1330 1082 adfir-

174 1120 315 1191 mando
349 1131 426 1202 cet,
466 1144 602 1206 prorsus
643 1122 859 1189 obliviscatur
894 1125 1019 1206 dicere,
1053 1125 1132 1209 quid
1163 1126 1331 1191 Numisius

172 1234 304 1314 fecerit3
333 1254 405 1318 quae
434 1232 520 1296 enim
543 1231 776 1298 subiiciuntur:
799 1231 1021 1300 fallacibus
1043 1234 1199 1300 litteris
1222 1234 1332 1300 circa

174 1344 331 1409 Latium
359 1342 510 1420 missis,
539 1340 663 1406 nullam
691 1340 815 1407 habent
841 1341 1011 1408 redeuntis
1043 1343 1078 1407 in
1111 1342 1224 1408 orbam
1257 1362 1332 1407 ora·

171 1452 273 1518 tionis
292 1449 539 1516 similitudinem
555 1471 624 1527 nec,
643 1450 806 1533 quomodo
824 1451 952 1516 animos
969 1446 1333 1519 audientiinuumisii

172 1559 274 1625 rerba
296 1557 474 1637 affecerint,
498 1556 778 1640 significationem.
812 1557 877 1624 Sed
893 1558 990 1643 longe
1012 1559 1120 1624 maius
1144 1560 1332 1641 certiusque
1464 1564 1466 1569 ’

170 1669 258 1746 eius,
283 1666 325 1732 de
348 1687 415 1748 qua
435 1666 568 1749 loquor,
591 1667 830 1731 communionis
857 1667 1014 1732 indicium
1036 1674 1102 1746 est,
1124 1666 1214 1750 quod
1236 1680 1333 1750 argu-

172 1776 295 1841 mentis
323 1771 507 1839 manifestis
536 1774 710 1839 ostendam
732 1782 792 1840 aut
819 1796 836 1840 e
864 1776 975 1841 codice
1003 1781 1192 1841 nostrornm
1220 1759 1345 1841 arche-¹

172 1891 251 1969 typo
282 1882 396 1948 evulsa
422 1880 524 1947 fuisse
553 1889 612 1947 aut
638 1884 704 1948 iam
729 1889 814 1964 tum,
839 1904 915 1948 cum
936 1885 964 1948 is
987 1884 1202 1964 scriberetur,
1225 1884 1259 1948 in
1282 1905 1332 1963 eo,

170 2013 302 2076 exque
326 1991 510 2076 descriptus
533 1998 599 2072 est,
631 1990 772 2058 definisse
801 1993 866 2058 duo
893 1992 988 2071 folia,
1018 1992 1159 2058 alterum
1185 1994 1220 2058 in
1247 1992 1332 2058 libro

174 2101 260 2183 wll,
285 2104 336 2181 23,
363 2104 411 2180 10,
435 2100 577 2165 alterum
598 2101 633 2164 in
655 2100 741 2166 libro
763 2100 818 2182 IX,
842 2105 892 2181 39,
915 2105 945 2165 4.
990 2103 1108 2185 ltaque
1129 2103 1172 2182 si,
1196 2107 1234 2166 ut
1256 2099 1332 2180 dixi,

172 2210 255 2277 nihil
278 2209 370 2274 aliud
392 2213 560 2292 ageretur,
582 2209 645 2274 nisi
667 2216 705 2275 ut
726 2208 796 2274 haec
818 2230 857 2274 ex
879 2230 945 2274 uno
968 2209 1060 2275 fonte
1084 2210 1175 2294 origo
1199 2209 1333 2274 demon-

102 2301 111 2325 *
171 2325 350 2399 otiaretur,
371 2317 442 2382 haec
464 2315 661 2383 sufficerent.
705 2316 770 2383 Sed
793 2319 948 2402 quoniam
969 2317 1004 2382 id
1025 2319 1135 2402 potius
1161 2317 1329 2401 quaritur,
1347 2341 1386 2408 (7)

172 2427 274 2513 quod,
299 2427 356 2510 qni
377 2424 439 2491 hoc
461 2425 657 2506 concedunt,
679 2447 746 2491 non
767 2426 905 2511 perinde
927 2426 1130 2509 intellegrmt,
1152 2426 1260 2511 qualis
1277 2424 1332 2491 ille

174 2537 279 2602 fuerit
299 2534 385 2614 fons,
409 2554 509 2617 qnam
532 2555 553 2599 a
575 2535 682 2619 prima
704 2535 895 2618 integritate
918 2534 1077 2614 detortus,
1100 2541 1134 2599 rt
1156 2533 1334 2619 quidinde

174 2645 220 2712 ad
238 2665 367 2710 omnem
384 2664 468 2708 verre
485 2644 655 2727 scripturae
673 2643 926 2725 exquisitionem
942 2648 976 2708 et
994 2642 1153 2708 iudicium
1167 2647 1334 2726 sequatur,

177 2753 279 2838 paulo
301 2752 399 2836 plura
420 2750 560 2817 dicenda
583 2757 668 2816 sunt.
707 2751 752 2817 Et
773 2753 915 2835 primum
937 2752 981 2817 ad
1004 2753 1147 2837 speciem
1168 2750 1335 2833 quandam

175 2863 339 2928 univorsa
366 2861 414 2925 rei
442 2861 558 2925 animis
587 2859 831 2925 informandam
858 2861 1191 2945 superstitionemque
1213 2878 1335 2943 expug-

176 2969 322 3035 nandam
353 2988 393 3033 ex
424 2969 580 3033 continua
608 2968 722 3051 aliqua
749 2975 844 3053 parte
874 2970 944 3034 sine
971 2968 1039 3032 ullo
1068 2966 1199 3033 delectu
1221 2966 1336 3033 oblata

178 3076 371 3144 mendorum
393 3077 475 3141 varii
498 3078 650 3163 generis,
670 3097 743 3161 quoe
765 3077 952 3160 ignorantia
975 3081 1008 3141 et
1028 3075 1198 3141 oculorum
1220 3076 1335 3141 animi·

179 3207 245 3271 que
274 3207 366 3252 error
393 3186 427 3249 in
453 3185 561 3250 verbis
589 3183 830 3267 verborumque
851 3181 966 3249 formis
988 3184 1116 3268 genuit,
1151 3204 1280 3248 summa
1300 3184 1335 3248 in

179 3295 292 3380 pravis
321 3294 508 3359 constantia
535 3314 594 3378 per
622 3314 736 3359 omnes
759 3293 889 3358 codices
911 3297 1163 3377 pervagatorum
1185 3289 1336 3376 exempla

177 3400 375 3488 proponam}
409 3402 444 3466 in
478 3422 542 3485 quo
576 3400 640 3466 boc
672 3422 773 3466 unum
802 3402 911 3466 minus
938 3401 1110 3466 exercitati
1137 3399 1335 3466 admonendi

180 3517 270 3590 sunt,
303 3508 385 3575 nihil
417 3508 526 3575 valere
559 3510 602 3575 ad
634 3509 732 3575 buius
766 3512 799 3575 in
833 3508 960 3575 mendis
994 3529 1172 3575 consensus
1204 3508 1335 3594 pondus

179 3617 402 3698 minuandum,
425 3617 513 3702 quod
535 3619 663 3684 minuta
684 3617 836 3701 quaedam
858 3624 893 3683 et
913 3617 1025 3683 facilia
1046 3618 1081 3682 in
1097 3638 1162 3682 nuo
1180 3623 1214 3682 et
1230 3616 1335 3683 altero

171 3726 296 3792 codice
316 3727 456 3807 recenti,
489 3726 546 3809 qui
568 3724 650 3791 nihil
672 3725 820 3810 alioquin
841 3726 967 3810 proprii
989 3724 1067 3791 boni
1088 3724 1226 3806 babeat,
1260 3745 1336 3791 con-

177 3836 310 3901 iectura
343 3833 518 3900 emendata
552 3835 633 3916 sint,
666 3834 734 3900 alia
766 3833 996 3918 interpolando
1023 3833 1154 3917 longius
1181 3854 1202 3898 a
1229 3834 1336 3917 prima

180 3942 293 4009 mendi
314 3941 422 4008 forma
444 3942 584 4009 detorta.
640 3943 679 4008 ln
702 3943 814 4008 decem
836 3943 939 4026 igitur
958 3941 1037 4006 libri
1059 3942 1149 4007 tertii
1172 3941 1336 4026 capitibus

172 4073 203 4118 ‘a
231 4052 499 4136 quinquagesimo
528 4050 571 4116 ad
597 4051 927 4134 undesexagesimum
955 4048 1025 4114 haec
1047 4055 1139 4128 sunt,
1167 4055 1205 4114 ut
1226 4049 1336 4114 omnia

179 4160 393 4239 omittantur,
430 4159 464 4223 in
497 4159 616 4244 quibus
648 4158 718 4225 ulla
750 4159 885 4224 minima
918 4157 1081 4223 dubitatio
1114 4177 1187 4222 esse
1220 4156 1336 4240 possit,

172 4267 346 4362 {eiusmodi
367 4267 487 4333 menda
509 4267 553 4334 ad
575 4289 689 4335 omnes
707 4267 838 4333 codices
855 4273 1055 4353 propagata
1079 4263 1218 4348 (rectam
1234 4265 1336 4348 scrip-

180 4382 308 4456 turam,
341 4374 400 4442 ubi
433 4383 524 4442 certa
555 4382 589 4442 et
616 4376 762 4443 omnium
791 4396 954 4442 consensu
982 4373 1123 4458 probata
1151 4378 1216 4452 est,
1249 4373 1338 4437 inter
