2994 5108
759 518 799 578 10

196 712 366 768 terram.
398 710 438 768 ut
468 699 567 785 vulgo
601 700 728 767 editur.
760 703 857 784 quasi
892 709 1014 785 agatur
1040 702 1083 767 de
1110 704 1226 768 cloaes
1252 724 1357 788 supra

195 820 322 876 terram
348 810 420 876 fieri
448 816 568 894 coepta
595 809 658 874 sub
684 818 809 874 terram
835 809 948 893 aliquo
976 811 1052 876 loco
1075 811 1294 891 demittends3
1320 812 1357 877 in

197 921 224 985 P
256 929 307 985 est
339 919 482 999 terra).
515 917 627 982 rbdt
659 917 714 1000 (in
745 920 916 1002 regiam,
948 919 1039 1002 quod
1070 919 1240 987 Hertzius.
1272 920 1357 986 milii

195 1029 393 1094 obsecutus.
427 1026 602 1107 correxit),
635 1027 670 1090 in
695 1047 786 1091 nono
814 1034 927 1092 autem
954 1027 1041 1093 libro
1068 1029 1124 1109 (ne
1146 1050 1188 1094 ex
1209 1048 1277 1094 uno
1298 1050 1357 1094 ex·
1418 1085 1421 1089 .

196 1136 308 1221 empla
329 1142 515 1215 sumantur)
537 1135 606 1200 bis:
629 1138 701 1199 ολ.
723 1138 744 1197 9
766 1134 1040 1216 (obiacentem
1060 1137 1212 1205 molem.
1234 1137 1357 1202 mendo

197 1254 273 1311 orto
295 1247 395 1309 etiam
418 1265 459 1308 er
481 1243 702 1326 geminatione
724 1244 839 1327 primae
859 1242 980 1308 litters
1001 1246 1091 1309 vocis
1112 1246 1243 1326 mole).
1271 1267 1300 1311 o.
1323 1250 1356 1313 8.

197 1360 218 1417 'a'
251 1354 351 1433 (eum
384 1353 515 1417 omnia
548 1353 660 1415 iusta
692 1351 732 1414 in
765 1349 1019 1417 deditionem
1046 1360 1232 1418 nostram
1261 1374 1358 1437 per-

196 1462 310 1528 lecta
331 1468 469 1525 erunt.
497 1468 535 1523 ut
558 1458 657 1541 rulgo
678 1457 807 1525 editur.
831 1480 899 1524 uno
921 1467 955 1525 et
977 1461 1084 1525 altero
1106 1461 1220 1525 codice
1240 1482 1358 1526 reuen-

196 1572 326 1636 tissimo
353 1589 430 1634 rere
458 1566 650 1632 emendato:
683 1568 725 1631 in
753 1566 972 1633 deditione
1001 1577 1178 1649 nostra).
1208 1590 1237 1633 o.
1258 1573 1312 1637 26.
1336 1574 1357 1633 3

196 1680 460 1764 (progressus
496 1677 537 1740 in
570 1676 794 1756 contione).
832 1697 862 1740 c.
894 1680 953 1742 27.
992 1681 1012 1741 5
1045 1677 1099 1756 (in
1131 1684 1356 1761 conspeetu

195 1788 323 1868 data).
345 1807 374 1850 e.
391 1789 443 1850 39.
460 1789 481 1848 9
498 1784 656 1865 (secuta
679 1783 827 1849 deindo
848 1786 1001 1869 impetu
1024 1785 1214 1866 eorum).¹)
1245 1786 1357 1869 Atque

197 1897 268 1962 linc
289 1897 366 1974 tria
387 1914 463 1976 quae
484 1902 631 1957 extremo
653 1892 726 1956 looo
748 1895 857 1976 posui.
880 1915 966 1958 unus
987 1894 1096 1958 tenuit
1112 1892 1357 1969 Alschefskius3

197 2005 257 2070 sed
278 2006 314 2068 in
335 2002 422 2067 libro
443 2001 490 2067 X.
515 2005 568 2067 18.
594 2004 632 2064 12
655 2022 761 2084 nuper
782 2010 815 2065 et
834 2000 1121 2066 Weissenbornius
1143 2010 1176 2067 et
1199 2001 1358 2067 llertsius

196 2112 389 2178 ediderunt:
423 2130 496 2174 nee
524 2131 619 2174 usus
645 2109 709 2172 sui
738 2110 794 2172 sit
817 2111 857 2173 in
878 2109 1100 2175 Etruriam.
1127 2117 1258 2174 etcum
1280 2108 1357 2176 boc.

197 2221 287 2304 quod
320 2217 436 2282 consul
468 2219 540 2301 ipse
572 2218 607 2280 in
639 2217 776 2280 Etruria
808 2238 945 2281 versans
978 2217 1073 2295 dicit,
1111 2226 1359 2302 compararunt,

197 2328 287 2412 quod
314 2327 438 2391 dieitur
463 2323 748 2409 proconsulem
775 2325 815 2388 in
842 2323 1082 2408 Hispaniam
1110 2345 1265 2395 creare.
1291 2325 1358 2392 ltoc

196 2444 267 2502 est.
298 2436 356 2518 qui
390 2435 425 2497 in
453 2433 648 2516 Hispaniam
682 2440 747 2497 eat
802 2432 960 2498 Eiusdem
987 2442 1100 2497 autem
1128 2435 1265 2517 originis
1292 2442 1358 2501 est.

198 2544 289 2628 quod
311 2563 398 2607 nunc
420 2539 671 2621 (Alschefskius
697 2539 993 2607 Weissenbornius.
1021 2541 1190 2621 Hertzius)
1212 2543 1248 2606 in
1268 2541 1357 2609 libro

200 2653 248 2721 X.
277 2655 334 2717 36.
368 2656 383 2712 l
415 2649 532 2713 edunt:
565 2649 603 2712 in
637 2647 770 2712 medio
797 2651 985 2713 sarcinas
1015 2650 1262 2729 coniiciunt,
1294 2651 1360 2735 ipsi

197 2761 415 2826 adnotantes.
445 2756 526 2821 alibi
554 2778 684 2840 semper
710 2756 777 2821 diei
804 2759 845 2821 in
875 2757 1048 2821 medium
1074 2757 1284 2823 coniicere
1306 2759 1361 2840 (ut

234 3034 252 3085 'l
271 3030 554 3100 [Aleisseubornius.
571 3045 659 3096 quum
677 3045 701 3081 a
722 3030 788 3083 issa
805 3031 836 3082 in
853 3029 875 3085 l.
892 3030 935 3083 83.
952 3029 970 3081 6
987 3040 1066 3082 reete
1083 3027 1232 3083 edidisset:
1250 3040 1362 3099 ponte

266 3145 302 3154 -
323 3117 359 3171 in
378 3113 500 3169 Tiberi
521 3112 631 3167 laeto.
658 3130 682 3166 a
705 3115 771 3167 1860
792 3122 891 3169 eontra
913 3126 1040 3183 apertam
1060 3115 1201 3168 rationem
1217 3133 1362 3186 usumque

268 3201 527 3256 constantissimum
546 3212 656 3265 leontis
669 3199 797 3265 Petiam)
815 3200 930 3269 scripsit
949 3200 982 3253 in
1000 3198 1165 3255 Tiberini.
1183 3208 1212 3254 et
1231 3199 1254 3257 l.
1272 3203 1318 3266 89,
1338 3206 1363 3265 1,

268 3304 355 3356 quum
373 3292 441 3339 ante
457 3292 537 3339 reete
554 3285 728 3353 scripsisset:
754 3284 953 3353 prodigium
975 3285 1051 3339 sisu
1074 3298 1272 3353 eventuque
1289 3304 1361 3342 me·

267 3371 437 3426 motabile
457 3369 532 3425 luit.
549 3388 625 3424 nune
638 3370 734 3439 posuit
749 3368 965 3424 incredibiliter:
984 3369 1031 3424 Eo
1045 3378 1203 3438 tempore
1218 3371 1363 3442 inregia

269 3455 470 3533 prodigium
492 3456 617 3511 risum.
644 3460 840 3522 eventuque
866 3454 1095 3510 memorabile
1119 3453 1187 3508 suit
1209 3456 1302 3523 (qussi
1327 3475 1363 3512 eo

268 3552 399 3612 tempore
417 3554 520 3595 eventu
537 3539 720 3594 memorabile
736 3538 822 3592 fuerit
840 3539 999 3608 prodigium
1018 3552 1045 3593 et
1065 3540 1146 3608 qussi
1163 3541 1205 3593 sie
1222 3541 1363 3612 coniungi

268 3627 379 3696 possint
406 3626 515 3679 risum
538 3643 591 3694 pro
618 3626 728 3678 risum
750 3633 801 3677 est
826 3632 856 3677 et
878 3624 967 3681 iuitl:
994 3625 1066 3679 adeo
1088 3641 1146 3678 non
1169 3630 1219 3679 aut
1243 3625 1282 3679 ad
1303 3627 1364 3693 illa

268 3730 333 3781 quie
351 3711 512 3765 Emendstt
530 3710 591 3764 Lis.
604 3730 632 3779 p.
647 3711 666 3762 9
682 3709 820 3765 indieari.
843 3710 971 3778 exempla
989 3709 1148 3764 attenderat
1167 3719 1216 3764 sut
1234 3711 1272 3765 sd
1289 3711 1365 3779 bne,

269 3816 335 3867 quse
357 3810 496 3867 preterea
519 3798 549 3850 iu
566 3795 679 3849 duobus
695 3795 795 3863 primis
814 3794 894 3848 libris
911 3793 1037 3849 rideret:
1055 3794 1077 3849 l.
1099 3797 1142 3851 et
1167 3799 1185 3849 b
1203 3798 1365 3854 exsulem

268 3883 401 3936 advena
419 3881 461 3949 (H
478 3881 524 3935 Pl.
550 3883 597 3936 39.
624 3879 908 3934 dismiliaritste
930 3892 1031 3933 sueta
1048 3878 1089 3945 (N
1105 3877 1147 3935 ll.
1173 3878 1363 3939 familiari·

269 3978 375 4022 tatem
399 3977 478 4021 aeta
494 3967 537 4033 Pi.
559 3966 596 4021 lI.
622 3968 662 4021 to
683 3967 701 4016 7
719 3972 746 4018 et
768 3966 800 4017 10
821 3965 976 4034 exiguam
999 3974 1100 4034 parte
1124 3970 1153 4019 et
1174 3978 1282 4034 ponte
1300 3970 1365 4023 ob·

271 4054 409 4107 tineret
429 4051 463 4119 (P
480 4070 517 4105 m.
538 4052 572 4115 1).
598 4055 638 4107 ll.
659 4048 863 4103 'lGabinam
887 4049 974 4102 siam
991 4048 1051 4115 (tn.
1067 4050 1111 4105 ill
1131 4052 1143 4102 1
1163 4051 1197 4104 in
1219 4052 1366 4121 primam

269 4137 422 4192 exsulum
444 4138 556 4190 aeiem
578 4135 644 4202 (Ml.
667 4137 715 4191 88.
737 4137 755 4187 b
778 4133 930 4188 residem
953 4135 989 4188 in
1010 4133 1129 4188 urbest
1151 4134 1193 4202 (H
1210 4153 1249 4189 na
1269 4141 1298 4203 1,
1322 4139 1368 4209 P),

269 4225 313 4281 34.
335 4225 354 4276 6
377 4222 437 4276 ubi
454 4239 528 4276 eam
545 4220 744 4275 remisisset
766 4217 808 4285 (ld
824 4216 872 4275 Pl.
894 4218 951 4271 ibd.
972 4221 1004 4272 li
1020 4218 1141 4285 {laeile
1157 4220 1291 4278 dietum
1311 4233 1368 4282 est

270 4308 312 4373 {ld
333 4308 392 4373 Pi·
437 4304 710 4377 (Erprsel'st.1.irii
732 4303 787 4357 sol.
806 4302 820 4356 l
837 4302 905 4356 isse.
930 4303 963 4361 1.)
1005 4302 1109 4358 Postea
1130 4303 1251 4361 Tiberi
1278 4327 1367 4366 reso·

271 4402 376 4458 eatum
393 4391 503 4445 visum
520 4395 664 4446 servatum
682 4391 740 4442 est!
757 4387 814 4442 (tr.
833 4386 903 4441 Adr.
921 4385 989 4441 (rit.
1006 4386 1020 4440 l
1037 4405 1064 4458 p
1081 4386 1137 4457 sa]

86 4662 272 4792 k
