3000 5116
587 456 648 518 377
1013 470 1075 527 Lib.
1093 471 1195 527 XXVI.

65 642 204 727 egendi
231 640 465 720 dedissent,
497 639 533 702 ei
562 641 637 723 (pro
659 640 712 723 ct)
740 640 1009 734 ius-liberum
1037 641 1197 708 eosdem

67 750 203 817 edisse
226 748 330 815 deos.
364 746 464 831 (§13:
487 746 530 811 M.
553 746 789 812 Marcellum
812 747 1130 815 Claudium-et
1152 750 1197 815 M.

73 858 247 924 clerium
281 855 474 922 absentes
510 854 703 919 consules
731 856 931 921 dixerunt.
988 856 1134 922 Offendit
1163 847 1199 923 et

65 966 247 1049 [aequalitas
268 965 304 1029 in
324 962 513 1030 nominibus
536 962 697 1047 ponendis
722 969 756 1029 et
771 982 893 1046 pravus
912 964 947 1029 in
963 958 1120 1031 Marcello
1137 986 1197 1031 no-

65 1075 161 1140 duum
188 1072 279 1139 ordo.
324 1070 433 1149 Quum
455 1070 567 1135 Livius
596 1077 772 1152 utrumque
800 1072 968 1136 consulem
996 1056 1198 1156 praenomine

65 1189 74 1247 t
111 1181 245 1246 nomine
279 1179 480 1263 appellasset
509 1178 565 1259 (M.
595 1176 769 1242 Claudium
803 1184 838 1243 et
865 1179 909 1243 M.
936 1179 1135 1260 Valerium),
1162 1181 1199 1246 in

65 1289 146 1355 itero
175 1287 380 1370 adscriptum
409 1294 461 1352 est
490 1306 511 1350 a
537 1286 661 1350 lectore
689 1284 799 1368 aliquo
823 1292 856 1350 et
877 1307 979 1369 pravo
1001 1288 1075 1353 looo
1096 1289 1199 1353 inter·

65 1396 187 1461 ositum
211 1415 408 1476 cognomen,
440 1414 505 1474 quo
534 1393 568 1457 in
590 1392 758 1458 narrando
781 1389 944 1477 appellari
967 1394 1060 1460 solet.
1104 1400 1195 1460 1863.

65 1503 274 1569 onserantur'
292 1522 396 1580 nunc,
426 1521 499 1585 quae
538 1500 721 1584 Lahmeyer
754 1502 907 1584 exposuit
939 1501 1101 1586 Philolog.
1136 1502 1198 1568 vol.

65 1611 133 1676 ΧΠ
154 1633 187 1695 n·
210 1613 273 1674 469
299 1607 424 1693 sech)

125 1716 204 1802 Cap.
235 1721 291 1796 25,
326 1721 362 1780 4:
407 1715 480 1781 His
518 1717 673 1800 raptim
707 1715 813 1780 actis
847 1715 1048 1799 (Philippus)
1081 1752 1125 1762 -
1157 1718 1198 1782 ia

73 1825 299 1892 hessaliam
329 1822 561 1900 descendit3
592 1823 641 1888 ad
663 1822 814 1887 bellum
838 1844 971 1889 secum
993 1859 1037 1869 —
1059 1844 1198 1907 capes·

65 1935 207 2001 endum
238 1932 412 1997 incitari
445 1952 563 2015 posse
597 1931 779 1996 homines
814 1930 1027 2011 credebat;
1068 1938 1199 1996 etre-

65 2045 146 2108 {cto
174 2040 224 2106 ad
250 2040 392 2104 fauces
420 2037 643 2104 Thessalia
673 2038 820 2104 Perseo
842 2073 886 2083 —
903 2041 993 2122 Ipse
1010 2073 1054 2084 -
1071 2039 1197 2104 duxit.

65 2149 155 2234 'eque
183 2147 359 2212 interiecta
386 2148 435 2212 sio
463 2146 533 2212 sine
560 2146 728 2230 particula
754 2146 813 2211 illa
842 2148 1007 2211 sententia
1035 2147 1083 2211 ad
1111 2147 1198 2212 bel·

65 2278 121 2322 um
148 2263 211 2322 cet.
233 2255 312 2320 ferri
334 2261 462 2338 potest,
495 2255 626 2319 etiamsi
655 2254 863 2337 parenthesis
886 2255 988 2337 signis
1013 2254 1200 2334 claudatur,

65 2385 149 2449 eque
182 2370 222 2427 et
256 2363 405 2431 relicto
438 2382 460 2426 a
492 2361 717 2446 superioribus
751 2362 910 2429 avulsum.
966 2362 1005 2426 P:
1030 2363 1198 2428 descen-

67 2616 92 2685 ι)
109 2615 243 2672 Proxime
262 2614 290 2685 (ἕ
307 2616 343 2683 8),
361 2616 435 2671 nbi'
428 2634 458 2670 ιιι
475 2615 497 2670 P
517 2621 571 2671 est:
590 2617 739 2671 asserint
757 2633 865 2685 prope
883 2616 1017 2670 moenia
1034 2616 1199 2684 Romana,

86 2718 209 2756 verum
231 2707 355 2840 nontest
378 2703 540 2842 arserint}
584 2702 657 2841 Urgu
682 2702 781 2841 ardetre
801 2706 899 2840 prlrltssst
921 2701 1057 2852 {nrrtruitm
1084 2703 1199 2756 moenia

108 2803 318 2856 nonpossun;
344 2803 453 2860 prope
477 2804 512 2840 ar
543 2803 599 2841 ere
640 2805 716 2841 umu
755 2807 773 2840 u
795 2804 854 2840 n11
882 2804 920 2856 po
935 2803 990 2839 es
1017 2804 1083 2840 nam
1101 2788 1196 2856 imago

109 2871 222 2926 tollitur
252 2871 350 2926 addito
373 2888 490 2942 prope.
536 2871 651 2926 Fuitne:
679 2872 762 2940 quoi
785 2873 846 2941 (pro
872 2871 949 2940 quo)
967 2899 1001 2910 -
1019 2874 1200 2926 cesserint

109 2973 222 3027 prope
239 2956 554 3011 moeniaRomana?
574 2956 744 3026 [Ussingium
764 2973 889 3026 quassa
907 2957 992 3023 sint;
1014 2955 1198 3026 Doeringius:

109 3058 285 3096 concussa
307 3041 401 3110 sint]
436 3042 511 3111 (Cap.
530 3045 572 3111 24,
591 3045 615 3097 6.
651 3043 685 3096 Iu
702 3043 745 3096 his
763 3042 869 3095 verbis:
892 3042 1144 3095 restituturum
1164 3060 1198 3096 se

112 3126 150 3181 in
171 3126 350 3196 antiquam
372 3127 557 3182 formulam
580 3129 736 3196 iansquo
759 3144 796 3180 ac
815 3127 967 3181 dIcionis
985 3143 1102 3180 eorum
1120 3145 1198 3197 mag-

108 3229 176 3267 nam
199 3212 305 3267 habent
327 3212 533 3266 dubitationem
554 3214 704 3283 particulae
727 3230 790 3281 que
813 3229 901 3266 —ac
924 3213 979 3266 hoc
1003 3228 1059 3264 uno
1081 3212 1144 3265 looo
1169 3217 1198 3266 et

109 3298 220 3353 duobus
241 3302 378 3366 praeterea
401 3297 484 3365 (infra
506 3315 529 3354 c.
548 3301 594 3366 51,
618 3300 634 3353 8
653 3303 682 3352 et
699 3297 835 3363 XXXIII,
861 3299 906 3364 19,
932 3296 974 3363 11)
993 3297 1068 3365 apud
1085 3296 1198 3350 Liuium

111 3383 152 3436 sic
174 3383 334 3438 coniunctae
355 3399 408 3453 pro
432 3389 465 3437 et
481 3412 516 3423 —
534 3388 581 3449 et,
609 3401 665 3452 qua
686 3384 888 3438 coniunctione
911 3382 1063 3452 superioris
1086 3399 1200 3451 quoque

109 3468 204 3523 [etatis
222 3468 375 3537 scriptores
393 3469 550 3535 abstinent,
578 3486 663 3537 quum
685 3470 842 3537 praesertim
860 3468 938 3522 nulla
956 3468 993 3522 sit
1010 3485 1096 3522 causa
1114 3469 1199 3522 nnius

109 3553 236 3607 notionis
254 3554 351 3626 (turis
370 3557 403 3607 et
421 3554 581 3620 dicionis)
601 3555 641 3607 sio
659 3554 857 3620 distrahendas,
879 3570 970 3621 neque
988 3558 1064 3609 recte
1083 3571 1198 3608 eorum

110 3638 253 3709 coniungi,
269 3638 399 3693 videatur
422 3656 486 3693 cum
508 3638 628 3704 formula
648 3640 739 3693 iuris
762 3656 799 3692 ac
819 3639 980 3693 dicionis.
1025 3638 1068 3693 Ne
1087 3638 1199 3693 Curtius

111 3722 224 3791 quidem
247 3728 297 3777 ant
314 3722 440 3791 Tacitus,
463 3725 488 3778 si
511 3725 627 3778 dubium
645 3724 793 3778 Annalium
817 3724 911 3779 locum
933 3724 989 3790 IV,
1013 3726 1048 3776 34
1065 3724 1197 3792 excipias,

111 3825 176 3876 qne
201 3835 237 3846 -
258 3825 295 3862 ac
322 3809 363 3864 sic
389 3814 555 3878 posuerunt,
582 3810 638 3863 nisi
664 3809 713 3862 nbi
741 3826 803 3877 qne
829 3809 991 3885 pronomini
1018 3808 1200 3875 subiungitur

111 3894 225 3961 (ee'qno
247 3910 286 3948 ac
303 3893 461 3960 liberos),
489 3894 725 3962 quemadmodum
746 3893 795 3947 alii
819 3910 924 3961 seque
948 3898 983 3948 et
1006 3893 1139 3946 liberos
1158 3892 1200 3945 di·

112 3983 189 4034 cunt
229 3978 325 4034 Poetae
344 3978 435 4048 (Verg.
455 3977 556 4048 Georg.
574 3978 631 4047 III,
649 3982 701 4032 434
719 3983 748 4032 et
765 3977 844 4032 Ouid
865 3980 979 4032 Metam.
997 3976 1046 4044 IV,
1065 3976 1128 4041 429)
1147 3994 1198 4030 sua
1242 4023 1247 4031 .

111 4064 242 4118 libertate
268 4068 395 4118 utuntur.
444 4062 508 4118 Non
540 4065 629 4118 audeo
661 4068 757 4118 tamen
781 4066 904 4118 ,verbum
936 4063 1053 4128 addere,
1085 4063 1119 4115 ut
1146 4061 1196 4114 sit:
1271 4121 1275 4128 .

111 4150 269 4218 iurisque
288 4165 325 4202 ac
345 4147 497 4202 dicionis
515 4166 629 4203 eorum
647 4148 827 4203 facturum.
860 4149 945 4216 (Suet.
964 4147 1077 4215 Vespas.
1100 4147 1143 4199 12:
1162 4174 1197 4183 -

111 4251 220 4304 neque
242 4233 483 4288 dissimulavit
505 4251 650 4303 unquam
675 4252 713 4288 ac
737 4233 943 4303 frequenter
966 4249 1034 4301 pree
1058 4247 1093 4284 ae
1111 4231 1197 4284 tulit

112 4337 165 4390 pro
183 4336 226 4387 eo,
244 4319 322 4388 qnod
339 4318 406 4372 alibi
423 4319 556 4373 scribitur
572 4336 683 4388 neque
700 4348 735 4358 -
753 4320 807 4385 et)
846 4321 911 4373 1862
930 4323 959 4373 et
978 4316 1063 4383 1876.)

775 4629 1176 4784 ’.Α
