3000 5116
681 487 742 549 aaa
1025 563 1030 573 ,
1109 469 1170 564 nu.
1189 509 1289 565 xx1v.

134 674 347 752 concinnata,
379 662 458 736 narn
492 671 525 734 in
552 670 577 734 P
607 672 655 736 sic
688 674 846 756 scriptum
875 682 941 741 est:
976 680 1291 760 preterfluebat

682 803 691 844 1

134 801 277 956 etdros
316 887 461 972 procul
500 889 557 952 eis
596 908 701 969 quae
735 888 1036 958 habitabantur
1059 914 1128 960 sex
1152 895 1376 980 millialata)

624 1018 636 1059 1

134 1105 282 1172 aberat
309 1105 351 1169 in
377 1104 476 1169 urbe
504 1103 642 1169 nobile
665 1105 859 1189 templum
882 1108 973 1190 ipsa
995 1110 1093 1175 urbe
1117 1117 1207 1176 erat
1229 1117 1291 1177 cet.

136 1214 181 1280 Et
202 1234 298 1279 eros
321 1212 454 1297 quidem
477 1234 537 1295 pro
560 1232 631 1277 arx
653 1214 753 1277 etiam
775 1213 875 1297 paulo
898 1221 974 1298 post
997 1215 1028 1298 (ξ
1051 1216 1085 1299 8)
1108 1219 1141 1283 in
1164 1219 1190 1282 P
1214 1221 1293 1284 sori·

138 1323 245 1402 bitur,
276 1328 311 1386 et
333 1341 428 1387 aras
450 1319 570 1400 XXIII,
600 1324 649 1399 30,
680 1326 708 1385 ⁷.
755 1320 819 1387 Sed
842 1322 909 1387 alia
930 1323 1070 1390 molesta
1092 1332 1178 1390 sunt.
1223 1326 1293 1391 Pri·

138 1452 227 1496 mum
257 1430 292 1494 in
320 1428 387 1494 illis
416 1429 524 1495 verbis
553 1435 591 1493 et
625 1448 695 1492 arx
730 1430 876 1511 procul
904 1432 963 1496 eis
992 1438 1053 1497 cet.
1082 1434 1294 1500 vitiosissima

138 1545 191 1604 est
232 1538 357 1617 orati03
397 1558 457 1602 arx
491 1537 577 1602 enim
611 1544 725 1620 aperte
759 1537 1013 1620 praeterfluxisse
1048 1541 1182 1621 dicitur;
1217 1563 1293 1607 nam

138 1668 246 1731 neque
275 1667 336 1730 per
364 1667 399 1711 se
428 1645 497 1710 ullo
524 1645 621 1710 modo
651 1645 754 1728 (quod
784 1647 851 1710 iam
880 1668 982 1730 supra
1004 1670 1035 1731 p.
1059 1653 1121 1713 248
1146 1656 1211 1714 not.
1237 1649 1294 1714 ad-

137 1755 266 1836 monui)
300 1753 435 1819 verbum
471 1753 714 1818 substantivum
744 1754 851 1818 omitti
879 1761 1005 1838 potest,
1038 1756 1094 1821 ubi
1123 1777 1183 1839 pro
1211 1776 1294 1841 prae-

140 1863 253 1930 dicato
287 1862 479 1946 adiungitur
512 1862 704 1945 praepositio
734 1861 786 1941 (ut
813 1884 884 1926 arx
912 1864 1053 1946 procul
1083 1865 1141 1929 eis
1164 1864 1293 1930 intelle·

140 1979 253 2054 gutur:
288 1992 360 2037 arx
390 1977 480 2035 erat
507 1969 649 2055 procul
673 1970 760 2050 eis),
789 1977 823 2034 et
845 1971 976 2036 minime
1000 1974 1145 2037 omnium
1166 1971 1201 2036 id
1223 1971 1294 2038 fieri

139 2087 255 2164 potest
281 2079 316 2144 in
337 2078 397 2144 tali
420 2078 645 2161 copulatione:
676 2076 828 2143 flumen
850 2087 1031 2145 -extra
1058 2080 1295 2163 frequentia

139 2188 265 2252 tectis
298 2186 391 2253 loca
423 2185 754 2270 praterilnebat,
788 2193 829 2251 et
864 2207 935 2252 arx
968 2188 1110 2272 procul
1144 2189 1204 2253 eis
1233 2196 1294 2254 oet.

139 2294 267 2360 Deinde
294 2294 455 2361 violenter
482 2316 543 2378 pro
572 2295 612 2359 in
634 2293 731 2359 urbe
755 2294 969 2360 substituitur
992 2297 1039 2361 ab
1062 2296 1174 2376 urbe,
1208 2296 1297 2379 quod

140 2424 242 2486 quum
270 2403 554 2468 Weissenbornius
588 2402 821 2482 intellexisset,
857 2402 952 2487 longe
983 2407 1173 2470 coniectura
1200 2404 1297 2470 aber-

138 2513 235 2577 ravit.
296 2511 467 2577 Postremo
507 2531 606 2594 prave
646 2511 826 2588 divellitur,
865 2533 965 2594 quam
998 2514 1101 2577 codex
1134 2515 1297 2597 integram

140 2619 254 2698 offert,
288 2619 422 2703 elegans
445 2619 587 2703 angendi
609 2619 730 2684 forma:
765 2620 804 2683 in
826 2619 926 2684 urbe
949 2621 1079 2686 nobili
1102 2621 1296 2704 templum

139 2729 234 2813 ipsa
267 2726 365 2795 urbe
396 2727 592 2806 nobilius,
627 2727 811 2792 substituta
840 2748 942 2810 prava
970 2730 1003 2793 in
1034 2729 1097 2793 hac
1126 2731 1296 2794 sententiae

139 2836 247 2903 forma
269 2835 469 2920 parenthesi.
507 2835 623 2917 ltaque
646 2835 790 2900 tenenda
812 2843 864 2900 est
886 2835 955 2900 haec
979 2837 1140 2902 orationis
1163 2837 1297 2902 distinc-

138 2946 205 3011 tio:
228 2950 268 3011 ct
289 2966 360 3011 arx
383 2944 524 3027 procul
546 2944 613 3021 eis,
637 2964 721 3026 quae
743 2943 1054 3023 habitabantur,
1078 2964 1145 3008 sex
1167 2943 1298 3009 millia

139 3054 302 3132 aberat3
340 3053 381 3117 in
420 3052 520 3117 urbe
553 3050 685 3116 nobili
718 3051 917 3134 templum
950 3053 1041 3134 ipsa
1075 3051 1174 3117 urbe
1208 3059 1299 3117 erat

140 3161 330 3229 nobilius
361 3161 537 3226 Laciniae
566 3159 732 3224 Iunonis
767 3166 828 3224 cet.
888 3159 1068 3242 Postquam
1098 3160 1209 3224 Livius
1237 3158 1297 3225 flu·

141 3292 219 3337 men
252 3277 348 3336 extra
380 3269 568 3351 frequentia
600 3268 697 3333 tectis
733 3268 805 3333 loca
834 3268 896 3347 (ita
926 3278 963 3332 ut
991 3276 1103 3333 tamen
1133 3276 1298 3333 extremas

143 3399 224 3446 oras
258 3385 292 3444 et
326 3398 403 3443 rara
431 3376 570 3442 aedificia
591 3377 790 3464 attingeret)
820 3376 1076 3459 praeterfluxisee
1106 3376 1203 3456 dixit,
1233 3377 1298 3461 pri·

141 3508 234 3552 mum
266 3486 417 3550 universe
452 3506 560 3549 arcem
591 3505 611 3548 a
640 3483 712 3549 loco
743 3484 876 3549 omnino
906 3484 1055 3551 habitato
1084 3485 1213 3566 longius
1242 3486 1299 3551 ab·

142 3595 247 3661 fuisse
281 3593 405 3672 scribit,
435 3593 552 3657 deinde
582 3593 689 3676 ipsam
711 3614 899 3657 mensuram
921 3593 1023 3658 addit.
1079 3594 1172 3659 Hanc
1200 3596 1300 3678 spatii

142 3704 350 3769 notationem
379 3700 421 3766 ab
451 3722 526 3766 arce
554 3699 597 3765 ad
626 3700 783 3783 templum
812 3701 989 3766 transferre
1013 3709 1140 3766 mutato
1163 3723 1299 3766 numero

142 3830 206 3877 nec
227 3817 338 3875 tamen
361 3817 492 3893 aquato
516 3830 591 3874 cum
614 3829 663 3887 eo,
692 3830 789 3892 quem
807 3809 928 3874 Strabo
946 3809 999 3887 VI,
1022 3832 1052 3891 p.
1072 3813 1133 3872 262
1153 3808 1177 3872 C
1196 3811 1298 3892 ponit,

142 3919 357 3984 temerarium
380 3924 440 3983 cst.
480 3916 588 3982 Unum
612 3916 731 3998 aliquis
754 3918 867 3982 mirari
890 3919 1003 4000 possit,
1028 3917 1116 3999 quod
1139 3918 1178 3980 in
1200 3916 1297 3983 urbe
1316 3933 1386 4002 (273)

144 4028 277 4093 dicatur
308 4026 410 4092 fuisse
443 4026 602 4110 templum
634 4033 704 4090 tam
738 4033 909 4092 remotum.
967 4026 1030 4090 Sed
1059 4032 1185 4088 veteres
1214 4046 1300 4108 saepe

143 4134 249 4200 multo
277 4135 416 4200 latiores
445 4155 542 4216 quam
571 4157 632 4198 noe
656 4133 787 4199 urbium
810 4134 891 4199 fines
915 4135 1023 4199 animo
1046 4130 1300 4215 comprehende·

143 4243 242 4315 bant,
272 4263 344 4327 quae
373 4244 407 4306 in
429 4244 517 4326 agris
536 4218 671 4307 dubium
694 4250 788 4307 erant
810 4243 944 4327 publica
967 4262 1127 4332 sacraque
1151 4240 1299 4319 aedificia,

144 4350 284 4417 urbibus
311 4351 392 4434 ipsis
421 4351 687 4416 adnumerantes.
739 4352 856 4434 ltaque
885 4351 974 4436 quod
1003 4361 1031 4412 ἐν
1053 4358 1084 4429 τῇ
1106 4355 1299 4431 Κροτωνιάτιδι

1279 4484 1436 4744 Γ
