2994 5108
765 485 827 547 246

218 671 308 736 tione
331 671 395 736 orti
418 670 649 737 demonstrabo
672 671 706 735 in
727 670 783 736 lib.
807 670 911 752 XXII,
936 676 983 752 16,
1006 670 1050 753 4.)
1090 669 1229 736 Omnino
1251 675 1371 746 autem,

219 779 275 863 qui
302 786 391 845 recte
422 784 456 845 ct
479 780 549 844 sine
572 779 807 863 superstitione
831 781 881 845 uti
904 780 1103 865 optimorum
1125 777 1274 843 codicum
1296 795 1373 840 auc·

218 887 353 953 toritate
387 888 510 969 volent,
549 888 573 953 ii
606 909 627 952 a
661 888 798 971 singulis
830 888 928 968 locis,
967 889 1001 952 in
1035 888 1155 972 quibus
1188 885 1373 964 dubitatur,

218 997 363 1061 animum
396 994 518 1062 referre
549 996 671 1062 debent
698 997 862 1062 interdum
890 997 934 1063 ad
960 1003 1068 1062 totam
1095 997 1186 1062 illam
1214 993 1374 1062 orationis

217 1104 374 1186 formam,
403 1127 476 1189 quae
500 1107 656 1171 continua
678 1107 711 1170 in
734 1106 903 1172 codicibus
926 1106 1071 1187 offertur,
1098 1113 1136 1171 ut
1157 1102 1375 1183 meminerint,

134 1233 204 1300 (aaa)
223 1220 381 1297 quantum
404 1215 526 1298 ubique
545 1214 691 1280 sordium
710 1220 744 1279 et
761 1215 919 1297 robiginis
938 1215 1173 1298 detergendum
1191 1215 1244 1279 sit.
1277 1208 1376 1277 Velut

219 1324 308 1405 (nam
332 1323 481 1407 exemplo
503 1324 553 1388 uti
575 1323 672 1405 libet)
694 1325 825 1388 initium
847 1323 924 1388 libri
942 1323 1036 1388 XXII
1054 1322 1108 1406 (ne
1126 1323 1199 1406 quis
1218 1322 1376 1388 selectum

219 1433 367 1498 studiose
400 1431 585 1515 exemplum
618 1431 727 1515 putet)
761 1433 794 1496 in
828 1433 943 1498 codice
971 1432 996 1496 P
1026 1433 1073 1497 sic
1106 1432 1277 1512 scribitur,
1311 1432 1376 1497 nisi

219 1541 308 1626 quod
328 1541 430 1606 verba
453 1562 492 1605 ex
514 1541 671 1605 continua
693 1541 858 1625 scriptura
880 1562 998 1625 separo
1022 1548 1055 1606 et
1071 1541 1377 1624 interpunctionem

219 1650 320 1715 addo:
370 1648 452 1714 Iam
492 1670 587 1714 vero
629 1648 942 1733 adpetebatque
981 1647 1189 1714 Hannibal
1229 1669 1275 1712 ex
1314 1647 1376 1711 hi-

218 1759 358 1823 bernis
392 1758 538 1823 metuit
572 1763 611 1821 et
645 1779 775 1841 neque
803 1779 848 1822 eo
878 1759 946 1842 qui
975 1759 1052 1822 iam
1081 1764 1176 1822 ante
1203 1762 1376 1822 conatus

219 1866 511 1932 transcendere
534 1867 814 1950 Appenninum
843 1866 1120 1932 intolerandis
1143 1864 1377 1948 frigoribus

219 1982 258 2040 et
286 1996 372 2039 cum
400 1975 561 2058 ingenti
583 1974 773 2058 periculo
796 1980 976 2040 moratus
1000 1996 1044 2039 ao
1067 1980 1180 2039 metu.
1233 1972 1376 2053 Gallis,

220 2105 319 2168 quos
359 2083 500 2168 praeda
539 2081 937 2167 populationumque
972 2084 1233 2148 consciverat
1266 2104 1377 2167 spec,

219 2198 436 2276 postquam
458 2214 529 2275 pro
554 2213 615 2270 eo,
643 2198 688 2255 ut
714 2191 794 2274 ipsi
824 2211 869 2254 ex
897 2191 1037 2256 alieno
1061 2212 1156 2275 agro
1179 2198 1377 2276 raperent

220 2306 506 2384 angerentque,
547 2321 640 2365 suas
679 2304 814 2364 terras
848 2299 981 2364 sedem
1015 2299 1117 2364 belli
1152 2322 1241 2365 esse
1275 2321 1377 2384 prae·

219 2410 370 2493 miique
406 2409 624 2492 utriusque
659 2407 790 2491 partis
825 2409 1078 2472 exercituum
1106 2407 1291 2474 hibernis
1319 2409 1379 2473 vi·

220 2517 372 2596 derant,
399 2521 618 2580 verterunt
638 2521 749 2581 retro
773 2516 1047 2581 Hannibalem
1070 2516 1179 2598 odia;
1201 2537 1263 2582 nec
1287 2519 1380 2599 quic·

220 2647 319 2706 quam
348 2646 387 2687 ex
415 2622 467 2688 his
495 2623 622 2688 mendis
651 2623 685 2688 in
714 2625 847 2706 optimis
878 2624 1058 2690 secundum
1087 2623 1180 2688 illum
1209 2623 1381 2690 codicibus

220 2731 322 2812 (CM),
357 2754 377 2796 a
404 2733 510 2815 prima
543 2732 674 2814 quidem
708 2753 821 2812 manu,
856 2735 980 2798 vitatur
1013 2739 1133 2816 praeter
1166 2738 1380 2816 aegerent,

220 2842 311 2925 quod
333 2842 367 2905 in
389 2841 414 2905 P
437 2842 543 2905 altera
564 2862 680 2904 manus
705 2848 901 2921 correxerat,
925 2849 958 2905 et
980 2841 1142 2925 praemii.
1193 2840 1381 2907 Primorum

218 2948 392 3013 verborum
415 2950 602 3014 emendatio
626 2947 721 3029 (Iam
749 2970 815 3012 ver
838 2948 1079 3032 adpetebat3
1110 2951 1252 3032 itaque
1275 2950 1382 3015 Han-

217 3057 329 3122 nibal
363 3079 408 3122 ex
435 3058 618 3122 hibernis
647 3056 781 3137 movit)
806 3056 907 3121 Vallae
931 3064 962 3121 et
984 3056 1172 3122 Woelfflino
1196 3057 1377 3140 deserum)

219 3166 398 3249 (reperitur
431 3168 531 3229 etiam
566 3173 625 3229 aut
658 3171 730 3229 tota
763 3171 821 3229 aut
854 3187 895 3230 ex
928 3173 1024 3249 parte
1053 3167 1086 3228 in
1116 3187 1180 3229 uno
1210 3172 1245 3230 et
1272 3166 1381 3232 altero

220 3274 333 3338 codice
362 3273 464 3337 Vallae
499 3281 630 3337 {etatem
663 3296 728 3338 non
763 3282 954 3358 superante,
994 3295 1070 3337 nam
1107 3280 1140 3338 et
1172 3273 1318 3356 Poggius
1349 3280 1382 3340 et

223 3381 473 3446 Leonardnset
496 3380 634 3446 Carolus
657 3382 784 3446 Aretini
808 3404 926 3466 quum
951 3388 983 3446 et
1006 3383 1128 3446 movit
1150 3383 1381 3472 restituerant,

222 3496 257 3552 ut
281 3497 455 3573 appareat,
491 3491 576 3554 unde
605 3489 638 3553 hi
667 3491 796 3555 codices
824 3489 1020 3574 pendeant),
1056 3489 1158 3554 Vallae
1188 3491 1289 3554 etiam
1314 3511 1381 3556 ne·

222 3599 445 3679 quicquam.
515 3597 622 3662 Galli
669 3605 701 3663 et
742 3599 932 3663 viderunt
972 3597 1045 3680 (pro
1086 3616 1150 3680 quo
1190 3597 1382 3664 viderent

221 3705 507 3770 Weissenbornius
546 3707 698 3785 retinuit,
736 3729 815 3771 usus
854 3707 1026 3792 exemplis,
1068 3708 1100 3770 in
1135 3706 1256 3790 quibus
1290 3707 1382 3791 plus-

222 3813 502 3898 quamperfcctum
536 3815 731 3878 coniunctivi
765 3815 852 3898 apud
885 3821 1099 3899 postquam
1129 3816 1313 3898 reperitur,
1348 3821 1382 3882 et

221 3923 302 4006 ipsis
332 3923 427 3986 valde
457 3920 578 4003 dubiis)
608 3923 641 3985 in
670 3922 741 3986 cod.
764 3920 789 3986 C
813 3923 919 3986 altera
941 3944 1055 3987 manus
1079 3923 1215 4006 scripsit
1238 3925 1382 3989 transie-

222 4039 364 4114 runtque
387 4032 605 4096 correctiones
628 4031 662 4094 in
685 4036 829 4110 ceteros3
853 4032 1088 4095 conciverat
1111 4033 1207 4095 etin
1231 4031 1380 4097 Hanni-

222 4138 353 4204 balem
398 4140 518 4221 ignotis
563 4139 782 4203 recentiorum
822 4139 970 4203 codicum
1011 4139 1285 4206 emendatoribus
1324 4140 1380 4206 de·

252 4370 275 4435 1)
293 4369 373 4424 Valla
391 4370 541 4438 scripserat
562 4388 662 4437 quum
679 4369 857 4436 Hannibal,
877 4370 1051 4425 Woelfflinus
1070 4372 1191 4439 itaque
1209 4368 1344 4427 restituit.
