2994 5108
684 476 745 540 647
1124 483 1186 540 Lib.
1205 481 1291 538 XLII.

135 665 302 752 proprio
343 664 510 730 decreto
551 660 761 745 propriam
798 659 911 744 (Gryn.
946 666 980 726 et
1014 656 1086 723 edd.
1122 656 1291 725 decreto

136 773 291 854 Persei3
314 772 397 838 falso
415 772 622 857 Kreyssigius
647 769 811 837 decreto
823 770 858 834 in
877 768 988 834 codice
1005 789 1071 833 non
1091 786 1161 834 esse
1174 768 1291 849 tradit)

135 883 387 949 societatem
409 881 621 965 aspernati
655 878 741 963 (cod.
771 872 1009 962 aspernata)
1032 876 1225 944 Romanis
1249 899 1288 945 se

135 990 420 1074 adiungebant
443 988 527 1071 (cod.
553 986 847 1071 diiungebant)‚
870 985 1069 1052 Ismenias
1094 994 1155 1052 cet.
1190 987 1290 1052 Recte

137 1099 348 1183 Kreyssigins
372 1105 405 1164 et
422 1097 709 1164 Weissenbomius
726 1096 760 1161 in
783 1094 992 1179 propriam
1013 1094 1118 1160 latere
1140 1095 1293 1161 viderunt

134 1208 304 1290 regiam,
338 1207 427 1292 qnod
460 1213 597 1291 propter
630 1205 800 1290 proprio
835 1209 1027 1286 corruptum
1061 1211 1120 1268 est
1165 1203 1291 1271 Deinde

135 1336 203 1382 non
225 1317 333 1380 minus
357 1324 482 1382 certum
505 1321 572 1393 est,
603 1320 692 1379 recte
717 1311 890 1397 Grynaeum
919 1333 989 1378 suo
1014 1312 1164 1395 quique
1189 1314 1291 1396 scrip·

136 1422 235 1504 sisse3
269 1445 346 1489 nam
379 1424 467 1507 quod
489 1423 773 1488 Weissenbornius
801 1419 967 1486 interdum
996 1441 1090 1485 suus
1119 1421 1291 1504 quisque

134 1532 254 1598 eodem
277 1553 356 1598 casu
380 1533 533 1616 coniungi
556 1531 645 1610 dicit,
669 1529 709 1594 de
732 1550 773 1595 ea
793 1550 829 1594 re
851 1530 923 1612 ipse
948 1528 1137 1594 distinctius
1156 1532 1291 1612 exposui

135 1640 179 1706 ad
204 1638 269 1706 Cic.
292 1641 362 1705 Fin.
387 1640 424 1719 V,
451 1645 489 1703 17
513 1662 543 1723 p.
571 1643 648 1719 6893
681 1658 788 1722 neque
819 1645 928 1702 tamen
959 1658 1115 1721 umquam
1143 1641 1291 1704 nomina·

135 1750 240 1814 tivum
262 1749 465 1833 pronominis
500 1749 670 1832 quisque
704 1769 723 1812 a
757 1767 814 1810 suo
842 1745 941 1811 verbo
972 1746 1155 1812 seiunctum
1185 1756 1219 1812 et
1248 1748 1291 1814 ad

139 1878 235 1924 suus
259 1856 541 1923 accommodatum
559 1856 723 1941 reperias3
743 1860 777 1919 et
794 1854 971 1937 saepissime
990 1855 1023 1918 in
1041 1854 1151 1921 codice
1168 1854 1290 1923 Vindo-

135 1966 277 2032 bonensi
300 1967 347 2031 sic
378 1986 473 2030 casus
502 1964 544 2030 ad
576 1965 725 2048 proxima
759 1962 1035 2029 accommodatur.
1081 1963 1291 2047 Relinquitur

134 2075 320 2159 proprio,
343 2073 431 2159 quod
454 2073 526 2138 tolli
549 2072 756 2156 Kreyssigius
779 2070 893 2149 voluit,
916 2070 973 2136 sed
996 2077 1109 2137 tuetur
1131 2075 1290 2157 propri-

135 2204 196 2248 am
220 2165 295 2247 inde
319 2189 437 2247 ortum.
483 2179 606 2264 Opinor
628 2179 744 2245 fuisse:
781 2199 852 2245 suo
882 2180 1030 2262 quique
1059 2187 1097 2245 et
1118 2184 1289 2267 proprio

138 2291 314 2357 decreto.
371 2288 563 2372 [Vahlenius
588 2311 657 2356 suo
692 2289 844 2372 quique
874 2288 1043 2371 proprie
1072 2290 1288 2373 probabilius.

140 2398 247 2481 1864]
293 2399 396 2464 Paulo
427 2405 505 2482 post
528 2395 558 2480 (ἐ
582 2397 625 2479 4),
658 2398 715 2463 ubi
745 2397 916 2462 scribitur:
951 2398 1019 2462 sed
1049 2403 1291 2468 constantia

136 2508 385 2592 principum,
410 2507 641 2572 docentium
662 2540 714 2584 —,
749 2511 902 2589 quanta
930 2515 1042 2572 esset
1064 2509 1122 2574 ris
1145 2517 1185 2576 et
1208 2511 1290 2577 for·

135 2621 235 2681 tuna
251 2616 414 2699 imperii
431 2615 606 2694 Romani,
635 2614 748 2679 victa
771 2613 908 2680 eadem
934 2616 1155 2684 multitudo
1176 2627 1223 2699 et,
1248 2628 1291 2685 ut

134 2724 366 2791 tolleretur
389 2725 504 2806 regia
527 2724 721 2802 societas,
747 2722 930 2788 decrevit
953 2732 992 2790 et
1015 2731 1086 2805 cet,
1109 2749 1290 2809 pronomen

137 2831 274 2898 eadem
308 2833 424 2897 vitiose
457 2830 612 2910 abundat,
645 2853 745 2914 quum
766 2832 946 2913 praesertim
968 2853 1009 2896 ne
1034 2844 1290 2901 commemorata

134 2940 269 3025 quidem
303 2947 402 3005 antea
435 2939 611 3004 multitudo
642 2940 699 3018 sit,
733 2939 791 3003 sed
819 2946 931 3022 partes
962 2942 1187 3009 tantummodo
1218 2945 1289 3009 eiua

135 3048 327 3133 significatae
352 3049 462 3130 (aliis
494 3083 538 3091 -
566 3047 688 3128 aliis).
735 3046 965 3113 Scribendum:
996 3050 1104 3115 victa
1136 3052 1288 3114 taudem

136 3156 368 3223 multitudo.
422 3156 520 3238 Origo
561 3155 670 3220 mendi
711 3155 967 3238 (victandem)
1008 3157 1183 3223 manifesta
1229 3169 1287 3237 est.

135 3261 232 3350 (Cap.
268 3269 317 3344 38,
354 3269 371 3328 6
417 3286 477 3347 pro
522 3271 639 3346 gente
685 3263 971 3330 Thessalorum
1009 3266 1043 3329 in
1078 3266 1188 3333 codice
1223 3275 1287 3333 est:

135 3373 468 3458 gentessalorum,
491 3371 554 3438 hoc
570 3373 642 3457 ipso
661 3370 798 3455 capite§
817 3377 835 3436 3
859 3382 1049 3458 magnotu
1067 3397 1126 3459 pro
1144 3398 1287 3460 magno

136 3481 269 3563 motu.)

223 3588 302 3673 Cap.
319 3594 369 3668 45,
393 3595 426 3653 4:
452 3590 517 3673 qui
540 3588 802 3673 (Hegesiloohus)
821 3625 863 3635 -
884 3591 1028 3657 multia
1050 3594 1282 3663 rationibus
1302 3607 1373 3679 (636)

135 3694 223 3777 (cod.
245 3696 365 3761 multi
388 3697 663 3780 orationibus)
697 3699 931 3782 pervicerat
953 3700 1146 3783 Rhodios,
1180 3713 1222 3769 ut
1247 3740 1284 3750 -

135 3803 355 3871 Romanam
390 3807 638 3871 societatem
671 3843 715 3851 -
747 3808 988 3874 retinerent.
1039 3810 1286 3879 Pervincere

135 3912 314 3979 insolenter
338 3934 411 3978 oum
434 3935 513 3979 casu
535 3916 674 3980 nominis
698 3917 860 4000 coniungi,
884 3926 973 3983 recte
996 3917 1285 3985 Drakenborchius

135 4020 383 4102 animadvertit3
408 4022 555 4105 [Tacitus
578 4031 689 4089 tamen
706 4025 791 4090 Hist.
809 4025 865 4103 III,
890 4031 944 4089 74:
969 4025 1182 4092 Vitellium
1200 4050 1287 4111 per·

135 4131 284 4209 vicere,
315 4136 358 4194 ut
391 4130 651 4213 absisteret];
676 4132 733 4197 sed
756 4132 843 4214 quod
866 4134 965 4199 scribi
988 4134 1081 4199 malit
1103 4138 1285 4218 pervice-

135 4243 208 4315 rat,
233 4237 380 4302 Rhodii
402 4246 444 4303 ut
467 4246 538 4316 cet,
562 4239 775 4321 redarguitur
797 4240 970 4306 verborum
992 4242 1112 4327 positu,
1135 4267 1285 4330 perverse

134 4347 299 4411 eminente
322 4346 434 4430 populi
458 4347 598 4427 nornine,
624 4349 720 4431 quasi
740 4350 942 4433 comparatio
966 4349 1077 4432 aliqua
1100 4348 1152 4414 sit.
1186 4347 1284 4415 Vide·
