3000 5116
632 486 636 494 ¹
675 464 734 526 161
1155 477 1218 532 Lib.
1237 476 1285 535 VI.

122 650 275 730 XXVIII,
303 653 356 730 20,
384 653 404 713 8
428 649 571 733 scripsit,
600 648 745 714 Punici
775 650 983 715 exercitus
1007 671 1053 714 ex
1075 649 1287 734 dissipata

122 760 282 845 passim
316 756 411 842 fuga
445 757 654 841 reliquias
684 754 898 823 Castulonem
932 762 1059 823 tutatae
1089 779 1175 838 esse3
1209 779 1286 823 nam

122 888 171 933 ex
203 867 302 950 fuga
329 865 418 931 idem
448 871 499 930 est
526 885 566 929 ac
593 870 688 948 post
717 864 866 946 fugam,
900 887 946 930 ex
974 865 1069 948 fuga
1096 887 1137 930 se
1167 865 1285 931 colli-

123 997 232 1059 gens.
283 974 399 1057 Fuga
431 979 541 1039 autem
570 972 780 1057 dissipata
809 972 931 1038 dicitur
959 976 1061 1039 etiam
1082 973 1206 1053 XXIX,
1236 973 1291 1052 33,

124 1087 145 1148 6
174 1082 281 1165 (loco
303 1118 355 1162 -,
383 1083 423 1147 in
446 1103 560 1166 quem
583 1102 629 1146 ex
651 1079 859 1165 dissipata
881 1084 1154 1148 convenirent
1175 1080 1285 1164 fuga)

125 1198 160 1256 et
180 1189 369 1269 XXXVIII,
405 1193 461 1269 27,
493 1194 529 1271 83
563 1189 797 1274 dissipatus
825 1210 966 1254 cursus
995 1190 1042 1269 Π,
1072 1194 1129 1269 59,
1159 1194 1195 1270 93
1227 1168 1287 1255 'di-

124 1320 271 1383 spersa
292 1297 389 1381 fuga
412 1298 531 1378 XXXI,
555 1301 606 1376 42,
631 1301 665 1376 9;
689 1296 853 1361 diversa
874 1298 970 1381 iuga
991 1297 1091 1377 XLII,
1115 1301 1144 1377 8,
1170 1302 1198 1362 1.

211 1403 290 1499 Cap.
315 1410 366 1486 31,
391 1410 419 1485 5,
448 1404 506 1470 ubi
529 1405 563 1469 in
586 1404 755 1471 codicibus
779 1409 846 1470 est:
877 1403 937 1489 Sp.
961 1405 1122 1485 Furius,
1145 1405 1189 1470 M.
1212 1406 1286 1472 Ho-

124 1517 263 1580 ratius
291 1514 531 1580 dextrorsus
560 1513 805 1578 maritimam
834 1534 940 1578 oram
963 1519 1085 1597 atque
1107 1513 1282 1592 Antium,
1301 1519 1373 1588 (135)

126 1621 165 1700 Q.
194 1622 399 1690 Servilius
423 1627 462 1686 et
483 1621 519 1686 L.
544 1620 753 1703 Geganius
785 1621 887 1685 laeva
921 1621 968 1685 ad
1002 1627 1159 1687 montes
1193 1622 1286 1686 Ece-

125 1737 233 1797 tram
254 1735 446 1817 pergunt,
477 1730 633 1813 quoniam
661 1750 768 1813 neque
792 1728 1034 1795 dextrorsus
1057 1730 1162 1813 magis
1185 1752 1286 1814 quam

126 1837 229 1905 lava
264 1839 486 1905 accusativum
521 1838 679 1902 adsciscit
711 1835 827 1921 (quum
860 1839 1045 1921 praesertim
1078 1860 1120 1903 ne
1143 1860 1285 1903 versus
1383 1841 1386 1848 '

125 1947 261 2032 quidem
292 1947 560 2032 praepositionem
594 1966 666 2010 esse
699 1944 850 2010 homines
885 1946 968 2010 scire
1003 1967 1089 2010 nunc
1124 1952 1286 2031 oporteat,

128 2076 189 2121 neo
223 2055 288 2120 dici
323 2075 433 2121 oram
466 2075 619 2133 versus,
654 2053 713 2118 sed
746 2053 786 2117 in
819 2058 879 2118 aut
907 2055 956 2119 ad
979 2076 1087 2119 oram
1108 2055 1285 2137 versus),

125 2184 236 2248 neque
269 2184 406 2246 zeugma
432 2161 536 2226 ullum
563 2162 598 2226 in
625 2161 781 2227 membris
809 2169 878 2227 tam
901 2164 1077 2247 perspicue
1101 2163 1285 2248 aequalibus

128 2270 209 2338 ferri
237 2275 365 2356 potest,
394 2270 608 2352 relinquitur,
638 2275 775 2335 utente
799 2289 827 2331 ιι
851 2271 1011 2336 exciderit
1033 2272 1073 2336 in
1096 2271 1148 2352 (in
1170 2272 1285 2337 mari·

124 2381 265 2446 ti'mam
294 2378 432 2461 oram),
465 2377 743 2462 quemadmodum
777 2377 858 2443 alibi
892 2384 970 2463 post
997 2400 1025 2440 m
1055 2378 1132 2460 (vid.
1157 2380 1200 2445 ad
1228 2380 1284 2460 IX,

125 2494 185 2569 41,
214 2487 260 2571 8).
297 2486 362 2552 1111
387 2487 515 2552 incerta
542 2487 687 2570 suspicio
716 2491 781 2564 est,
816 2486 977 2570 scriptum
1006 2487 1084 2553 olim
1112 2487 1213 2554 fuisse
1237 2488 1286 2553 ad

126 2602 286 2663 montes
309 2600 350 2660 et
370 2594 569 2660 Ecetram.
610 2593 704 2671 Quod
727 2592 743 2676 ᾗ
767 2598 788 2658 4
810 2595 1042 2660 emendaturus
1066 2616 1165 2675 eram,
1190 2617 1286 2661 occu-

124 2706 219 2790 pavit
240 2701 544 2782 Weissenboruius,
579 2703 636 2786 qui
657 2724 719 2785 pro
744 2723 799 2781 eo,
833 2702 922 2784 quod
951 2703 1076 2769 editur:
1110 2725 1157 2769 ne
1186 2706 1286 2787 quis,

124 2811 260 2898 quoad
276 2810 475 2878 bellatum
493 2816 613 2888 esset,
630 2809 831 2875 tributum
850 2811 975 2890 daret,
993 2811 1133 2878 fortasse
1152 2812 1286 2879 debel-

123 2920 255 2987 latum
291 2918 504 2985 scribendum
538 2939 611 2983 esse
645 2918 833 2998 adnotavit,
869 2940 934 3002 quo
964 2919 1046 2983 nihil
1074 2926 1187 3004 potest
1215 2941 1287 2987 esse

123 3030 249 3095 certius
278 3029 313 3094 in
341 3026 422 3092 belli
443 3025 508 3091 fine
531 3025 761 3108 significaud03
790 3025 937 3109 alioquin
961 3028 1046 3091 enim
1070 3028 1286 3094 scriberetur:

125 3136 259 3204 donec
297 3135 451 3221 bellum
490 3134 652 3217 esset.¹)
715 3133 797 3215 (Sed
835 3136 977 3218 permire
1020 3135 1194 3202 scribitur:
1240 3159 1287 3202 ne

154 3406 180 3473 ¹)
199 3406 261 3461 Hoc
288 3406 351 3475 ipsc
373 3407 447 3461 Livii
473 3407 537 3462 loco
560 3406 709 3461 Ernestius
735 3407 825 3460 utitur
852 3407 889 3461 ad
916 3408 1007 3463 simile
1033 3408 1165 3464 mendum
1188 3418 1288 3467 contra

196 3491 480 3630 {drutingtt‘qendqm
492 3491 573 3630 Ῑ1111111
584 3491 874 3631 1,Τῂ1011ιὶιζ1ἓ11111116.1Π,1
876 3495 930 3630 (pop
949 3512 1014 3632 naqlr
1033 3495 1073 3631 1ξὶ
1083 3513 1203 3636 tqnqque
1214 3504 1289 3637 qqoqt

231 3594 292 3632 excr
379 3594 400 3630 e.
454 3595 474 3630 n
517 3594 566 3629 ivn
595 3594 657 3630 110
762 3618 836 3643 ,,
911 3597 1020 3633 mco.
1064 3599 1135 3636 u.e
1166 3602 1196 3636 11
1245 3602 1288 3637 e.

196 3679 273 3732 apr.
291 3679 377 3716 manu
394 3662 531 3717 scribitur
554 3661 646 3730 quod
669 3667 901 3731 speraverant
922 3682 986 3733 pro:
1012 3666 1103 3733 quod
1127 3668 1289 3738 despera-

196 3754 325 3802 verant
366 3747 464 3802 Cicero
483 3747 519 3801 de
536 3747 590 3816 leg.
610 3764 666 3817 agr.
684 3748 721 3815 Il,
746 3750 785 3813 15,
809 3750 1025 3818 adscripscrat:
1053 3753 1142 3819 quid,
1166 3754 1205 3807 de
1225 3772 1288 3823 quo

140 3836 145 3844 '
197 3833 373 3902 disputari
405 3837 527 3887 contra
557 3833 654 3887 nullo
685 3838 789 3903 pacto
820 3839 953 3904 poteat;
984 3836 1016 3890 in
1047 3837 1191 3892 cofflcibus
1223 3839 1289 3893 inde

197 3917 313 3984 factum,
333 3917 409 3987 quod
426 3918 530 3972 editur:
554 3919 643 3987 quid,
667 3919 756 3987 quod
779 3918 957 3990 disputari
976 3926 1106 3989 contra,
1126 3925 1229 3977 omisso
1250 3924 1289 3980 de

196 4009 265 4073 post
286 4004 382 4074 quid,
410 4004 552 4072 geminato
576 4006 664 4057 altero
688 4005 709 4056 d.
754 4005 788 4057 11
815 4005 913 4058 eadem
942 4009 1070 4060 oratione
1093 4011 1138 4077 29,
1166 4011 1213 4076 81,
1240 4010 1291 4063 ubi

197 4087 299 4143 101111
329 4089 454 4142 omnium
485 4089 588 4144 Latine
617 4089 795 4157 loquentium
825 4108 906 4145 usum
938 4093 1083 4147 scribitur:
1116 4092 1164 4161 id,
1198 4096 1290 4164 qnod

198 4172 378 4243 Campanis
402 4178 566 4243 ceperant
590 4173 683 4240 (nemo
705 4175 780 4229 enim
799 4194 921 4244 'mquam
941 4183 989 4231 aut
1007 4195 1125 4247 agrum
1145 4186 1192 4233 aut
1210 4181 1287 4248 quic·

198 4274 283 4326 quam
309 4259 423 4313 omnino
447 4259 555 4313 alicui
579 4276 704 4328 capere
727 4260 798 4313 dixit
816 4279 868 4330 pro
887 4281 934 4329 eo,
960 4264 1036 4332 qnod
1059 4268 1101 4317 est
1120 4263 1289 4333 adimere),

198 4348 277 4398 recte
294 4343 478 4398 Lauredenus
502 4344 610 4398 lecerat
631 4345 733 4413 aliique
750 4345 951 4414 probaverant:
977 4348 1065 4416 quod
1090 4348 1129 4403 de
1147 4348 1287 4419 Campa·

1026 4454 1056 4503 11
