3000 5116
673 484 735 546 20⁷
1150 499 1212 556 nin.
1230 501 1275 558 rx.

131 692 206 736 non
234 668 396 734 hiscere
424 673 486 734 cet.
535 668 573 733 In
603 669 673 735 solo
696 670 781 736 libro
805 679 920 737 octavo
943 680 1062 756 quater
1084 674 1146 739 hoc
1167 676 1277 740 mendi

131 799 233 863 genus
262 777 304 842 ab
327 775 508 842 editoribus
532 775 664 861 (prater
689 779 942 863 Alschefskium)
971 788 1030 846 aut
1057 786 1277 849 recentiorum

131 889 280 955 codicum
309 885 574 951 emendatoribus
598 894 782 964 correctum
805 911 877 953 esse
900 890 1028 955 ostendi
1051 893 1085 954 in
1108 894 1275 975 prooemio

130 1023 160 1085 p.
187 996 272 1079 12¹)
326 995 482 1060 Extremo
512 996 619 1080 capite
648 995 678 1079 (ξ
705 997 757 1078 13)
782 997 890 1062 Livius
918 1021 984 1064 non
1007 1001 1154 1084 scripsit,
1187 1001 1276 1084 quod

128 1111 162 1174 in
185 1105 354 1172 codicibus
377 1111 440 1169 est:
472 1106 631 1189 cepisse
655 1107 759 1170 enim
781 1128 848 1171 eos
871 1129 947 1171 uon
971 1108 1138 1189 Romam,
1168 1111 1276 1175 sicut

130 1225 222 1283 ante
257 1213 414 1294 Gallos,
454 1215 522 1279 sed
555 1214 664 1298 quod
697 1213 824 1280 multo
858 1215 1104 1282 bellicosius
1138 1217 1273 1294 fuerit,

130 1330 348 1394 Romanam
391 1323 584 1387 virtutem
629 1323 922 1407 ferociamque3
968 1347 1074 1409 neque
1114 1329 1201 1391 euim
1239 1337 1276 1393 ut

128 1437 372 1501 bellicosum
410 1431 540 1495 laudari
574 1438 685 1514 potest
718 1452 863 1516 capere
899 1435 1111 1499 Romanum
1143 1436 1275 1500 virtu-

129 1553 222 1621 tem,
255 1562 362 1625 neque
395 1540 438 1621 (si
465 1541 537 1622 quis
566 1562 605 1604 eo
636 1541 768 1605 trahere
796 1563 975 1625 pronomen
1005 1542 1109 1625 quod
1138 1544 1275 1626 mavult)

127 1653 323 1738 comparari,
346 1655 457 1714 utrum
475 1649 578 1713 Romu
600 1671 642 1713 an
661 1650 810 1714 Romana
832 1652 934 1715 virtus
959 1651 1146 1717 bellicosior
1166 1655 1273 1720 luerit.

128 1761 362 1830 Gloriosius
390 1781 432 1823 an
455 1757 543 1823 aliud
566 1758 760 1823 vccabulum
782 1757 924 1824 fructum
946 1761 1088 1825 victoria
1112 1769 1170 1827 aut
1191 1764 1275 1828 dilli-

128 1873 288 1938 cultatem
311 1866 498 1951 significans
520 1866 630 1931 Livius
655 1868 809 1950 posuerit,
831 1889 896 1932 non
920 1868 1085 1952 definiol)

215 1979 290 2063 (lap.
315 1983 344 2057 9,
368 1981 402 2040 9:
432 1977 512 2041 Nec
534 1998 555 2040 a
581 1997 638 2040 me
666 1998 769 2041 nunc
798 1978 1009 2060 quisquam
1032 1982 1275 2063 quaesiverit,

129 2089 226 2175 quid
259 2089 318 2152 ita
351 2084 654 2170 spoponderim,
694 2108 812 2169 quum
840 2085 879 2149 id
908 2108 979 2151 nec
1008 2090 1190 2155 consulis
1214 2092 1274 2156 ius

128 2204 247 2277 esset,
282 2215 353 2260 nec
375 2192 464 2258 illis
489 2194 688 2277 spondere
711 2216 855 2277 pacem,
885 2217 966 2278 qum
990 2199 1063 2261 mei
1087 2220 1162 2263 non
1186 2209 1275 2265 erat

128 2307 311 2383 arbitrii,
351 2324 422 2368 nec
455 2324 524 2387 pro
558 2303 687 2379 vobis,
722 2305 789 2385 qui
824 2305 926 2368 nihil
960 2306 1274 2389 mandaveratis,

128 2437 300 2504 possem.
356 2411 429 2476 Duo
457 2413 622 2475 contraria
649 2418 724 2475 sunt
753 2412 911 2493 membra,
945 2437 1004 2478 noc
1033 2417 1174 2481 consulis
1204 2421 1274 2484 iure

127 2528 339 2613 sponsionem
371 2521 443 2586 fieri
470 2520 615 2603 potuisse
643 2542 703 2584 nec
730 2544 788 2604 pro
818 2522 939 2605 populo
968 2523 1094 2608 (populi
1123 2530 1275 2611 nomine),

129 2638 188 2721 qui
216 2633 297 2699 nibil
325 2629 528 2708 mandasset,
562 2650 635 2692 eam
662 2651 776 2713 pacem
804 2631 875 2694 fieri
905 2635 1066 2714 potuisse,
1101 2658 1173 2718 quae
1198 2658 1274 2701 con-

128 2745 213 2812 sulis
235 2743 337 2826 ipsius
359 2739 486 2803 arbitrii
509 2739 628 2802 iurisve
650 2760 714 2802 non
738 2745 835 2803 esset.
880 2740 917 2804 ln
940 2742 1088 2807 codicum
1112 2746 1276 2827 scriptura

127 2853 294 2920 sententia
316 2850 472 2913 evertitur
495 2848 734 2929 significarique
758 2849 894 2923 videtur,
917 2850 948 2912 in
972 2851 1172 2917 Samnitibus
1196 2856 1275 2935 ipsis

127 2961 256 3045 aliquid
290 2957 511 3040 impedimenti
539 2955 638 3020 fuisse
668 2957 751 3035 (nec
780 2957 894 3040 illis),
928 2969 961 3022 et
983 2959 1066 3024 l'also
1090 2964 1183 3044 quasi
1209 2962 1273 3025 duo

126 3078 163 3137 et
185 3068 351 3134 contraria
372 3073 539 3149 ponuntur
561 3086 631 3128 nec
653 3065 739 3129 illis
763 3073 797 3129 et
814 3089 886 3148 nco
904 3091 975 3142 pro
995 3069 1116 3146 robis,
1141 3092 1212 3153 qum
1232 3072 1274 3136 ad

127 3200 229 3244 uuam
248 3199 315 3241 rem
334 3175 498 3259 pertinent
516 3173 601 3254 (nec
624 3174 708 3238 illis
727 3197 795 3257 pro
815 3176 926 3240 vobis
945 3179 1165 3260 spondere).
1199 3182 1274 3246 Tol-

126 3287 263 3354 lendum
286 3291 429 3350 estnec
453 3291 528 3347 ante
550 3305 621 3366 pro
644 3284 767 3373 vobis,
796 3285 909 3348 eodem
932 3308 1043 3350 errore
1066 3289 1098 3350 in
1121 3290 1274 3355 membris

129 3394 353 3480 dispescendis
370 3391 528 3470 additum,
551 3412 614 3473 quo
626 3391 743 3471 XXIX,
761 3398 810 3471 21,
832 3397 869 3456 10
882 3394 1019 3458 alterum
1044 3403 1122 3461 aut.
1151 3399 1273 3480 (1861.)

127 3504 255 3571 Eodem
280 3503 387 3586 capite
407 3506 487 3564 extr.
507 3499 720 3581 (lucratione
740 3501 793 3585 Sp.
813 3502 981 3583 Postumii,
1000 3526 1033 3568 se
1051 3506 1273 3590 collegamque

127 3622 165 3678 et
193 3612 355 3689 tribunos,
390 3611 446 3692 qui
476 3607 630 3673 Caudiuae
665 3612 738 3693 paci
765 3611 994 3689 interfuerant,
1029 3613 1103 3678 dedi
1132 3617 1274 3681 iubentis

130 3718 350 3801 Samnitibus)
389 3725 477 3782 recte
516 3719 549 3782 in
588 3718 782 3800 quibusdam
822 3719 929 3784 saeculi
963 3721 1036 3785 XVI
1075 3724 1275 3789 editionibus

130 3830 291 3913 scriptum
314 3849 385 3891 esse
409 3833 504 3909 puto:
539 3849 609 3890 nos
637 3828 799 3892 interim
821 3864 864 3872 -
886 3829 985 3894 vilia
1033 3829 1113 3895 lime
1137 3834 1275 3914 capita

126 3937 285 4004 luendae
314 3936 521 4018 sponsioni
549 3935 735 4014 seramus,
765 3943 802 4001 et
831 3946 969 4002 nostro
994 3938 1201 4020 supplicio
1226 3941 1273 4002 li-

157 4219 181 4284 ¹)
202 4217 291 4285 [Hane
309 4215 508 4278 coniecturam,
523 4219 660 4268 commate
674 4221 739 4268 ante
755 4216 988 4269 salutantibus
1003 4216 1274 4284 positocorruptum,

201 4301 440 4356 Weissenbornius
459 4301 512 4353 sibi
529 4298 697 4370 adscripsit]

154 4389 181 4458 ¹)
200 4387 242 4442 De
261 4404 285 4441 c.
304 4389 330 4455 8,
348 4390 364 4440 7
382 4388 411 4441 in
428 4389 574 4457 prooemio
592 4406 617 4458 p.
637 4391 653 4441 9
671 4388 802 4456 breviter,
820 4387 888 4458 quid
906 4388 1047 4456 sentirem,
1066 4386 1229 4456 significavi.

1211 4634 1409 4794 fl
