2994 5108
720 473 782 534 263
1172 486 1235 540 Lib.
1253 486 1328 540 XXI.

173 663 229 740 27,
256 665 277 723 4
305 658 403 741 (tum
430 657 609 740 undique
637 678 770 723 omnes
800 659 935 723 exorti
963 666 1003 723 et
1029 658 1207 724 clamore
1236 659 1329 723 sub-

171 766 259 834 lato
293 768 489 852 impetum
521 765 681 847 iecere),
717 772 752 831 et
784 773 896 832 tamen
929 773 981 831 ter
1013 773 1053 832 et
1086 788 1196 832 errore
1221 773 1328 832 ortum

170 880 251 958 puto
279 873 410 957 (XXVI,
433 879 484 952 38,
508 879 526 939 7
550 881 773 939 cunctatus
796 880 875 954 est,
905 881 988 939 tum
1010 874 1150 957 scripsi).
1191 875 1327 955 XXXII,

174 987 224 1062 14,
254 986 290 1047 2:
323 982 423 1049 Inde
447 982 650 1066 Gomphos
678 982 850 1047 adortus
880 988 919 1047 et
947 1003 1017 1066 per
1046 981 1212 1067 aliquot
1241 983 1328 1048 dies

171 1110 323 1156 summa
359 1093 396 1156 ri
434 1090 573 1156 urbem
606 1097 787 1169 tuentes,
830 1110 950 1174 quum
988 1091 1064 1154 iam
1104 1091 1239 1156 scalas
1279 1092 1329 1156 ad

169 1200 332 1264 moenia
354 1199 568 1277 erexisset,
589 1232 633 1243 —
655 1198 839 1282 perpulit
861 1197 911 1262 ad
934 1197 1196 1263 deditionem.
1242 1199 1328 1266 Sori-
1409 1218 1413 1223 ·

170 1304 330 1372 bendum:
365 1304 568 1392 Gomphos
602 1305 773 1372 adortus
806 1313 878 1371 est.
933 1305 1010 1370 Per
1043 1305 1206 1390 aliquot
1240 1307 1327 1373 dies

170 1419 249 1494 oet,
282 1419 320 1479 ut
351 1415 492 1498 primum
525 1420 681 1499 suscepta
712 1436 765 1479 res
798 1435 858 1498 per
891 1436 925 1479 se
954 1420 1107 1497 ponatur.
1164 1414 1327 1495 XXXVII,

171 1525 228 1603 24,
261 1526 281 1587 'l
308 1523 484 1588 manifesto
515 1525 634 1588 vitiosa
661 1529 713 1587 est
742 1523 848 1587 oratio
876 1522 910 1586 in
938 1524 1005 1587 tria
1032 1521 1181 1586 membra
1204 1523 1250 1586 sic
1273 1522 1328 1587 de·

169 1630 313 1715 scripta:
337 1651 632 1697 consurrexere
654 1664 698 1675 -
720 1630 1073 1713 contemplatioque
1096 1628 1200 1711 (sunt)
1223 1651 1328 1695 —ao

170 1758 296 1823 prope
328 1759 407 1804 nna
439 1759 536 1805 voce
564 1736 978 1816 -exclamaverunt,
1013 1759 1114 1819 quum
1143 1757 1244 1802 causa
1272 1759 1327 1802 ex·

169 1845 336 1912 clamandi
358 1847 569 1913 contineatur
590 1847 624 1910 in
647 1845 933 1929 contemplati,
962 1847 1074 1929 itaque
1103 1852 1193 1910 recte
1221 1866 1266 1910 ac
1293 1847 1327 1910 in

144 1950 340 2020 'codicibus
373 1954 594 2020 deterioribus
629 1952 799 2018 sublatum
824 1959 886 2018 est.
942 1954 1059 2018 Restat
1080 1953 1200 2032 XLIII,
1224 1958 1275 2033 21,
1297 1960 1327 2033 4,

168 2061 227 2127 ubi
255 2062 382 2128 editur:
416 2062 511 2146 App.
536 2059 732 2126 Claudius
759 2095 803 2107 —
830 2060 1055 2126 Phanotam
1081 2096 1125 2106 —
1153 2062 1326 2127 adortus

168 2189 404 2253 oppugnare
434 2176 474 2236 et
501 2169 659 2234 auxilia
685 2168 952 2233 Athamanum
980 2169 1325 2253 Thesprotorum-

168 2298 245 2361 que
271 2312 317 2324 -·
343 2299 477 2343 secum
511 2277 700 2357 adduxit,
733 2275 837 2343 codex
870 2275 973 2340 habet
1006 2280 1236 2361 oppugnari
1266 2286 1328 2344 est

168 2386 342 2467 auxilia,
370 2408 411 2452 ex
439 2407 503 2469 quo
534 2383 691 2464 efficitur,
720 2390 810 2449 recte
840 2384 1006 2467 descripto
1029 2387 1228 2451 narrationis
1251 2408 1326 2470 pro·

169 2514 304 2577 gressm
338 2494 510 2559 adortus
539 2513 776 2576 oppugnare
800 2498 870 2557 est.
920 2491 1084 2557 Auxilia
1107 2494 1205 2576 oet.¹)
1262 2494 1327 2560 Sed

169 2600 311 2667 eandem
344 2603 523 2679 rationem,
569 2621 668 2684 quam
702 2599 804 2665 habet
830 2600 973 2683 lapsus
1002 2601 1211 2684 multaque
1242 2624 1330 2667 oum

168 2708 274 2775 cade
304 2711 484 2789 emersit,
518 2708 641 2773 habere
670 2708 801 2773 videtur
829 2709 863 2772 in
890 2707 1021 2775 infinita
1043 2710 1206 2774 oratione:
1240 2709 1329 2793 lap·

168 2840 254 2885 sum
294 2819 502 2903 multaque
536 2838 621 2881 oum
655 2815 761 2880 caude
795 2817 1026 2881 emersisse.
1087 2815 1194 2880 Huius
1227 2817 1329 2898 igitur

166 2924 283 2992 formae
305 2928 372 2991 tria
393 2927 488 2991 video
511 2925 665 2990 adnotari
688 2924 839 3007 exempla
861 2923 1015 2988 Liviana:
1052 2923 1106 3001 IV,
1135 2929 1185 3002 46,
1209 2929 1228 2987 4
1253 2923 1329 3004 (di-

167 3034 278 3099 citnr
300 3034 337 3112 Q.
363 3032 564 3100 Servilius
590 3040 849 3116 —precatus
872 3032 920 3096 ab
945 3033 1008 3097 dis
1031 3067 1074 3077 -
1097 3032 1328 3095 et-insti-

166 3142 271 3207 tisse
298 3140 415 3223 filio),
444 3142 497 3221 Vl,
528 3146 577 3219 17,
609 3145 627 3205 3
652 3139 883 3223 (lingerent,
912 3140 1126 3204 mentitum
1149 3146 1244 3204 aute
1267 3145 1328 3203 at-

165 3268 243 3331 que
276 3247 367 3314 ideo
400 3271 478 3314 non
511 3248 710 3313 habuisse
744 3247 836 3329 cet),
871 3247 992 3325 XXIV,
1029 3251 1082 3326 12,
1117 3246 1328 3328 5(Hanni-

163 3355 300 3422 halem
327 3356 449 3441 Arpis
478 3355 702 3441 profectum
732 3364 772 3420 et
799 3355 969 3438 regredi
997 3356 1037 3420 in
1067 3353 1328 3439 Campaniam

163 3464 353 3531 adlatum
388 3463 476 3546 est);
515 3484 590 3528 nam
624 3464 658 3527 in
692 3470 812 3546 quarto
835 3462 880 3544 (I,
915 3467 971 3542 58,
1005 3463 1040 3543 4)
1074 3463 1329 3529 obstinatam

169 3640 193 3647 a·
204 3638 373 3645 -c-u—-----
385 3639 390 3643 .

193 3735 218 3802 ¹)
237 3732 314 3804 [Xon
337 3736 421 3805 posui
442 3735 472 3790 in
489 3751 606 3789 numero
623 3732 725 3802 XXIII,
750 3737 789 3801 18,
812 3736 840 3787 4:
866 3733 1099 3788 Maharbal-
1117 3734 1243 3788 missus
1262 3751 1328 3790 nec

235 3822 310 3890 ipso
339 3820 562 3890 eruptionem
587 3820 781 3873 cohortium
804 3820 989 3886 sustinuit,
1018 3820 1067 3874 uhi
1096 3837 1157 3874 nec
1186 3820 1262 3888 ipse
1284 3823 1328 3873 est

234 3924 276 3962 ne
294 3907 369 3976 ipse
386 3905 522 3974 quidem
538 3904 573 3972 (v.
584 3904 621 3959 ad
634 3903 691 3960 Cic.
701 3904 762 3959 Fiu.
774 3922 799 3973 p.
810 3904 881 3971 808),
895 3921 947 3959 nec
957 3904 1087 3972 XXXIV,
1111 3906 1151 3969 14,
1170 3905 1186 3957 6
1202 3903 1275 3970 (sed
1293 3904 1328 3958 in

234 3991 362 4046 dextro
379 3991 557 4060 extemplo
576 3990 667 4060 pulsi
686 3990 923 4058 cedentesque
945 3988 1077 4059 trepidi
1094 3989 1197 4044 etiam
1210 3989 1327 4057 pediti
1389 3979 1396 3993 ’

233 4081 403 4132 terrorem
421 4076 585 4143 intulere)
604 4081 654 4131 sut
671 4074 835 4142 XXXVIII,
859 4078 903 4141 15,
931 4079 943 4128 l
964 4075 1033 4144 (per
1058 4090 1163 4143 agros
1183 4074 1328 4128 Sinden·

234 4162 322 4217 sium
357 4163 533 4217 exercitus
565 4162 692 4216 ductus
715 4166 1025 4229 transgressusque
1049 4158 1239 4213 Caularem·
1264 4176 1327 4212 em-

235 4265 311 4303 nem
328 4248 448 4317 posuit
465 4247 605 4314 castra);
623 4264 687 4301 uam
706 4251 825 4315 utroque
842 4246 908 4301 loco
924 4245 1075 4316 participia
1092 4245 1225 4314 copulata
1242 4244 1327 4298 verbo

235 4332 320 4388 linito
338 4331 550 4402 adiunguntur]
