2994 5108
219 494 281 548 Lib.
299 492 389 548 xtlv
760 483 821 544 686

219 669 307 731 enim
340 668 469 731 incerta
501 665 689 732 huiusmodi
730 667 910 731 communis
942 666 1142 732 narrationis
1176 665 1362 750 significatio

135 780 207 851 (tes)
226 777 391 840 contraria
412 777 490 859 poni
512 781 622 859 potest
644 780 750 851 certa,
774 795 873 858 quam
895 774 1006 840 Livius
1030 776 1276 859 supraposuit,
1296 796 1363 841 nar

219 884 356 962 rationi3
375 882 462 964 (eam
479 885 564 948 enim
583 881 770 966 significari,
783 883 929 948 ostendit
945 884 1045 949 etiam
1062 883 1230 949 adiectum
1246 883 1364 968 longe

220 1012 281 1056 nec
309 992 479 1056 diversa
505 986 823 1074 tradunt'potest
856 1011 927 1056 esse
962 991 1035 1056 alii
1068 990 1151 1056 alia
1185 991 1364 1072 tradunt;

220 1100 407 1165 diversus
436 1101 524 1165 enim
553 1099 595 1164 ad
623 1104 748 1163 certum
783 1098 909 1182 aliquid
941 1098 1105 1180 refertur).
1151 1097 1273 1184 Itaque
1294 1101 1365 1166 scri·

220 1207 363 1273 bendum
385 1207 529 1272 videtur:
564 1206 618 1273 Da
641 1206 678 1270 Ε.
701 1228 727 1271 r.
758 1207 874 1290 longe
902 1207 1067 1273 diversa
1095 1206 1170 1271 elii
1193 1207 1365 1274 tradunt

219 1314 303 1380 Tum
325 1315 422 1380 huius
446 1316 579 1381 diversae
601 1315 802 1380 narrationis
833 1321 949 1381 auctor
979 1336 1065 1381 nnus
1094 1335 1111 1381 e
1135 1315 1288 1400 pluribus
1314 1337 1365 1382 no

219 1424 364 1488 minatur
386 1423 548 1489 Valerius.
1190 1426 1192 1431 ’

305 1530 382 1616 Cap.
409 1537 456 1610 14,
480 1536 498 1595 7
523 1530 593 1612 (nbi
623 1537 894 1597 commemoratur
915 1530 1039 1596 Prusiae
1067 1531 1110 1598 ad
1133 1533 1303 1599 Romanos
1323 1532 1365 1598 le-

218 1640 335 1724 gatio):
370 1638 555 1705 Ceterum
583 1660 701 1722 quum
725 1639 772 1704 ad
795 1661 836 1705 se
859 1660 880 1704 a
901 1638 1051 1705 Persea
1072 1639 1205 1724 legati
1238 1643 1365 1706 venis·

218 1754 312 1815 sent
335 1747 380 1813 de
403 1745 585 1813 finiendo
620 1766 705 1810 cum
727 1748 917 1813 Romanis
940 1746 1067 1825 bello,
1096 1753 1137 1812 et
1171 1749 1366 1833 iispolli-

219 1859 342 1923 citum
367 1856 684 1939 deprecatorem
705 1856 813 1939 apud
836 1862 1021 1920 senatum
1050 1854 1234 1922 futurum.
1282 1857 1365 1924 Nihil

219 1972 276 2045 est,
300 1963 387 2047 quod
409 1963 579 2048 particula
613 1969 651 2028 et
678 1963 887 2048 respondeat.
933 1961 1042 2028 Codex
1066 1963 1170 2030 habet
1198 1964 1310 2031 bello
1331 1974 1365 2031 et

218 2075 259 2139 is.
295 2074 395 2137 Recte
413 2071 686 2136 Forchhammer:
710 2071 831 2150 bello,
855 2071 889 2135 ei
912 2070 1059 2153 (Perseo)
1077 2091 1116 2135 sa
1135 2072 1366 2158 pollicitum

218 2187 278 2246 cet.
323 2178 449 2245 Deinde
472 2179 592 2246 codex:
626 2184 670 2243 ut
703 2176 858 2244 finiant
890 2179 953 2245 ira
985 2201 1024 2245 se
1052 2178 1141 2261 (edd.
1164 2182 1283 2260 iram,
1306 2182 1364 2263 se),

218 2312 258 2356 ex
280 2310 344 2371 quo
367 2288 470 2353 idem:
504 2292 548 2352 ut
575 2285 597 2351 f.
627 2287 728 2366 iras,
763 2308 815 2352 se.
861 2286 926 2353 Sed
948 2288 1077 2371 gravius
1102 2274 1261 2373 corrupta
1284 2295 1364 2368 sunt,

217 2417 291 2479 qnae
313 2396 411 2481 paulo
439 2403 517 2479 post
547 2394 578 2478 (ᾗ
609 2395 672 2475 10),
702 2394 761 2459 ubi
794 2395 938 2461 refertur
957 2395 1162 2461 Rhodiorum
1184 2395 1363 2479 legatorum

217 2505 334 2582 oratio,
357 2503 520 2586 leguntur,
544 2504 591 2568 sic
613 2503 647 2567 in
665 2502 777 2568 codice
795 2505 935 2586 scripta:
959 2503 1138 2569 Tertium
1162 2524 1203 2570 se
1226 2525 1361 2570 annum

216 2613 342 2678 multa
364 2612 449 2676 eius
471 2611 725 2676 incommoda
747 2610 845 2676 belli
874 2613 1033 2677 sentire.
1079 2611 1181 2677 Mari
1203 2613 1363 2678 interim

216 2721 377 2786 incluso
410 2720 592 2801 inopiam
625 2718 801 2783 insulam
834 2721 994 2804 inopem
1027 2721 1122 2785 miss
1156 2720 1173 2757 *
1208 2720 1361 2804 (spatium

217 2852 272 2895 sex
295 2828 362 2892 iere
385 2827 583 2907 litterarum)
607 2827 770 2891 ritimus
789 2828 930 2892 iuuear
954 2829 1035 2908 (tres
1057 2828 1107 2893 hae
1129 2829 1252 2894 litterae
1274 2827 1359 2893 valde

216 2937 335 3017 dubiae)
370 2935 530 3000 colendi
564 2935 703 3015 itaque
739 2935 1029 3000 commeatibus
1065 2958 1151 3001 cum
1185 2937 1225 3000 id
1260 2937 1360 3002 ultra

214 3047 324 3130 parti
347 3065 421 3108 non
445 3051 629 3125 possent,
658 3041 818 3125 legatos
849 3043 952 3107 alios
981 3042 1029 3108 ad
1058 3043 1209 3109 Persea
1231 3047 1270 3109 iu
1294 3044 1358 3110 Ma·

215 3155 423 3219 cedoniam
447 3152 617 3217 misisse.
642 3157 702 3214 cet.
737 3151 839 3230 (lmus
862 3152 989 3235 paginae
1013 3173 1125 3216 versus
1143 3154 1186 3218 ab
1209 3155 1357 3239 inopem

214 3262 256 3326 ad
290 3263 436 3324 iuuear
471 3257 513 3340 [i]
537 3260 659 3341 partim
680 3279 806 3323 erasus
842 3260 916 3340 est.)
960 3259 1085 3325 Praeter
1120 3260 1205 3326 alios
1239 3282 1356 3328 errores

215 3371 314 3434 etiam
332 3367 620 3449 transpositionem
639 3367 754 3430 vocum
773 3368 942 3442 accidisse,
966 3370 1128 3451 suspicor,
1153 3372 1354 3435 sententiam·

214 3498 276 3560 que
299 3477 399 3540 talem
420 3474 489 3539 iere
512 3473 626 3539 fuisse:
661 3474 842 3539 Tertium
866 3497 906 3540 se
931 3497 1075 3541 annum
1098 3478 1192 3542 eius
1214 3479 1351 3544 incom-

213 3584 327 3647 moda
349 3583 448 3646 belli
473 3583 625 3646 sentire
642 3583 741 3645 mari
759 3583 1003 3663 interclus03
1026 3585 1188 3667 inopem
1212 3583 1350 3667 (enimi)

213 3691 390 3754 insulam
419 3688 603 3754 colentes
636 3690 857 3754 maritimis
886 3693 1020 3756 vivere
1055 3694 1350 3761 commeatibus

212 3801 351 3881 itaque
375 3818 491 3880 quum
515 3796 553 3860 id
576 3797 686 3861 ultra
707 3799 794 3880 pati
816 3820 895 3862 nou
919 3807 1102 3882 possent,
1126 3809 1189 3866 cet.
1237 3799 1349 3866 Sterilis

213 3907 282 3988 agri
305 3926 407 3989 parva
428 3905 537 3968 insula
560 3904 693 3969 Rhodus
716 3906 903 3988 appellatur
925 3906 1021 3986 XLV,
1045 3911 1095 3986 25,
1122 3913 1171 3973 12.
1210 3910 1272 3975 Sed
1294 3909 1348 3972 bac

212 4012 386 4077 hariolatio
410 4018 468 4076 est.
513 4010 630 4095 [Paulo
655 4012 750 4077 aliter
776 4019 871 4078 1864:
895 4016 1056 4098 inopem
1079 4018 1257 4083 insulam
1278 4033 1348 4082 esse

212 4142 336 4197 suam,
360 4121 578 4184 maritimis
602 4121 733 4185 vivere
757 4122 987 4189 incolentes
1010 4119 1348 4205 commeatibus.]¹)

139 4406 142 4411 Ι
231 4338 260 4405 3)
278 4339 373 4406 [Gitlb.
394 4358 418 4407 p.
446 4343 479 4394 58
504 4343 534 4395 in
553 4341 651 4395 codice
675 4342 774 4395 scribit
802 4359 879 4397 esse:
907 4344 995 4398 mari
1023 4343 1175 4399 interim
1202 4347 1237 4400 in
1263 4345 1348 4399 cluso
