2994 5108
235 496 298 552 un.
316 494 416 549 XXIX.
783 482 845 542 422

235 670 323 734 inter
350 688 379 730 n
408 674 440 732 et
468 668 508 732 in
539 667 786 750 praepositione,
821 688 861 731 ex
894 667 1077 750 ingentia
1113 672 1223 761 ortum
1250 670 1301 730 est
1330 663 1391 728 in·

238 778 348 861 genti
372 773 469 855 ad.¹)

324 883 403 967 Cap.
428 886 484 963 27,
516 887 570 947 12:
606 883 682 949 Ubi
712 883 869 963 illuxit,
903 889 1049 948 ventus
1075 882 1178 948 idem
1209 884 1390 959 coortus,

236 991 385 1057 nebula
408 990 601 1067 disiecta,
630 992 796 1075 aperuit
824 993 955 1057 omnia
976 990 1123 1055 Africa¹
1144 991 1285 1055 litora.
1335 987 1390 1052 Vi·

237 1099 390 1176 dendum,
414 1120 455 1162 ne
474 1099 585 1164 Livius
609 1101 778 1184 scripserit
797 1100 990 1165 omnibus.
1037 1098 1122 1163 Nam
1151 1098 1286 1163 omnia
1309 1094 1390 1161 nihil

236 1208 278 1272 ad
301 1229 371 1271 rem
393 1209 537 1290 pertinet
560 1216 593 1272 et
614 1229 753 1291 pravum
776 1215 841 1288 est,
869 1208 1025 1292 quoniam
1048 1207 1182 1271 omnia
1204 1205 1304 1271 litore
1327 1224 1390 1269 non

237 1317 372 1396 longum
394 1315 492 1378 unius
515 1314 622 1382 litoris
646 1318 803 1401 spatium,
837 1315 895 1382 sed
924 1336 990 1380 orae
1013 1314 1150 1380 diversae
1173 1320 1207 1378 et
1228 1313 1304 1378 aliae
1327 1312 1390 1377 alio

237 1428 425 1507 spectantes
448 1422 690 1504 intelleguntur.
736 1424 895 1506 (1863.)²)

152 1536 223 1604 (344)
327 1529 405 1614 Cep.
431 1534 481 1608 36,
505 1535 524 1594 7
547 1530 601 1612 (de
625 1533 750 1616 proelio
774 1531 969 1597 Hannibalis
992 1537 1025 1596 et
1047 1530 1083 1595 P.
1108 1529 1292 1615 Sempronii
1315 1548 1391 1593 con·

239 1639 320 1705 sulis
348 1640 383 1702 Ρ.
414 1639 596 1722 Liciniique
631 1639 868 1724 proconsulis):
908 1640 988 1704 Nec
1027 1658 1136 1703 more
1169 1635 1391 1703 dimicandi

238 1747 364 1824 facta,
394 1767 511 1828 quum
540 1747 699 1812 consuli
722 1756 761 1813 et
785 1747 1002 1832 duplicatae
1024 1748 1145 1826 vires,
1174 1746 1308 1811 Poeno
1330 1765 1391 1809 re·

239 1877 331 1920 cens
356 1855 535 1919 victoria
557 1856 688 1920 animo
713 1863 830 1922 esset.
881 1857 1023 1921 Animo
1047 1876 1134 1919 esse
1157 1853 1283 1917 alicui
1307 1851 1352 1931 id,
1374 1871 1392 1916 e

238 1986 302 2048 quo
326 1964 478 2027 fiduciam
502 1965 552 2027 sui
575 1970 609 2027 et
631 1965 757 2029 animos
780 1970 926 2046 caperet,
955 1984 1051 2029 nemo
1081 1963 1179 2041 dixit3
1213 1967 1332 2026 contra
1360 1965 1394 2024 et

238 2072 293 2135 alii
317 2077 351 2135 et
373 2070 482 2135 Livius
505 2072 576 2155 ipse
599 2073 780 2156 saepissime
804 2071 880 2152 (vid.
900 2071 942 2136 ad
964 2070 1082 2149 XXXI,
1109 2074 1156 2150 18,
1179 2067 1213 2150 4)
1236 2068 1395 2132 animos

238 2179 385 2243 iecere.
442 2177 655 2244 Scribendum
690 2182 801 2263 itaque
835 2180 993 2244 animos
1020 2178 1197 2243 lecisset
1226 2177 1322 2259 (non,
1355 2180 1395 2240 nt

309 2396 325 2466 ξ
349 2400 365 2451 6
384 2397 539 2466 superiores
562 2397 662 2450 melius
685 2398 885 2467 suppleverunt
908 2398 1133 2467 scripseruntque
1161 2396 1207 2464 (se
1233 2394 1396 2449 transire

307 2482 524 2552 vulgaverat)
550 2499 633 2550 quam
651 2482 694 2535 W.
738 2481 766 2552 [ξ
783 2485 800 2537 8
818 2484 847 2536 in
870 2483 967 2537 Pest:
993 2500 1056 2537 neo
1079 2482 1209 2537 classis
1231 2478 1332 2535 modo
1348 2506 1397 2547 -,

307 2569 366 2622 sed
389 2572 507 2621 tamen
531 2572 628 2621 terra
652 2569 758 2622 etiam
782 2569 896 2622 omnis
915 2569 1008 2622 circa
1024 2596 1073 2635 -‚
1096 2571 1198 2622 notato
1223 2571 1342 2620 tamen
1365 2568 1401 2620 ut

307 2652 436 2707 delendo.
478 2652 611 2706 Fortasse
628 2652 725 2707 Livius
745 2654 870 2722 scripsit:
889 2681 924 2690 -
942 2654 1000 2707 sed
1019 2670 1080 2707 ora
1098 2654 1203 2706 etiem
1220 2678 1269 2703 -.
1308 2648 1401 2720 1883]

308 2738 372 2806 Cap.
388 2740 429 2805 27,
449 2740 465 2789 2
481 2738 626 2790 amnium
648 2739 753 2791 mentio
770 2739 922 2792 coniuncta
940 2756 1003 2790 cum
1022 2742 1106 2792 terroe
1122 2738 1262 2805 murisque
1280 2735 1401 2790 nomine

307 2825 336 2876 in
364 2823 505 2891 precibus,
531 2823 632 2889 quibus
656 2823 700 2875 dei
725 2824 832 2876 maria
854 2830 1036 2891 torresque
1061 2823 1218 2876 colentes
1243 2818 1271 2888 (ὅ
1296 2818 1321 2887 1)
1345 2837 1402 2890 pro

307 2908 432 2976 pedestri
452 2909 598 2976 navalique
617 2909 743 2961 exercitu
760 2909 934 2974 invocantur,
953 2908 1058 2961 nullam
1076 2907 1287 2961 excusationem
1302 2905 1403 2959 hebet

306 2993 421 3059 Utrum,
455 3010 538 3060 quam
570 2994 757 3062 suspicionem
791 2993 1036 3047 Weissenbo'rnius
1071 2997 1102 3045 ut
1136 2992 1221 3047 nimis
1258 2989 1403 3044 audacem

307 3080 422 3147 sprevit,
448 3079 672 3145 amnibusque
691 3096 724 3131 ex
743 3079 975 3146 omnibusque
994 3084 1087 3132 ortum
1105 3079 1143 3131 sit
1160 3078 1191 3130 in
1208 3076 1285 3130 hunc
1303 3074 1404 3129 locum

306 3164 378 3216 male
405 3180 439 3215 ex
466 3164 609 3232 superiore
637 3163 746 3230 delato,
775 3181 861 3231 quom
889 3165 929 3216 sic
956 3163 1054 3216 Livius
1082 3161 1255 3230 scripsisset:
1286 3160 1404 3214 sociis

306 3249 514 3315 nominique
540 3249 671 3303 Latino
699 3249 946 3316 omnibusque,
981 3248 1039 3315 qui
1067 3246 1190 3315 populi
1219 3246 1251 3299 R
1271 3273 1308 3283 -
1333 3244 1402 3299 im·

307 3334 438 3401 perium
463 3335 726 3402 auspiciumque
750 3339 846 3386 terra
868 3335 952 3387 mari
973 3337 1174 3401 sequuntur,
1203 3348 1239 3384 en
1258 3347 1294 3384 cx
1311 3330 1404 3398 poulo

306 3418 436 3470 inferiore
461 3418 524 3471 loco
548 3420 705 3472 omnibns
724 3419 778 3471 huc
797 3420 965 3472 translatum
984 3424 1012 3471 et
1029 3419 1058 3470 in
1077 3417 1238 3470 amnibus
1255 3417 1406 3468 mutatum

307 3504 344 3554 sit
360 3503 468 3567 (terro
483 3504 640 3571 marique
656 3509 859 3570 sequuntur,
876 3504 1032 3556 omnibus
1047 3504 1137 3555 bene
1152 3499 1405 3567 verruncent),

307 3589 335 3640 in
359 3588 469 3640 incerto
492 3587 705 3654 relinquendum
729 3593 779 3640 est.
823 3586 895 3656 [Iam
919 3587 1034 3642 Heldius
1060 3587 1292 3653 amnibusque
1317 3583 1404 3638 dam·

308 3669 444 3738 neverat]

267 3759 293 3817 ²)
313 3755 378 3824 Cap.
397 3758 439 3820 28,
463 3758 493 3807 8:
522 3773 596 3809 eom
613 3785 648 3794 —
665 3757 776 3810 fusum
795 3757 999 3826 pulsumque
1016 3784 1052 3834 5-
1069 3756 1313 3821 meminerant,
1339 3771 1406 3810 neo

306 3842 418 3911 magis
452 3840 575 3893 ducem
608 3857 723 3909 parem
757 3859 854 3910 quam
888 3841 1164 3895 tumultuarium
1200 3839 1407 3898 exercitum

308 3945 404 3981 suum
421 3926 577 3980 Romano
602 3928 779 3980 exercitui
803 3944 884 3981 esse.
930 3927 977 3981 Sic
994 3926 1029 3991 P3
1059 3925 1173 3991 excidit,
1196 3924 1309 3993 opinor,
1335 3929 1408 3994 post

308 4012 429 4065 ducem
454 4027 511 4064 non
535 4009 629 4075 duci,
654 4010 703 4062 sed
728 4010 808 4062 duci
834 4010 1034 4064 credebant.
1071 4010 1172 4077 (1863.)
1218 4008 1407 4078 caplim:

308 4095 413 4149 Simul
442 4100 476 4147 et
500 4112 516 4146 a
538 4094 653 4148 classe
677 4096 822 4148 novales
848 4096 935 4149 socii
958 4124 994 4133 -
1018 4095 1122 4148 simul
1145 4099 1180 4148 et
1203 4095 1408 4149 terrestris

307 4181 487 4235 exercitus
511 4207 546 4216 -
569 4185 622 4232 est
646 4178 813 4232 admotus.
855 4182 913 4233 Aut
937 4180 1056 4234 alterum
1082 4180 1189 4235 simul
1215 4185 1267 4233 out
1289 4184 1408 4235 utrum·

307 4282 362 4331 que
385 4271 418 4316 et
440 4263 514 4317 Livii
539 4282 605 4316 usus
628 4264 767 4329 excludit,
795 4263 843 4317 cfr.
867 4264 952 4317 Drek
978 4265 1013 4319 ad
1037 4264 1162 4330 XXXII,
1190 4266 1233 4329 18,
1260 4267 1285 4318 3.
1331 4264 1409 4321 Pro·

308 4349 427 4402 babillus
447 4354 497 4413 est,
516 4349 627 4401 Livium
646 4348 746 4401 simul
767 4355 799 4401 et
816 4377 851 4386 -
869 4354 904 4402 et
922 4350 1081 4419 scripsisse.
1118 4349 1221 4416 (1863.)
