3000 5116
198 480 260 536 Lib.
280 482 338 535 XL.
746 471 807 584 bib

198 651 285 717 fecto
309 662 455 736 tempore
480 655 638 735 scriptum
661 660 722 732 est,
745 652 834 734 quod
857 650 1069 734 significatur,
1091 650 1190 715 facile
1213 671 1285 715 esse
1308 650 1356 714 di-

198 780 272 824 cere
296 782 330 824 se
353 762 552 844 provinciam
580 760 769 825 confecisse.

284 865 363 950 Gap.
389 871 437 947 38,
461 874 479 932 9
504 867 558 948 (de
581 869 749 952 triumpho
772 868 807 931 P.
827 866 969 932 Cornelii
993 874 1026 932 et
1042 867 1086 932 M.
1107 865 1213 931 Baebii
1236 864 1278 930 de
1302 864 1353 929 Li·

197 974 363 1056 guribus):
388 976 436 1039 Hi
459 977 628 1040 omnium
652 977 772 1059 primi
794 975 908 1040 nullo
934 974 1040 1039 bello
1065 981 1182 1057 gesto
1211 975 1352 1038 trium·

113 1081 387 1164 (ltolpharunt.
433 1082 602 1147 Tantum
625 1083 766 1148 hostes
795 1083 907 1148 ducti
930 1088 1024 1146 anto
1053 1102 1232 1160 currum,
1262 1082 1352 1163 quie

198 1189 400 1270 necquod
428 1190 609 1254 ferretur
637 1212 766 1276 neque
800 1190 907 1273 quod
936 1190 1158 1255 duceretur
1193 1195 1352 1271 captum

199 1316 328 1379 neque
352 1298 455 1378 quod
480 1297 686 1362 militibus
709 1299 892 1378 daretur,
916 1297 1133 1382 quidquam
1151 1296 1192 1360 in
1214 1297 1351 1360 trium·

199 1402 290 1485 phis
314 1424 448 1469 eorum
463 1406 609 1469 fueret.
645 1405 748 1484 Unde,
766 1426 886 1488 quaeso,
910 1404 1052 1469 hostes
1069 1410 1166 1468 ante
1185 1424 1350 1482 currum,

200 1511 226 1574 si
251 1533 356 1595 neque
380 1512 501 1576 bellum
525 1520 652 1595 gestum
675 1521 747 1577 erat
769 1535 829 1577 nec
851 1513 1040 1595 quidquam,
1064 1510 1153 1593 quod
1178 1509 1352 1576 duceretur

111 1662 116 1671 -
199 1620 353 1699 coptum?
376 1619 489 1703 Ipsum
512 1620 590 1684 hoc:
616 1621 721 1703 quod
740 1621 956 1684 duceretur
974 1626 1134 1702 captum
1157 1620 1206 1683 sic
1223 1618 1350 1695 dicitur,

199 1735 236 1790 ut
258 1733 388 1791 tantum
411 1728 536 1809 aliquid
559 1751 625 1793 non
649 1730 737 1811 capti
761 1728 894 1792 ductum
916 1748 988 1791 esse
1013 1725 1225 1809 significetur.
1261 1724 1351 1790 Ten·

198 1842 279 1898 tum
303 1843 413 1899 autem
437 1837 483 1899 sic
501 1838 644 1917 ponit-ur.
669 1844 839 1918 tamquam
862 1835 975 1899 hostes
994 1836 1111 1914 exigua
1133 1855 1260 1913 eorum,
1284 1853 1351 1915 quc

199 1951 274 2006 ante
298 1963 428 2007 currum
453 1944 667 2019 ducerentur,
691 1964 769 2025 pars
793 1964 864 2007 esse
888 1943 1126 2019 consueverint,
1148 1940 1217 2006 alia
1244 1947 1350 2005 autem

197 2051 324 2114 maiora
345 2058 415 2115 tum
438 2050 589 2115 afuerint.
635 2051 736 2131 Atqui
765 2056 842 2114 ante
865 2071 998 2114 currum
1026 2049 1109 2113 nihil
1137 2049 1273 2116 omnino
1295 2047 1350 2111 du·

198 2158 335 2221 cebotur
357 2165 477 2240 praeter
498 2157 611 2222 hostes
641 2164 756 2240 captos
779 2164 826 2234 et,
856 2178 929 2241 quoe
953 2157 1065 2221 deesse
1094 2176 1162 2219 non
1190 2162 1350 2239 poteraut,

198 2265 357 2329 victimas.
403 2265 562 2342 Tenetur,
586 2266 716 2347 opinor,
740 2264 914 2329 manifesto
942 2263 1095 2328 mendum
1124 2283 1166 2327 ex
1187 2270 1350 2347 permute-

198 2373 287 2436 tione
311 2373 464 2437 similium
487 2372 721 2436 vocabulorum
743 2379 873 2452 natum,
903 2371 1021 2436 deinde
1050 2370 1270 2449 occultatum,
1291 2370 1349 2435 nisi

197 2479 231 2542 in
254 2480 325 2561 ipso
349 2480 461 2543 codice
484 2479 517 2543 M
546 2480 683 2561 legendo
713 2480 848 2562 (inquo
877 2501 942 2544 uno
970 2479 1136 2562 posterior
1158 2477 1257 2543 huius
1279 2477 1349 2543 libri

197 2607 277 2669 pars
299 2587 375 2651 inde
399 2607 419 2650 a
442 2607 512 2670 cap.
533 2590 573 2650 37
595 2587 679 2651 med.
705 2596 836 2651 servata
858 2586 922 2667 est)
946 2607 967 2650 a
988 2587 1095 2669 primo
1112 2585 1243 2652 editore
1260 2585 1348 2651 aber·

197 2700 308 2757 ratum
326 2695 423 2776 est.¹)
458 2694 642 2778 Scripserat
661 2696 746 2760 enim
765 2695 892 2759 Livius:
909 2699 1065 2758 tantum
1082 2692 1219 2756 tostus
1237 2694 1348 2756 ducto

198 2809 293 2866 ante
317 2823 484 2866 currum.
521 2801 642 2866 Similis
665 2801 821 2886 triumphi
839 2802 965 2885 species
988 2802 1021 2865 in
1039 2800 1114 2865 libr.
1132 2799 1255 2879 XXXI,
1271 2803 1347 2878 49‚3

199 2909 413 2974 describitur:
448 2910 585 2995 Neque
621 2910 772 2994 captivi
806 2909 881 2972 ulli
911 2913 1007 2972 ante
1042 2928 1202 2973 currum
1228 2909 1345 2985 ducti,

196 3038 324 3099 neque
343 3018 477 3100 spolia
495 3018 674 3100 praelota,
697 3038 826 3101 neque
849 3016 1002 3080 milites
1021 3018 1167 3093 secuti,
1184 3018 1248 3081 nisi
1267 3014 1345 3101 quod

196 3123 242 3188 ibi
265 3125 381 3188 hostiae
404 3146 467 3189 non
491 3127 711 3188 nominantur.
755 3124 891 3188 Plenum
920 3143 1074 3206 pompam
1104 3129 1139 3188 et
1168 3123 1345 3189 hostiarum

196 3237 229 3294 et
261 3231 407 3296 hostium
440 3239 589 3297 notatam
623 3231 770 3295 videmus
799 3229 945 3311 XXXIV,
976 3234 1025 3309 52,
1049 3235 1067 3293 9
1090 3231 1125 3293 in
1148 3230 1184 3295 T.
1209 3230 1343 3310 Quinctii

194 3337 377 3420 triumpho:
402 3339 602 3404 ethostiae
627 3339 765 3415 ductae,
789 3346 828 3402 et
851 3346 946 3403 ante
970 3359 1133 3403 currum
1152 3340 1343 3405 mult-ino·

193 3443 300 3508 biles
324 3448 477 3528 captivi
502 3446 762 3531 obsidesque.
808 3446 1005 3511 Hostibus
1034 3467 1095 3530 pro
1125 3447 1276 3512 hostiis
1296 3445 1341 3511 bis

194 3552 228 3615 in
252 3552 365 3616 codice
384 3552 629 3618 Vindobonensi
647 3554 814 3633 scribitur,
833 3553 932 3633 XLll,
951 3558 1001 3633 28,
1026 3561 1043 3616 7
1063 3559 1096 3618 et
1113 3553 1233 3633 XLIII,
1252 3558 1297 3633 13,
1313 3555 1337 3615 7.

109 3664 178 3734 (471)
283 3657 362 3742 Cap.
386 3666 436 3739 40,
464 3664 499 3724 ll
526 3668 558 3725 et
584 3666 631 3725 12.
679 3662 832 3726 Graviter
855 3662 971 3725 vitiata
993 3667 1077 3739 sunt,
1101 3683 1176 3744 quse
1201 3662 1341 3727 dicuntur

194 3765 233 3830 de
252 3764 426 3832 Celtiberis
450 3789 469 3832 a
488 3768 524 3846 Q.
544 3768 661 3833 Flacco
681 3771 791 3833 victis:
826 3770 967 3833 Decem
991 3776 1030 3832 et
1048 3776 1204 3851 septem
1221 3769 1338 3834 millia

192 3873 371 3938 hostium
406 3895 507 3938 caesa
540 3896 584 3939 eo
623 3877 688 3940 die
722 3876 962 3949 traduntur,
1002 3876 1084 3939 vivi
1120 3875 1337 3962 captiplus

194 3987 395 4062 quattuor
418 3982 550 4046 millia
573 3984 766 4048 ducentis
791 3984 1060 4066 septuaginta
1084 3992 1241 4067 septem
1258 4002 1338 4049 cum

219 4232 244 4300 ¹)
262 4233 324 4288 Hoc
342 4235 416 4287 enim
434 4236 464 4288 in
481 4236 589 4304 reliqua
607 4236 689 4290 huius
708 4237 776 4289 libri
793 4241 875 4305 parte
894 4235 1049 4290 tenendum
1067 4242 1124 4305 est,
1145 4239 1182 4291 eb
1201 4235 1335 4293 erroribus

260 4318 370 4372 librarii
387 4335 445 4374 non
462 4337 546 4390 posse
564 4321 617 4375 nisi
635 4337 700 4377 raro
720 4322 829 4376 secerni
846 4321 930 4390 primi
950 4320 1068 4376 editoris
1091 4322 1209 4392 legendi
1226 4336 1331 4376 errores
