3000 5116
686 486 750 550 237
1180 501 1244 559 Lib.
1262 501 1296 557 K

139 691 176 736 se
199 672 430 739 ostendere.
468 671 584 756 Neque
608 673 694 737 enim
716 672 824 739 mulos
848 674 1023 740 ostendere
1046 672 1201 752 debebat,
1226 675 1295 758 sed,

139 781 273 847 illorum
307 787 489 865 conspeetu
522 779 656 865 pulvere
691 779 837 862 sublate,
879 783 1022 865 speciem
1063 783 1230 848 exereitus
1264 789 1298 846 et

138 891 280 955 maxime
303 890 451 973 equitnm
468 888 622 954 obiicere.
656 888 812 954 Mendum
830 889 984 955 Dulrerus
1005 896 1163 956 senserat.
1190 890 1297 973 1861.)

138 999 312 1066 Postremo
331 994 440 1081 (§12)‚
458 996 517 1062 ubi
533 996 668 1081 legitur:
692 998 933 1080 insequitur
951 998 1061 1063 acies
1082 1004 1226 1064 ornata
1241 1019 1298 1064 ar·

138 1114 348 1191 metaque,
376 1112 422 1170 nt
449 1103 634 1170 hostium
657 1127 820 1189 quoque
843 1104 1108 1190 magnificum
1131 1112 1298 1190 specta-

139 1216 273 1283 culum
303 1219 432 1294 eseet,
467 1214 621 1298 quoniam
650 1212 835 1278 hostium
864 1212 1146 1297 spectaculum
1169 1212 1298 1295 (addito

139 1323 326 1411 prasertim
347 1320 524 1404 adiectivo)
547 1342 608 1405 pro
632 1342 681 1401 eo,
713 1321 803 1404 quod
824 1320 979 1387 hostibus
1001 1321 1176 1405 praebetur,
1206 1322 1300 1387 valde

139 1430 345 1499 incommode
368 1428 503 1510 dicitur,
534 1428 745 1495 scribendum
776 1436 827 1494 est
854 1436 913 1494 aut
942 1449 1017 1493 cum
1040 1428 1204 1496 Glareano
1228 1430 1299 1495 ho-

140 1540 281 1608 stibus
315 1546 373 1606 aut
406 1536 529 1604 hosti.
590 1537 716 1602 Eodem
755 1537 853 1603 modo
893 1558 953 1621 pro
986 1536 1102 1602 hosti
1136 1544 1195 1604 aut
1226 1538 1298 1603 ho-

135 1643 278 1710 stibus
305 1645 340 1709 in
367 1644 538 1711 codicibus
568 1647 725 1729 scriptum
754 1652 804 1711 est
831 1645 1008 1710 hostium
1030 1645 1086 1710 lib.
1109 1646 1166 1726 IX,
1190 1650 1240 1726 37,
1265 1649 1299 1710 3:

140 1751 302 1818 Deinde
324 1754 540 1819 instructa
562 1753 665 1834 (acies
688 1752 915 1836 Etruscorum)
939 1755 1068 1838 primo
1092 1775 1164 1820 suo
1189 1760 1299 1820 stare

140 1855 245 1936 loco,
267 1856 423 1927 relicto
447 1860 631 1928 hostium
654 1860 701 1926 ad
724 1862 1020 1927 instruendum
1042 1869 1185 1927 contra
1207 1883 1297 1946 spa·

140 1964 210 2043 tio,
232 1963 291 2030 ubi
312 1988 400 2035 nuno
423 1969 533 2036 editur
555 1969 760 2036 hostibus.

230 2070 310 2160 Cap.
350 2081 406 2157 41,
448 2082 484 2143 5:
530 2077 592 2162 Sp.
632 2078 810 2143 Nautius
850 2076 1081 2160 (Octavium
1120 2077 1300 2142 Maecium

142 2181 310 2266 quidam
342 2206 428 2250 eum
459 2183 655 2267 tradunt),
696 2185 776 2250 dux
815 2183 1007 2250 alaribus
1040 2184 1299 2265 cohortibus,

144 2296 251 2371 erat3
279 2285 489 2376 pulverem
518 2299 580 2359 cet.
631 2293 785 2359 Possitnc
814 2292 934 2376 aliquis
958 2293 1036 2357 dux
1060 2292 1301 2358 cohortibus

143 2417 205 2482 pro
228 2399 457 2467 cohortium
478 2402 640 2486 appellari
660 2401 739 2483 (non
763 2400 829 2465 dux
850 2401 891 2466 iis
916 2422 989 2466 esse
1012 2399 1102 2484 dici),
1117 2401 1302 2467 ‘admodum

63 2529 71 2540 ·
145 2505 282 2573 dubium
304 2516 369 2590 est;
396 2509 432 2575 id
454 2510 682 2589 certissimum,
705 2508 854 2574 subiecto
879 2515 979 2590 erat,
1008 2531 1074 2575 non
1096 2531 1193 2594 posse
1217 2510 1301 2575 dati·

145 2636 222 2679 vum
243 2614 286 2681 ab
311 2623 402 2683 erat
423 2617 533 2683 divelli
557 2624 591 2684 et
614 2619 661 2683 sic
683 2618 802 2701 accipi3
828 2623 993 2682 ettamen
1016 2617 1226 2683 manifestum
1245 2624 1302 2698 est,

145 2742 214 2787 non
241 2723 277 2788 id
304 2724 367 2790 hoc
394 2725 469 2790 loco
499 2746 520 2790 a
546 2725 639 2791 Livio
672 2726 752 2804 dici,
787 2724 907 2809 quibus
936 2725 1002 2790 dux
1030 2725 1173 2792 Nautius
1196 2725 1304 2804 fuerit,

113 2824 116 2828 ’
146 2828 375 2898 eedNautium
396 2832 509 2914 fuisse,
533 2835 687 2918 quicum
711 2834 780 2899 suis
804 2833 983 2898 adveniret.
1028 2833 1304 2916 Itaqueh'ochius

146 2939 305 3005 coniecit:
335 2960 420 3006 cum
448 2941 638 3007 alaribus
666 2941 913 3008 cohortibus
941 2947 1045 3023 erat3
1075 2943 1134 3007 sed
1161 2942 1302 3007 mutatio

145 3046 292 3113 violenta
330 3050 469 3115 ridetur.
532 3050 653 3115 Verum
687 3051 840 3130 alariae,
881 3072 948 3115 nou
980 3050 1117 3116 alares
1152 3049 1304 3114 cohortes

146 3175 250 3239 supra
266 3155 307 3238 (c.
325 3161 376 3238 40,
394 3157 428 3240 8)
453 3157 628 3243 appellata
647 3165 751 3237 erant,
774 3178 835 3222 nec
853 3157 920 3223 alia
936 3157 1043 3222 forma
1060 3158 1130 3222 eius
1150 3157 1304 3221 adiectivi

146 3269 207 3328 aut
224 3263 335 3330 Livius
358 3271 417 3331 aut
440 3265 549 3332 Cacsar
570 3267 685 3331 utitur.
730 3265 850 3350 Itaque
873 3267 906 3330 in
929 3264 1204 3331 duxalaribus
1221 3265 1306 3329 latet

147 3371 219 3437 sine
249 3371 348 3438 dubio
377 3375 444 3440 alia
473 3374 655 3460 appellatio
679 3373 796 3441 eodem
819 3381 984 3459 spectans,
1008 3372 1305 3454 auxiliaribus;

147 3500 190 3545 ex
225 3501 264 3546 eo
299 3501 399 3563 quum
431 3481 557 3548 factum
596 3488 686 3548 esset
719 3482 797 3547 dux
830 3482 894 3563 al,
929 3487 1065 3548 extrusa
1099 3488 1151 3547 est
1178 3501 1305 3566 praepo·

148 3588 243 3669 sitio,
282 3611 384 3674 quum
415 3588 547 3656 fuisset:
574 3626 619 3636 —
647 3609 725 3654 cn
759 3589 1021 3653 anrlllerlbre
1050 3589 1304 3658 cohortibus.

148 3695 274 3781 (1875.)
330 3697 489 3782 Superest
519 3699 555 3763 in
585 3696 601 3781 ἐ
632 3702 672 3763 10
703 3698 771 3763 alia
806 3700 959 3782 suspicio.
1010 3697 1062 3764 Ibi
1107 3698 1146 3763 de
1178 3695 1305 3762 Samni·
1369 3781 1374 3789 ἡ

147 3803 242 3870 tibus
286 3812 454 3890 postremo
500 3807 725 3872 Romanorum
764 3807 892 3890 impetu
929 3805 1092 3889 perculsis
1133 3805 1304 3870 scribitur:

146 3911 244 3978 Tum
292 3913 369 3980 iam
413 3913 580 3980 deorum
617 3913 911 3998 hominumque
950 3913 1063 3978 victa
1101 3913 1174 3992 ris3
1215 3910 1305 3975 fun-

146 4020 305 4087 duntur
337 4021 524 4088 linteatae
557 4023 766 4104 cohortes;
799 4022 962 4107 pariter
990 4021 1122 4085 iurati
1149 4019 1307 4083 iniura-

144 4129 267 4214 tique
300 4127 462 4212 fugiunt
494 4151 567 4196 nec
600 4151 840 4216 quemquam
874 4135 1028 4214 praeter
1056 4126 1198 4192 hostes
1226 4146 1307 4191 me·

143 4243 280 4304 tunnt.
331 4236 425 4304 Itane
446 4238 547 4304 vero?
585 4237 681 4303 Victa
703 4245 753 4304 est
775 4236 817 4302 ab
839 4237 995 4302 Romanis
1018 4235 1153 4300 deorum
1175 4235 1223 4299 ris
1246 4254 1306 4318 pro
