2994 5108
670 449 730 508 471
1096 459 1157 513 Lib.
1176 459 1275 513 XXXI.

121 632 204 696 tori
248 632 410 699 dederit
454 631 653 715 (potuisse
699 633 815 709 enim,
868 631 977 696 sicut
1016 653 1092 696 non
1131 637 1275 714 praeto-

123 739 195 817 ris,
242 741 313 805 sed
359 740 543 807 consulis
596 740 781 805 exercitu
825 760 906 803 rem
950 740 1034 821 geri
1079 738 1275 816 voluerit,

123 846 182 911 ita
203 847 328 913 finire
352 855 519 915 senatus
548 846 747 922 consulto,
781 869 828 911 ne
858 868 929 930 per
958 851 1170 930 praetorem
1200 846 1275 925 eet.)

124 961 195 1019 aut
227 951 434 1021 consulem
469 961 531 1020 oet.
594 954 768 1019 Senatus
802 955 990 1019 consulto
1023 957 1089 1019 iam
1121 952 1275 1017 Dnlrerus

123 1061 222 1128 scribi
254 1064 406 1129 voluerat
439 1057 481 1128 ob
514 1063 614 1127 aliam
648 1082 795 1140 cansam,
829 1062 958 1127 aceedit
984 1083 1071 1125 nunc
1100 1082 1153 1140 ea,
1188 1060 1276 1143 quod

124 1170 183 1235 ita
216 1169 259 1235 ad
292 1172 572 1255 comparationem
607 1170 816 1247 indicandam
845 1170 1001 1251 pertinet,
1037 1192 1103 1234 non
1138 1168 1181 1233 ad
1208 1168 1275 1234 ior-

123 1297 209 1341 mam
232 1277 308 1343 soti
332 1278 408 1359 (ita
429 1278 563 1357 linire,
588 1299 623 1343 so
647 1300 687 1341 zu
710 1275 952 1360 begrenzen).¹)

209 1383 287 1470 Gap.
311 1393 368 1466 49,
399 1392 418 1449 2
448 1386 503 1466 (de
526 1386 561 1449 L.
586 1385 676 1449 Furii
706 1385 858 1468 praetoris
882 1406 921 1448 ex
944 1383 1054 1448 Gallia
1076 1383 1274 1467 triumphol:

122 1491 162 1555 in
192 1496 375 1559 aerarium
404 1495 503 1559 tulit
532 1499 721 1558 trecenta
746 1493 891 1572 viginti
915 1491 1046 1556 millia
1068 1493 1175 1571 aeriS,
1211 1514 1275 1557 ar-

121 1601 233 1683 genti
262 1611 419 1667 centum
449 1601 713 1684 septuaginta
741 1598 873 1663 millia
896 1600 1038 1681 pondo
1084 1600 1276 1666 Extremum

120 1707 314 1773 vocabulum
338 1709 497 1792 (pondo)
522 1708 564 1773 ab
588 1707 737 1772 omnibus
759 1707 828 1770 iore
851 1707 1017 1772 codicibus
1041 1709 1136 1773 abest
1159 1709 1275 1789 (Hear-

120 1815 169 1879 nii
196 1815 338 1894 duobus,
369 1818 446 1882 Lov.
471 1821 506 1895 2,
536 1821 571 1894 6,
600 1815 706 1894 Harl,
738 1813 876 1894 troad),
911 1836 969 1897 pro
999 1837 1038 1880 eo
1066 1818 1099 1880 in
1124 1817 1216 1881 Voss.
1241 1825 1275 1882 et

121 1922 199 1998 Lov,
222 1929 241 1986 4
265 1924 422 1989 scribitur
452 1924 548 2000 cod,
578 1925 609 1986 in
633 1923 709 1988 Lon.
738 1931 750 1986 1
783 1922 876 1988 mod.
927 1923 964 1987 ln
988 1922 1028 2001 B,
1057 1923 1183 2006 aliquot
1205 1946 1275 1989 rer-

121 2030 174 2097 bis
203 2052 313 2096 errore
342 2033 488 2110 omissis,
523 2031 590 2095 haee
620 2037 749 2095 tanturn
778 2031 985 2096 scribuntur:
1021 2033 1059 2096 in
1088 2032 1274 2097 ararium

121 2138 223 2204 tulit
245 2146 433 2204 trecenta
454 2140 600 2222 viginti
624 2139 807 2210 milliaco
825 2140 862 2203 l).
896 2139 1274 2205 Hincllleissenbornius

118 2244 214 2312 fecit:
246 2254 439 2313 trecenta
466 2248 613 2328 viginti
644 2247 773 2310 millia
795 2248 899 2326 aeria,
934 2249 1091 2329 argenti
1116 2256 1273 2313 eentum

123 2354 260 2419 millia
282 2356 508 2438 quingenta
530 2355 672 2437 pondo.
706 2354 841 2419 Numeri
864 2375 927 2419 non
950 2355 1212 2438 improbabiliter
1235 2378 1274 2421 er

123 2463 269 2546 vestigiis
298 2463 421 2527 codicis
449 2463 476 2526 B
506 2463 646 2527 correcti
675 2470 766 2541 sunt,
801 2464 858 2527 sed
894 2466 994 2529 miror
1022 2465 1158 2543 nemini,
1191 2487 1274 2549 prae·

123 2571 236 2635 sertim
259 2570 428 2635 codicibus
450 2570 720 2649 admonentibus,
751 2572 972 2654 suspicionem
996 2579 1117 2636 motam
1141 2593 1212 2637 esse
1235 2572 1275 2637 de

123 2698 257 2742 summae
280 2677 520 2761 magnitudine,
554 2699 643 2760 quae,
677 2679 705 2742 si
733 2680 861 2762 pondo
885 2678 1034 2757 additur,
1068 2680 1178 2743 multis
1200 2701 1275 2763 par·

120 2784 212 2851 tibus
240 2787 342 2850 nimia
369 2792 420 2850 est
447 2808 506 2868 pro
534 2785 632 2850 huius
660 2786 768 2849 atatis
798 2786 964 2870 triumpho
988 2787 1114 2851 Gallico
1137 2809 1176 2850 ex
1198 2788 1270 2853 bre·
1289 2804 1360 2872 (376)

122 2892 254 2957 vissimo
284 2891 386 2971 bello,
420 2894 452 2956 in
487 2914 551 2974 quo
584 2915 625 2957 ne
660 2894 729 2975 agri
764 2893 896 2974 quidem
930 2895 1049 2957 vastati
1080 2895 1274 2976 oppidumve

122 2998 226 3064 ullum
260 3010 392 3083 captum
428 3007 716 3077 commemoratur,
758 2999 815 3064 scd
855 3001 1082 3065 tantummodo
1117 3009 1275 3084 carpenta

123 3108 236 3192 proeda
272 3107 422 3189 (coloniae
451 3107 663 3187 Placentina)
694 3114 812 3170 onusta
842 3108 984 3172 ducenta
1013 3108 1052 3187 (c.
1078 3112 1114 3170 21
1147 3117 1181 3173 ot
1209 3109 1272 3190 22).

122 3215 160 3280 In
181 3216 217 3280 P.
237 3213 381 3281 Cornelii
404 3216 550 3280 consulis
574 3215 741 3297 triumpho
765 3215 804 3277 de
822 3216 913 3279 Boiis
935 3215 1030 3297 longe
1055 3216 1275 3298 splendidiore

123 3328 226 3389 alal
247 3325 375 3405 argenti
393 3322 601 3387 MMCCCXL
620 3324 728 3405 pondo
751 3323 912 3386 translata
936 3328 1012 3387 sunt
1030 3322 1191 3403 (XXXVI,
1210 3325 1274 3406 40).

124 3428 417 3516 comparantibus,
453 3452 526 3514 qua
560 3431 632 3495 libr.
657 3429 813 3507 XXXIII,
849 3434 889 3493 23
919 3430 958 3493 de
987 3429 1021 3494 G.
1046 3428 1188 3496 Cornelii
1216 3434 1275 3496 tri-

125 3538 256 3621 nmpbo,
284 3538 430 3603 eiusdem
452 3538 529 3602 libri
552 3559 578 3601 e.
603 3543 642 3600 37
667 3538 706 3601 de
729 3538 771 3600 M.
795 3536 952 3617 Marcelli,
976 3537 1103 3604 Gallico
1127 3546 1275 3621 utroque,

125 3644 291 3727 leguntur,
322 3667 386 3710 non
410 3647 488 3723 erit,
517 3646 645 3728 opinor,
676 3644 825 3725 dubium,
857 3647 935 3729 quin
959 3645 1027 3723 hic,
1057 3653 1093 3710 nt
1116 3646 1170 3725 ibi,
1200 3646 1274 3710 reris

126 3752 227 3818 millia
261 3754 384 3817 assium
418 3753 635 3836 intellegenda
665 3753 745 3831 sint,
781 3753 907 3835 argenti
937 3761 1046 3817 autem
1069 3774 1276 3816 nummorum

126 3859 332 3925 denariorum
355 3860 423 3925 sive
445 3860 647 3941 bigatorum,
681 3861 744 3923 etsi
774 3859 819 3923 ibi
850 3862 1011 3941 argenti
1040 3860 1172 3941 bigati
1196 3860 1274 3923 seri-

127 3964 214 4032 bitur
236 3967 308 4047 (cfr.
332 3967 478 4046 XXXVI,
501 3973 539 4031 21
566 3974 646 4032 extr.
672 3976 705 4032 et
728 3967 791 4047 39),
815 3968 868 4031 bic
892 3968 1090 4032 adiectirum
1113 3967 1275 4032 omittitur·

133 4134 279 4146 ———-.—--
309 4139 327 4145 --

154 4218 180 4283 ¹)
196 4218 323 4274 Eandem
342 4220 510 4290 scripturam
529 4239 602 4275 nunc
622 4221 710 4287 (1860)
728 4220 769 4273 W.
789 4221 925 4288 sequitur,
945 4221 994 4274 sed
1013 4220 1153 4274 absenti
1171 4220 1275 4273 retinet

192 4320 226 4358 ac
242 4304 365 4374 per-mire
383 4307 513 4375 explicat.
