<?xml version="1.0" encoding="UTF-8"?>
<!DOCTYPE html PUBLIC "-//W3C//DTD XHTML 1.0 Transitional//EN"
    "http://www.w3.org/TR/xhtml1/DTD/xhtml1-transitional.dtd">
<html xmlns="http://www.w3.org/1999/xhtml" xml:lang="en" lang="en">
 <head>
  <title>
</title>
<meta http-equiv="Content-Type" content="text/html;charset=utf-8" />
  <meta name='ocr-system' content='tesseract 3.04.00' />
  <meta name='ocr-capabilities' content='ocr_page ocr_carea ocr_par ocr_line ocrx_word'/>
</head>
<body>
  <div class='ocr_page' id='page_1' title='image "./emendationesliv00madvgoog_0725.png"; bbox 0 0 2994 5108; ppageno 0'>
   <div class='ocr_carea' id='block_1_1' title="bbox 213 436 817 531">
    <p class='ocr_par' dir='ltr' id='par_1_1' title="bbox 213 436 817 531">
     <span class='ocr_line' id='line_1_1' title="bbox 213 436 817 531; baseline -0.018 0"><span class='ocrx_word' id='word_1_1' title='bbox 213 476 275 531; x_wconf 71' lang='lat' dir='ltr'>nis.</span> <span class='ocrx_word' id='word_1_2' title='bbox 293 474 376 529; x_wconf 80' lang='lat' dir='ltr'>xuv.</span> <span class='ocrx_word' id='word_1_3' title='bbox 573 436 579 448; x_wconf 79' lang='grc'><strong>’</strong></span> <span class='ocrx_word' id='word_1_4' title='bbox 757 461 817 521; x_wconf 79' lang='lat'>712</span> 
     </span>
    </p>
   </div>
   <div class='ocr_carea' id='block_1_2' title="bbox 183 643 1363 1914">
    <p class='ocr_par' dir='ltr' id='par_1_2' title="bbox 215 643 1362 1158">
     <span class='ocr_line' id='line_1_2' title="bbox 215 643 1358 730; baseline -0.004 -19"><span class='ocrx_word' id='word_1_5' title='bbox 215 649 308 730; x_wconf 88' lang='lat' dir='ltr'>quia</span> <span class='ocrx_word' id='word_1_6' title='bbox 341 647 428 730; x_wconf 88' lang='lat' dir='ltr'>ipse</span> <span class='ocrx_word' id='word_1_7' title='bbox 452 646 560 711; x_wconf 88' lang='lat' dir='ltr'>scire</span> <span class='ocrx_word' id='word_1_8' title='bbox 593 644 756 728; x_wconf 82' lang='lat' dir='ltr'>nequid,</span> <span class='ocrx_word' id='word_1_9' title='bbox 788 643 851 709; x_wconf 93' lang='lat' dir='ltr'>hoc</span> <span class='ocrx_word' id='word_1_10' title='bbox 873 649 940 709; x_wconf 86' lang='lat' dir='ltr'>est:</span> <span class='ocrx_word' id='word_1_11' title='bbox 969 645 1068 729; x_wconf 90' lang='lat' dir='ltr'>quia</span> <span class='ocrx_word' id='word_1_12' title='bbox 1095 645 1186 730; x_wconf 87' lang='lat' dir='ltr'>ipse</span> <span class='ocrx_word' id='word_1_13' title='bbox 1214 645 1358 707; x_wconf 76' lang='lat' dir='ltr'>hiscere</span> 
     </span>
     <span class='ocr_line' id='line_1_3' title="bbox 215 751 1359 838; baseline -0.003 -18"><span class='ocrx_word' id='word_1_14' title='bbox 215 755 384 838; x_wconf 83' lang='lat' dir='ltr'>nequiit.</span> <span class='ocrx_word' id='word_1_15' title='bbox 428 752 544 837; x_wconf 82' lang='lat' dir='ltr'>Neque</span> <span class='ocrx_word' id='word_1_16' title='bbox 567 753 652 818; x_wconf 88' lang='lat' dir='ltr'>enim</span> <span class='ocrx_word' id='word_1_17' title='bbox 675 753 709 816; x_wconf 91' lang='lat' dir='ltr'>in</span> <span class='ocrx_word' id='word_1_18' title='bbox 732 773 770 818; x_wconf 93' lang='lat' dir='ltr'>eo</span> <span class='ocrx_word' id='word_1_19' title='bbox 792 752 890 817; x_wconf 86' lang='lat' dir='ltr'>verbo</span> <span class='ocrx_word' id='word_1_20' title='bbox 914 751 1003 835; x_wconf 87' lang='lat' dir='ltr'>apud</span> <span class='ocrx_word' id='word_1_21' title='bbox 1024 751 1162 818; x_wconf 89' lang='lat' dir='ltr'>Latinos</span> <span class='ocrx_word' id='word_1_22' title='bbox 1186 753 1359 837; x_wconf 77' lang='lat' dir='ltr'>quidquam</span> 
     </span>
     <span class='ocr_line' id='line_1_4' title="bbox 216 859 1360 945; baseline -0.003 -17"><span class='ocrx_word' id='word_1_23' title='bbox 216 870 267 928; x_wconf 87' lang='lat' dir='ltr'>est</span> <span class='ocrx_word' id='word_1_24' title='bbox 288 863 392 928; x_wconf 90' lang='lat' dir='ltr'>iocosi</span> <span class='ocrx_word' id='word_1_25' title='bbox 415 867 473 926; x_wconf 91' lang='lat' dir='ltr'>aut</span> <span class='ocrx_word' id='word_1_26' title='bbox 495 861 591 925; x_wconf 90' lang='lat' dir='ltr'>nimis</span> <span class='ocrx_word' id='word_1_27' title='bbox 613 859 745 940; x_wconf 84' lang='lat' dir='ltr'>humile,</span> <span class='ocrx_word' id='word_1_28' title='bbox 768 861 826 925; x_wconf 90' lang='lat' dir='ltr'>sed</span> <span class='ocrx_word' id='word_1_29' title='bbox 848 881 983 943; x_wconf 87' lang='lat' dir='ltr'>prorsus</span> <span class='ocrx_word' id='word_1_30' title='bbox 1006 861 1186 945; x_wconf 78' lang='lat' dir='ltr'>respondet</span> <span class='ocrx_word' id='word_1_31' title='bbox 1209 862 1254 940; x_wconf 89' lang='lat' dir='ltr'>ei,</span> <span class='ocrx_word' id='word_1_32' title='bbox 1276 859 1360 944; x_wconf 92' lang='lat' dir='ltr'>quod</span> 
     </span>
     <span class='ocr_line' id='line_1_5' title="bbox 216 967 1361 1051; baseline -0.004 -15"><span class='ocrx_word' id='word_1_33' title='bbox 216 971 410 1036; x_wconf 84' lang='lat' dir='ltr'>Germanice</span> <span class='ocrx_word' id='word_1_34' title='bbox 434 969 539 1033; x_wconf 89' lang='lat' dir='ltr'>dicas:</span> <span class='ocrx_word' id='word_1_35' title='bbox 572 969 644 1033; x_wconf 87' lang='lat' dir='ltr'>weil</span> <span class='ocrx_word' id='word_1_36' title='bbox 678 990 714 1034; x_wconf 89' lang='lat' dir='ltr'>er</span> <span class='ocrx_word' id='word_1_37' title='bbox 741 967 817 1032; x_wconf 69' lang='lat' dir='ltr'>luein</span> <span class='ocrx_word' id='word_1_38' title='bbox 838 968 934 1034; x_wconf 85' lang='lat' dir='ltr'>Wort</span> <span class='ocrx_word' id='word_1_39' title='bbox 961 967 1264 1051; x_wconf 81' lang='lat' dir='ltr'>hervorzubringen</span> <span class='ocrx_word' id='word_1_40' title='bbox 1295 990 1361 1032; x_wconf 80' lang='lat' dir='ltr'>ver·</span> 
     </span>
     <span class='ocr_line' id='line_1_6' title="bbox 216 1075 1362 1158; baseline -0.003 -15"><span class='ocrx_word' id='word_1_41' title='bbox 216 1077 346 1143; x_wconf 87' lang='lat' dir='ltr'>mcehte</span> <span class='ocrx_word' id='word_1_42' title='bbox 386 1076 457 1158; x_wconf 83' lang='lat' dir='ltr'>(cfr.</span> <span class='ocrx_word' id='word_1_43' title='bbox 486 1075 542 1156; x_wconf 85' lang='lat' dir='ltr'>IX,</span> <span class='ocrx_word' id='word_1_44' title='bbox 570 1081 599 1155; x_wconf 81' lang='grc'>4,</span> <span class='ocrx_word' id='word_1_45' title='bbox 623 1082 652 1156; x_wconf 85' lang='grc'>7,</span> <span class='ocrx_word' id='word_1_46' title='bbox 680 1075 834 1154; x_wconf 83' lang='grc' dir='ltr'>ΧΧΧΙΧ,</span> <span class='ocrx_word' id='word_1_47' title='bbox 860 1080 908 1156; x_wconf 80' lang='lat'>12,</span> <span class='ocrx_word' id='word_1_48' title='bbox 932 1081 959 1156; x_wconf 84' lang='lat'>5,</span> <span class='ocrx_word' id='word_1_49' title='bbox 982 1076 1078 1156; x_wconf 85' lang='lat' dir='ltr'>XLV,</span> <span class='ocrx_word' id='word_1_50' title='bbox 1108 1081 1158 1155; x_wconf 81' lang='lat'>26,</span> <span class='ocrx_word' id='word_1_51' title='bbox 1185 1077 1230 1157; x_wconf 87' lang='grc'>7).</span> <span class='ocrx_word' id='word_1_52' title='bbox 1277 1075 1362 1141; x_wconf 84' lang='lat' dir='ltr'>idem</span> 
     </span>
    </p>

    <p class='ocr_par' dir='ltr' id='par_1_3' title="bbox 183 1184 1363 1914">
     <span class='ocr_line' id='line_1_7' title="bbox 183 1184 1361 1264; baseline 0.001 -17"><span class='ocrx_word' id='word_1_53' title='bbox 183 1237 188 1247; x_wconf 92' lang='lat'><em>.</em></span> <span class='ocrx_word' id='word_1_54' title='bbox 216 1186 351 1251; x_wconf 86' lang='lat' dir='ltr'>verbum</span> <span class='ocrx_word' id='word_1_55' title='bbox 384 1206 404 1249; x_wconf 88' lang='lat' dir='ltr'>a</span> <span class='ocrx_word' id='word_1_56' title='bbox 436 1184 572 1249; x_wconf 85' lang='lat' dir='ltr'>librario</span> <span class='ocrx_word' id='word_1_57' title='bbox 613 1184 842 1250; x_wconf 86' lang='lat' dir='ltr'>oblitteratum</span> <span class='ocrx_word' id='word_1_58' title='bbox 880 1185 1061 1251; x_wconf 78' lang='lat' dir='ltr'>videbimus</span> <span class='ocrx_word' id='word_1_59' title='bbox 1101 1184 1197 1264; x_wconf 86' lang='lat' dir='ltr'>XLV,</span> <span class='ocrx_word' id='word_1_60' title='bbox 1232 1189 1283 1261; x_wconf 82' lang='lat'>37,</span> <span class='ocrx_word' id='word_1_61' title='bbox 1317 1189 1361 1248; x_wconf 86' lang='lat'>13.</span> 
     </span>
     <span class='ocr_line' id='line_1_8' title="bbox 217 1291 1363 1377; baseline 0 -20"><span class='ocrx_word' id='word_1_62' title='bbox 217 1293 386 1359; x_wconf 86' lang='lat' dir='ltr'>Postremo</span> <span class='ocrx_word' id='word_1_63' title='bbox 410 1291 426 1375; x_wconf 61' lang='grc' dir='ltr'><strong>ἓ</strong></span> <span class='ocrx_word' id='word_1_64' title='bbox 451 1295 500 1371; x_wconf 83' lang='grc'>13,</span> <span class='ocrx_word' id='word_1_65' title='bbox 522 1292 582 1356; x_wconf 88' lang='lat' dir='ltr'>ubi·</span> <span class='ocrx_word' id='word_1_66' title='bbox 596 1291 767 1357; x_wconf 86' lang='lat' dir='ltr'>scribitur:</span> <span class='ocrx_word' id='word_1_67' title='bbox 791 1293 1026 1359; x_wconf 87' lang='lat' dir='ltr'>Thraces-</span> <span class='ocrx_word' id='word_1_68' title='bbox 1049 1292 1188 1358; x_wconf 89' lang='lat' dir='ltr'>domos</span> <span class='ocrx_word' id='word_1_69' title='bbox 1213 1292 1363 1377; x_wconf 81' lang='lat' dir='ltr'>dilapsi</span> 
     </span>
     <span class='ocr_line' id='line_1_9' title="bbox 218 1399 1363 1483; baseline -0.001 -16"><span class='ocrx_word' id='word_1_70' title='bbox 218 1409 257 1467; x_wconf 87' lang='lat' dir='ltr'>et</span> <span class='ocrx_word' id='word_1_71' title='bbox 279 1402 366 1466; x_wconf 83' lang='lat' dir='ltr'>aliae</span> <span class='ocrx_word' id='word_1_72' title='bbox 388 1399 586 1466; x_wconf 86' lang='lat' dir='ltr'>militaris</span> <span class='ocrx_word' id='word_1_73' title='bbox 609 1401 770 1482; x_wconf 80' lang='lat' dir='ltr'>generis</span> <span class='ocrx_word' id='word_1_74' title='bbox 793 1401 931 1480; x_wconf 84' lang='lat' dir='ltr'>turbae,</span> <span class='ocrx_word' id='word_1_75' title='bbox 954 1422 1050 1465; x_wconf 92' lang='lat' dir='ltr'>usum</span> <span class='ocrx_word' id='word_1_76' title='bbox 1068 1401 1225 1483; x_wconf 91' lang='lat' dir='ltr'>loquendi</span> <span class='ocrx_word' id='word_1_77' title='bbox 1245 1408 1279 1466; x_wconf 90' lang='lat' dir='ltr'>et</span> <span class='ocrx_word' id='word_1_78' title='bbox 1298 1423 1363 1466; x_wconf 88' lang='lat' dir='ltr'>rem</span> 
     </span>
     <span class='ocr_line' id='line_1_10' title="bbox 218 1507 1360 1592; baseline 0 -18"><span class='ocrx_word' id='word_1_79' title='bbox 218 1509 297 1590; x_wconf 91' lang='lat' dir='ltr'>(una</span> <span class='ocrx_word' id='word_1_80' title='bbox 330 1511 416 1574; x_wconf 92' lang='lat' dir='ltr'>enim</span> <span class='ocrx_word' id='word_1_81' title='bbox 449 1514 521 1574; x_wconf 89' lang='lat' dir='ltr'>erat</span> <span class='ocrx_word' id='word_1_82' title='bbox 555 1507 691 1573; x_wconf 86' lang='lat' dir='ltr'>confusa</span> <span class='ocrx_word' id='word_1_83' title='bbox 718 1508 831 1588; x_wconf 63' lang='lat' dir='ltr'>turba,</span> <span class='ocrx_word' id='word_1_84' title='bbox 849 1509 989 1592; x_wconf 88' lang='lat' dir='ltr'>dispersi</span> <span class='ocrx_word' id='word_1_85' title='bbox 1016 1511 1184 1574; x_wconf 85' lang='lat' dir='ltr'>exercitus</span> <span class='ocrx_word' id='word_1_86' title='bbox 1206 1509 1360 1591; x_wconf 82' lang='lat' dir='ltr'>reliquia)</span> 
     </span>
     <span class='ocr_line' id='line_1_11' title="bbox 217 1615 1362 1710; baseline 0 -28"><span class='ocrx_word' id='word_1_87' title='bbox 217 1616 385 1702; x_wconf 82' lang='lat' dir='ltr'>postulare</span> <span class='ocrx_word' id='word_1_88' title='bbox 414 1623 527 1699; x_wconf 61' lang='lat' dir='ltr'>puto„</span> <span class='ocrx_word' id='word_1_89' title='bbox 544 1623 582 1680; x_wconf 92' lang='lat' dir='ltr'>ut</span> <span class='ocrx_word' id='word_1_90' title='bbox 604 1615 781 1682; x_wconf 87' lang='lat' dir='ltr'>scribatur:</span> <span class='ocrx_word' id='word_1_91' title='bbox 816 1623 854 1710; x_wconf 88' lang='lat' dir='ltr'>et</span> <span class='ocrx_word' id='word_1_92' title='bbox 877 1618 957 1682; x_wconf 88' lang='lat' dir='ltr'>alia</span> <span class='ocrx_word' id='word_1_93' title='bbox 979 1618 1181 1682; x_wconf 86' lang='lat' dir='ltr'>militaris</span> <span class='ocrx_word' id='word_1_94' title='bbox 1209 1619 1362 1700; x_wconf 86' lang='lat' dir='ltr'>generis</span> 
     </span>
     <span class='ocr_line' id='line_1_12' title="bbox 218 1717 1361 1809; baseline -0.001 -19"><span class='ocrx_word' id='word_1_95' title='bbox 218 1724 348 1790; x_wconf 87' lang='lat' dir='ltr'>turba.</span> <span class='ocrx_word' id='word_1_96' title='bbox 382 1724 432 1788; x_wconf 83' lang='lat' dir='ltr'>Ex</span> <span class='ocrx_word' id='word_1_97' title='bbox 453 1717 574 1789; x_wconf 82' lang='lat' dir='ltr'>turb‘a</span> <span class='ocrx_word' id='word_1_98' title='bbox 596 1721 815 1790; x_wconf 81' lang='lat' dir='ltr'>Cretenses</span> <span class='ocrx_word' id='word_1_99' title='bbox 834 1731 943 1791; x_wconf 86' lang='lat' dir='ltr'>ortum</span> <span class='ocrx_word' id='word_1_100' title='bbox 961 1727 1078 1809; x_wconf 87' lang='lat' dir='ltr'>opinor</span> <span class='ocrx_word' id='word_1_101' title='bbox 1100 1725 1242 1790; x_wconf 81' lang='lat' dir='ltr'>turbae.</span> <span class='ocrx_word' id='word_1_102' title='bbox 1265 1725 1361 1791; x_wconf 81' lang='lat' dir='ltr'>‚Alibi</span> 
     </span>
     <span class='ocr_line' id='line_1_13' title="bbox 220 1832 1108 1914; baseline 0 -16"><span class='ocrx_word' id='word_1_103' title='bbox 220 1832 377 1898; x_wconf 88' lang='lat' dir='ltr'>turbam</span> <span class='ocrx_word' id='word_1_104' title='bbox 400 1832 581 1898; x_wconf 86' lang='lat' dir='ltr'>navalem</span> <span class='ocrx_word' id='word_1_105' title='bbox 602 1832 825 1898; x_wconf 89' lang='lat' dir='ltr'>militarem</span> <span class='ocrx_word' id='word_1_106' title='bbox 848 1833 958 1898; x_wconf 87' lang='lat' dir='ltr'>Livius</span> <span class='ocrx_word' id='word_1_107' title='bbox 981 1834 1108 1914; x_wconf 89' lang='lat' dir='ltr'>dicit.¹)</span> 
     </span>
    </p>
   </div>
   <div class='ocr_carea' id='block_1_3' title="bbox 667 2127 917 2210">
    <p class='ocr_par' dir='ltr' id='par_1_4' title="bbox 667 2127 917 2210">
     <span class='ocr_line' id='line_1_14' title="bbox 667 2127 917 2210; baseline 0.008 -3"><span class='ocrx_word' id='word_1_108' title='bbox 667 2127 759 2209; x_wconf 89' lang='lat' dir='ltr'>Lib.</span> <span class='ocrx_word' id='word_1_109' title='bbox 792 2127 917 2210; x_wconf 87' lang='lat' dir='ltr'>XLV.</span> 
     </span>
    </p>
   </div>
   <div class='ocr_carea' id='block_1_4' title="bbox 134 2271 1367 4218">
    <p class='ocr_par' dir='ltr' id='par_1_5' title="bbox 218 2271 1366 2902">
     <span class='ocr_line' id='line_1_15' title="bbox 305 2271 1363 2360; baseline 0.002 -20"><span class='ocrx_word' id='word_1_110' title='bbox 305 2275 383 2360; x_wconf 79' lang='lat' dir='ltr'>Cap.</span> <span class='ocrx_word' id='word_1_111' title='bbox 409 2282 436 2354; x_wconf 91' lang='lat' dir='ltr'>l,</span> <span class='ocrx_word' id='word_1_112' title='bbox 461 2280 494 2339; x_wconf 82' lang='lat'>6:</span> <span class='ocrx_word' id='word_1_113' title='bbox 518 2275 566 2340; x_wconf 85' lang='lat' dir='ltr'>Et</span> <span class='ocrx_word' id='word_1_114' title='bbox 589 2275 714 2341; x_wconf 90' lang='lat' dir='ltr'>aliter</span> <span class='ocrx_word' id='word_1_115' title='bbox 737 2271 878 2341; x_wconf 81' lang='lat' dir='ltr'>editu&#39;r</span> <span class='ocrx_word' id='word_1_116' title='bbox 901 2279 1101 2344; x_wconf 86' lang='lat' dir='ltr'>circensis</span> <span class='ocrx_word' id='word_1_117' title='bbox 1128 2279 1262 2344; x_wconf 78' lang='lat' dir='ltr'>turbae</span> <span class='ocrx_word' id='word_1_118' title='bbox 1290 2299 1363 2343; x_wconf 90' lang='lat' dir='ltr'>uon</span> 
     </span>
     <span class='ocr_line' id='line_1_16' title="bbox 220 2383 1364 2469; baseline 0.001 -21"><span class='ocrx_word' id='word_1_119' title='bbox 220 2386 349 2449; x_wconf 89' lang='lat' dir='ltr'>minus</span> <span class='ocrx_word' id='word_1_120' title='bbox 378 2383 523 2449; x_wconf 79' lang='lat' dir='ltr'>similis</span> <span class='ocrx_word' id='word_1_121' title='bbox 553 2384 638 2448; x_wconf 86' lang='lat' dir='ltr'>veri</span> <span class='ocrx_word' id='word_1_122' title='bbox 660 2383 820 2450; x_wconf 86' lang='lat' dir='ltr'>laetitia.</span> <span class='ocrx_word' id='word_1_123' title='bbox 866 2385 940 2450; x_wconf 90' lang='lat' dir='ltr'>Non</span> <span class='ocrx_word' id='word_1_124' title='bbox 962 2393 1052 2451; x_wconf 89' lang='lat' dir='ltr'>recte</span> <span class='ocrx_word' id='word_1_125' title='bbox 1077 2387 1291 2469; x_wconf 81' lang='lat' dir='ltr'>coniungitur</span> <span class='ocrx_word' id='word_1_126' title='bbox 1311 2385 1364 2450; x_wconf 91' lang='lat' dir='ltr'>ad-</span> 
     </span>
     <span class='ocr_line' id='line_1_17' title="bbox 221 2492 1364 2560; baseline 0.003 -5"><span class='ocrx_word' id='word_1_127' title='bbox 221 2493 367 2557; x_wconf 86' lang='lat' dir='ltr'>verbium</span> <span class='ocrx_word' id='word_1_128' title='bbox 391 2499 424 2556; x_wconf 90' lang='lat' dir='ltr'>et</span> <span class='ocrx_word' id='word_1_129' title='bbox 451 2492 664 2556; x_wconf 80' lang='lat' dir='ltr'>adiectivum:</span> <span class='ocrx_word' id='word_1_130' title='bbox 688 2493 875 2557; x_wconf 89' lang='lat' dir='ltr'>aliter-</span> <span class='ocrx_word' id='word_1_131' title='bbox 896 2513 973 2558; x_wconf 89' lang='lat' dir='ltr'>non</span> <span class='ocrx_word' id='word_1_132' title='bbox 1002 2495 1131 2559; x_wconf 91' lang='lat' dir='ltr'>minus</span> <span class='ocrx_word' id='word_1_133' title='bbox 1159 2497 1244 2559; x_wconf 80' lang='lat' dir='ltr'>veri</span> <span class='ocrx_word' id='word_1_134' title='bbox 1268 2496 1364 2560; x_wconf 88' lang='lat' dir='ltr'>sirni-</span> 
     </span>
     <span class='ocr_line' id='line_1_18' title="bbox 218 2600 1366 2687; baseline 0.001 -22"><span class='ocrx_word' id='word_1_135' title='bbox 218 2601 285 2679; x_wconf 81' lang='lat' dir='ltr'>lis,</span> <span class='ocrx_word' id='word_1_136' title='bbox 309 2600 447 2665; x_wconf 87' lang='lat' dir='ltr'>alterum</span> <span class='ocrx_word' id='word_1_137' title='bbox 481 2600 521 2664; x_wconf 88' lang='lat' dir='ltr'>de</span> <span class='ocrx_word' id='word_1_138' title='bbox 543 2601 740 2665; x_wconf 81' lang='lat' dir='ltr'>narrationis</span> <span class='ocrx_word' id='word_1_139' title='bbox 762 2601 869 2665; x_wconf 90' lang='lat' dir='ltr'>forma</span> <span class='ocrx_word' id='word_1_140' title='bbox 892 2601 1030 2680; x_wconf 77' lang='lat' dir='ltr'>dictum,</span> <span class='ocrx_word' id='word_1_141' title='bbox 1059 2603 1202 2667; x_wconf 88' lang='lat' dir='ltr'>alterum</span> <span class='ocrx_word' id='word_1_142' title='bbox 1234 2602 1274 2668; x_wconf 89' lang='lat' dir='ltr'>de</span> <span class='ocrx_word' id='word_1_143' title='bbox 1297 2605 1366 2687; x_wconf 87' lang='lat' dir='ltr'>ipsa</span> 
     </span>
     <span class='ocr_line' id='line_1_19' title="bbox 218 2707 1365 2792; baseline 0 -18"><span class='ocrx_word' id='word_1_144' title='bbox 218 2731 262 2788; x_wconf 90' lang='lat' dir='ltr'>re,</span> <span class='ocrx_word' id='word_1_145' title='bbox 287 2731 387 2792; x_wconf 89' lang='lat' dir='ltr'>quum</span> <span class='ocrx_word' id='word_1_146' title='bbox 410 2707 524 2772; x_wconf 89' lang='lat' dir='ltr'>eodem</span> <span class='ocrx_word' id='word_1_147' title='bbox 548 2715 724 2792; x_wconf 89' lang='lat' dir='ltr'>utrumque</span> <span class='ocrx_word' id='word_1_148' title='bbox 748 2717 873 2792; x_wconf 85' lang='lat' dir='ltr'>spectet</span> <span class='ocrx_word' id='word_1_149' title='bbox 903 2709 965 2792; x_wconf 86' lang='lat' dir='ltr'>(Et</span> <span class='ocrx_word' id='word_1_150' title='bbox 993 2710 1119 2775; x_wconf 89' lang='lat' dir='ltr'>aliter</span> <span class='ocrx_word' id='word_1_151' title='bbox 1140 2733 1215 2776; x_wconf 92' lang='lat' dir='ltr'>nec</span> <span class='ocrx_word' id='word_1_152' title='bbox 1240 2712 1365 2775; x_wconf 88' lang='lat' dir='ltr'>minus</span> 
     </span>
     <span class='ocr_line' id='line_1_20' title="bbox 218 2817 1364 2902; baseline 0 -21"><span class='ocrx_word' id='word_1_153' title='bbox 218 2818 302 2882; x_wconf 85' lang='lat' dir='ltr'>veri</span> <span class='ocrx_word' id='word_1_154' title='bbox 322 2817 538 2896; x_wconf 84' lang='lat' dir='ltr'>similiter).</span> <span class='ocrx_word' id='word_1_155' title='bbox 559 2817 606 2880; x_wconf 90' lang='lat' dir='ltr'>Ne</span> <span class='ocrx_word' id='word_1_156' title='bbox 625 2817 744 2880; x_wconf 89' lang='lat' dir='ltr'>edere</span> <span class='ocrx_word' id='word_1_157' title='bbox 765 2818 896 2899; x_wconf 90' lang='lat' dir='ltr'>quidem</span> <span class='ocrx_word' id='word_1_158' title='bbox 909 2819 1102 2902; x_wconf 87' lang='lat' dir='ltr'>simpliciter</span> <span class='ocrx_word' id='word_1_159' title='bbox 1120 2841 1178 2902; x_wconf 93' lang='lat' dir='ltr'>pro</span> <span class='ocrx_word' id='word_1_160' title='bbox 1198 2839 1364 2883; x_wconf 86' lang='lat' dir='ltr'>narrare</span> 
     </span>
    </p>

    <p class='ocr_par' dir='ltr' id='par_1_6' title="bbox 134 2924 1367 3761">
     <span class='ocr_line' id='line_1_21' title="bbox 134 2924 1367 3010; baseline -0.002 -18"><span class='ocrx_word' id='word_1_161' title='bbox 134 2926 204 2994; x_wconf 58' lang='lat'>(⁶92)</span> <span class='ocrx_word' id='word_1_162' title='bbox 223 2928 302 3010; x_wconf 89' lang='lat' dir='ltr'>poni</span> <span class='ocrx_word' id='word_1_163' title='bbox 319 2925 417 3005; x_wconf 82' lang='lat' dir='ltr'>sclet3</span> <span class='ocrx_word' id='word_1_164' title='bbox 443 2924 598 2989; x_wconf 89' lang='lat' dir='ltr'>aliud&#39;est</span> <span class='ocrx_word' id='word_1_165' title='bbox 616 2924 701 2987; x_wconf 86' lang='lat' dir='ltr'>enim</span> <span class='ocrx_word' id='word_1_166' title='bbox 723 2947 926 2989; x_wconf 88' lang='lat' dir='ltr'>numerum</span> <span class='ocrx_word' id='word_1_167' title='bbox 944 2925 1146 3006; x_wconf 77' lang='lat' dir='ltr'>caesor&#39;nm,</span> <span class='ocrx_word' id='word_1_168' title='bbox 1165 2928 1226 2992; x_wconf 91' lang='lat' dir='ltr'>rei</span> <span class='ocrx_word' id='word_1_169' title='bbox 1251 2935 1367 3008; x_wconf 76' lang='lat' dir='ltr'>gesta</span> 
     </span>
     <span class='ocr_line' id='line_1_22' title="bbox 212 3024 1365 3112; baseline -0.003 -14"><span class='ocrx_word' id='word_1_170' title='bbox 212 3024 400 3099; x_wconf 90' lang='lat' dir='ltr'>ordinem</span> <span class='ocrx_word' id='word_1_171' title='bbox 419 3032 537 3097; x_wconf 90' lang='lat' dir='ltr'>edere</span> <span class='ocrx_word' id='word_1_172' title='bbox 554 3031 739 3112; x_wconf 79' lang='lat' dir='ltr'>(augebam).</span> <span class='ocrx_word' id='word_1_173' title='bbox 767 3033 804 3096; x_wconf 92' lang='lat' dir='ltr'>In</span> <span class='ocrx_word' id='word_1_174' title='bbox 817 3035 930 3099; x_wconf 89' lang='lat' dir='ltr'>codice</span> <span class='ocrx_word' id='word_1_175' title='bbox 944 3042 1007 3099; x_wconf 85' lang='lat' dir='ltr'>est:</span> <span class='ocrx_word' id='word_1_176' title='bbox 1022 3043 1060 3099; x_wconf 87' lang='lat' dir='ltr'>et</span> <span class='ocrx_word' id='word_1_177' title='bbox 1077 3034 1204 3100; x_wconf 88' lang='lat' dir='ltr'>aliter</span> <span class='ocrx_word' id='word_1_178' title='bbox 1222 3036 1365 3099; x_wconf 85' lang='lat' dir='ltr'>editus.</span> 
     </span>
     <span class='ocr_line' id='line_1_23' title="bbox 221 3137 1365 3207; baseline -0.001 -1"><span class='ocrx_word' id='word_1_179' title='bbox 221 3141 433 3206; x_wconf 85' lang='lat' dir='ltr'>Scribendum</span> <span class='ocrx_word' id='word_1_180' title='bbox 455 3137 671 3204; x_wconf 76' lang='lat' dir='ltr'>videtur:&#39;Et</span> <span class='ocrx_word' id='word_1_181' title='bbox 694 3141 775 3205; x_wconf 88' lang='lat' dir='ltr'>alia</span> <span class='ocrx_word' id='word_1_182' title='bbox 803 3143 995 3206; x_wconf 85' lang='lat' dir='ltr'>traditur.</span> <span class='ocrx_word' id='word_1_183' title='bbox 1037 3143 1086 3205; x_wconf 82' lang='lat' dir='ltr'>Ex</span> <span class='ocrx_word' id='word_1_184' title='bbox 1114 3143 1240 3207; x_wconf 87' lang='lat' dir='ltr'>aliatr</span> <span class='ocrx_word' id='word_1_185' title='bbox 1263 3151 1365 3206; x_wconf 92' lang='lat' dir='ltr'>ortum</span> 
     </span>
     <span class='ocr_line' id='line_1_24' title="bbox 220 3249 1364 3331; baseline -0.002 -17"><span class='ocrx_word' id='word_1_186' title='bbox 220 3250 351 3314; x_wconf 87' lang='lat' dir='ltr'>aliter.</span> <span class='ocrx_word' id='word_1_187' title='bbox 376 3249 474 3330; x_wconf 83' lang='lat' dir='ltr'>(Ante</span> <span class='ocrx_word' id='word_1_188' title='bbox 487 3249 708 3331; x_wconf 85' lang='lat' dir='ltr'>Kreyssigium</span> <span class='ocrx_word' id='word_1_189' title='bbox 723 3250 944 3315; x_wconf 86' lang='lat' dir='ltr'>scribebatur:</span> <span class='ocrx_word' id='word_1_190' title='bbox 961 3250 1010 3314; x_wconf 83' lang='lat' dir='ltr'>Et</span> <span class='ocrx_word' id='word_1_191' title='bbox 1027 3251 1151 3315; x_wconf 88' lang='lat' dir='ltr'>aliter</span> <span class='ocrx_word' id='word_1_192' title='bbox 1169 3252 1364 3315; x_wconf 89' lang='lat' dir='ltr'>traditur.</span> 
     </span>
     <span class='ocr_line' id='line_1_25' title="bbox 221 3356 1364 3441; baseline -0.001 -18"><span class='ocrx_word' id='word_1_193' title='bbox 221 3357 374 3423; x_wconf 87' lang='lat' dir='ltr'>Senserat</span> <span class='ocrx_word' id='word_1_194' title='bbox 404 3357 561 3441; x_wconf 84' lang='lat' dir='ltr'>Grynaeus</span> <span class='ocrx_word' id='word_1_195' title='bbox 595 3356 804 3420; x_wconf 87' lang='lat' dir='ltr'>insolentiam</span> <span class='ocrx_word' id='word_1_196' title='bbox 836 3359 870 3421; x_wconf 90' lang='lat' dir='ltr'>in</span> <span class='ocrx_word' id='word_1_197' title='bbox 904 3359 1022 3422; x_wconf 87' lang='lat' dir='ltr'>edendi</span> <span class='ocrx_word' id='word_1_198' title='bbox 1056 3359 1179 3440; x_wconf 83' lang='lat' dir='ltr'>verbo.)</span> <span class='ocrx_word' id='word_1_199' title='bbox 1234 3357 1364 3440; x_wconf 86' lang='lat' dir='ltr'>[Vahle-</span> 
     </span>
     <span class='ocr_line' id='line_1_26' title="bbox 219 3464 1365 3545; baseline 0 -17"><span class='ocrx_word' id='word_1_200' title='bbox 219 3468 309 3529; x_wconf 89' lang='lat' dir='ltr'>nius:</span> <span class='ocrx_word' id='word_1_201' title='bbox 334 3471 372 3530; x_wconf 94' lang='lat' dir='ltr'>et</span> <span class='ocrx_word' id='word_1_202' title='bbox 394 3465 534 3529; x_wconf 88' lang='lat' dir='ltr'>altera.</span> <span class='ocrx_word' id='word_1_203' title='bbox 569 3464 693 3528; x_wconf 85' lang='lat' dir='ltr'>Vereor</span> <span class='ocrx_word' id='word_1_204' title='bbox 714 3466 870 3545; x_wconf 87' lang='lat' dir='ltr'>nonnihil,</span> <span class='ocrx_word' id='word_1_205' title='bbox 894 3488 934 3530; x_wconf 87' lang='lat' dir='ltr'>ne</span> <span class='ocrx_word' id='word_1_206' title='bbox 958 3468 1063 3530; x_wconf 90' lang='lat' dir='ltr'>minus</span> <span class='ocrx_word' id='word_1_207' title='bbox 1086 3474 1176 3532; x_wconf 89' lang='lat' dir='ltr'>recte</span> <span class='ocrx_word' id='word_1_208' title='bbox 1202 3475 1242 3531; x_wconf 89' lang='lat' dir='ltr'>et</span> <span class='ocrx_word' id='word_1_209' title='bbox 1265 3467 1365 3530; x_wconf 87' lang='lat' dir='ltr'>alter</span> 
     </span>
     <span class='ocr_line' id='line_1_27' title="bbox 219 3573 1365 3657; baseline 0 -20"><span class='ocrx_word' id='word_1_210' title='bbox 219 3580 362 3657; x_wconf 89' lang='lat' dir='ltr'>ponatur</span> <span class='ocrx_word' id='word_1_211' title='bbox 385 3573 425 3636; x_wconf 88' lang='lat' dir='ltr'>de</span> <span class='ocrx_word' id='word_1_212' title='bbox 448 3594 483 3637; x_wconf 91' lang='lat' dir='ltr'>re</span> <span class='ocrx_word' id='word_1_213' title='bbox 506 3573 648 3649; x_wconf 88' lang='lat' dir='ltr'>diversa,</span> <span class='ocrx_word' id='word_1_214' title='bbox 673 3594 744 3653; x_wconf 81' lang='lat' dir='ltr'>quae</span> <span class='ocrx_word' id='word_1_215' title='bbox 767 3575 868 3655; x_wconf 89' lang='lat' dir='ltr'>priori</span> <span class='ocrx_word' id='word_1_216' title='bbox 896 3596 962 3638; x_wconf 92' lang='lat' dir='ltr'>non</span> <span class='ocrx_word' id='word_1_217' title='bbox 985 3576 1182 3656; x_wconf 86' lang='lat' dir='ltr'>adiungatur</span> <span class='ocrx_word' id='word_1_218' title='bbox 1216 3584 1276 3639; x_wconf 88' lang='lat' dir='ltr'>aut</span> <span class='ocrx_word' id='word_1_219' title='bbox 1299 3594 1365 3639; x_wconf 89' lang='lat' dir='ltr'>suc-</span> 
     </span>
     <span class='ocr_line' id='line_1_28' title="bbox 220 3679 696 3761; baseline -0.002 -16"><span class='ocrx_word' id='word_1_220' title='bbox 220 3681 324 3759; x_wconf 79' lang='lat' dir='ltr'>cedat,</span> <span class='ocrx_word' id='word_1_221' title='bbox 347 3680 404 3744; x_wconf 87' lang='lat' dir='ltr'>sed</span> <span class='ocrx_word' id='word_1_222' title='bbox 427 3702 497 3745; x_wconf 87' lang='lat' dir='ltr'>eam</span> <span class='ocrx_word' id='word_1_223' title='bbox 521 3679 696 3761; x_wconf 85' lang='lat' dir='ltr'>excludat]</span> 
     </span>
    </p>

    <p class='ocr_par' dir='ltr' id='par_1_7' title="bbox 219 3787 1365 4218">
     <span class='ocr_line' id='line_1_29' title="bbox 306 3787 1364 3872; baseline 0 -20"><span class='ocrx_word' id='word_1_224' title='bbox 306 3788 382 3872; x_wconf 84' lang='lat' dir='ltr'>Cap.</span> <span class='ocrx_word' id='word_1_225' title='bbox 407 3794 436 3866; x_wconf 80' lang='grc'>2,</span> <span class='ocrx_word' id='word_1_226' title='bbox 460 3791 493 3850; x_wconf 89' lang='lat'>3:</span> <span class='ocrx_word' id='word_1_227' title='bbox 518 3787 660 3869; x_wconf 83' lang='lat' dir='ltr'>Legati</span> <span class='ocrx_word' id='word_1_228' title='bbox 684 3788 718 3868; x_wconf 84' lang='lat' dir='ltr'>(a</span> <span class='ocrx_word' id='word_1_229' title='bbox 742 3790 776 3853; x_wconf 93' lang='lat' dir='ltr'>L.</span> <span class='ocrx_word' id='word_1_230' title='bbox 801 3790 932 3853; x_wconf 88' lang='lat' dir='ltr'>AEmilio</span> <span class='ocrx_word' id='word_1_231' title='bbox 957 3791 1091 3855; x_wconf 91' lang='lat' dir='ltr'>consule</span> <span class='ocrx_word' id='word_1_232' title='bbox 1115 3792 1262 3855; x_wconf 85' lang='lat' dir='ltr'>victoriae</span> <span class='ocrx_word' id='word_1_233' title='bbox 1290 3811 1364 3853; x_wconf 92' lang='lat' dir='ltr'>nun·</span> 
     </span>
     <span class='ocr_line' id='line_1_30' title="bbox 219 3895 1365 3982; baseline -0.001 -23"><span class='ocrx_word' id='word_1_234' title='bbox 219 3897 257 3960; x_wconf 89' lang='lat' dir='ltr'>tii</span> <span class='ocrx_word' id='word_1_235' title='bbox 276 3897 381 3975; x_wconf 81' lang='lat' dir='ltr'>missi)</span> <span class='ocrx_word' id='word_1_236' title='bbox 403 3930 447 3940; x_wconf 89' lang='lat'>-</span> <span class='ocrx_word' id='word_1_237' title='bbox 468 3896 508 3959; x_wconf 91' lang='lat' dir='ltr'>in</span> <span class='ocrx_word' id='word_1_238' title='bbox 530 3895 658 3960; x_wconf 87' lang='lat' dir='ltr'>sorum</span> <span class='ocrx_word' id='word_1_239' title='bbox 681 3897 729 3961; x_wconf 90' lang='lat' dir='ltr'>ad</span> <span class='ocrx_word' id='word_1_240' title='bbox 746 3897 929 3962; x_wconf 89' lang='lat' dir='ltr'>tribunal</span> <span class='ocrx_word' id='word_1_241' title='bbox 953 3906 1236 3982; x_wconf 86' lang='lat' dir='ltr'>perrexerunt.</span> <span class='ocrx_word' id='word_1_242' title='bbox 1271 3898 1365 3962; x_wconf 87' lang='lat' dir='ltr'>Plura</span> 
     </span>
     <span class='ocr_line' id='line_1_31' title="bbox 221 4002 1362 4090; baseline -0.001 -22"><span class='ocrx_word' id='word_1_243' title='bbox 221 4012 314 4068; x_wconf 89' lang='lat' dir='ltr'>erant</span> <span class='ocrx_word' id='word_1_244' title='bbox 336 4005 369 4067; x_wconf 91' lang='lat' dir='ltr'>in</span> <span class='ocrx_word' id='word_1_245' title='bbox 391 4002 463 4069; x_wconf 84' lang='lat' dir='ltr'>foro</span> <span class='ocrx_word' id='word_1_246' title='bbox 486 4004 673 4068; x_wconf 87' lang='lat' dir='ltr'>tribunalia.</span> <span class='ocrx_word' id='word_1_247' title='bbox 721 4003 844 4069; x_wconf 86' lang='lat' dir='ltr'>Codex:</span> <span class='ocrx_word' id='word_1_248' title='bbox 880 4008 918 4069; x_wconf 89' lang='lat' dir='ltr'>in</span> <span class='ocrx_word' id='word_1_249' title='bbox 947 4005 1076 4070; x_wconf 85' lang='lat' dir='ltr'>forum</span> <span class='ocrx_word' id='word_1_250' title='bbox 1099 4014 1140 4070; x_wconf 84' lang='lat' dir='ltr'>ot</span> <span class='ocrx_word' id='word_1_251' title='bbox 1163 4007 1257 4071; x_wconf 92' lang='lat' dir='ltr'>urbi</span> <span class='ocrx_word' id='word_1_252' title='bbox 1281 4027 1362 4090; x_wconf 90' lang='lat' dir='ltr'>per·</span> 
     </span>
     <span class='ocr_line' id='line_1_32' title="bbox 220 4111 1361 4218; baseline 0.002 -44"><span class='ocrx_word' id='word_1_253' title='bbox 220 4119 426 4175; x_wconf 86' lang='lat' dir='ltr'>rexerunt.</span> <span class='ocrx_word' id='word_1_254' title='bbox 471 4111 536 4218; x_wconf 81' lang='lat' dir='ltr'>Apt</span> <span class='ocrx_word' id='word_1_255' title='bbox 566 4112 613 4175; x_wconf 89' lang='lat' dir='ltr'>ad</span> <span class='ocrx_word' id='word_1_256' title='bbox 637 4122 849 4194; x_wconf 74' lang='lat' dir='ltr'>praetorem</span> <span class='ocrx_word' id='word_1_257' title='bbox 878 4114 1075 4178; x_wconf 88' lang='lat' dir='ltr'>urbanum</span> <span class='ocrx_word' id='word_1_258' title='bbox 1110 4115 1172 4195; x_wconf 85' lang='lat' dir='ltr'>(ad</span> <span class='ocrx_word' id='word_1_259' title='bbox 1197 4137 1250 4198; x_wconf 92' lang='lat' dir='ltr'>pr.</span> <span class='ocrx_word' id='word_1_260' title='bbox 1274 4111 1361 4191; x_wconf 84' lang='lat' dir='ltr'>urb.)</span> 
     </span>
    </p>
   </div>
   <div class='ocr_carea' id='block_1_5' title="bbox 247 4330 838 4399">
    <p class='ocr_par' dir='ltr' id='par_1_8' title="bbox 247 4330 838 4399">
     <span class='ocr_line' id='line_1_33' title="bbox 247 4330 838 4399; baseline 0.007 -16"><span class='ocrx_word' id='word_1_261' title='bbox 247 4330 269 4395; x_wconf 93' lang='lat'>¹)</span> <span class='ocrx_word' id='word_1_262' title='bbox 287 4330 329 4383; x_wconf 91' lang='lat' dir='ltr'>De</span> <span class='ocrx_word' id='word_1_263' title='bbox 349 4349 371 4384; x_wconf 89' lang='lat' dir='ltr'>c.</span> <span class='ocrx_word' id='word_1_264' title='bbox 390 4332 433 4395; x_wconf 71' lang='grc'>«16,</span> <span class='ocrx_word' id='word_1_265' title='bbox 453 4332 469 4381; x_wconf 85' lang='grc'>5</span> <span class='ocrx_word' id='word_1_266' title='bbox 488 4331 595 4384; x_wconf 87' lang='lat' dir='ltr'>dictum</span> <span class='ocrx_word' id='word_1_267' title='bbox 614 4337 656 4385; x_wconf 89' lang='lat' dir='ltr'>est</span> <span class='ocrx_word' id='word_1_268' title='bbox 674 4334 709 4386; x_wconf 87' lang='lat' dir='ltr'>ad</span> <span class='ocrx_word' id='word_1_269' title='bbox 729 4350 751 4386; x_wconf 90' lang='lat' dir='ltr'>c.</span> <span class='ocrx_word' id='word_1_270' title='bbox 771 4335 795 4399; x_wconf 88' lang='grc'>6,</span> <span class='ocrx_word' id='word_1_271' title='bbox 815 4336 838 4387; x_wconf 76' lang='lat'>2.</span> 
     </span>
    </p>
   </div>
   <div class='ocr_carea' id='block_1_6' title="bbox 0 0 1513 5108">
    <p class='ocr_par' dir='ltr' id='par_1_9' title="bbox 0 0 1513 5108">
     <span class='ocr_line' id='line_1_34' title="bbox 0 0 1513 5108; baseline 0 0"><span class='ocrx_word' id='word_1_272' title='bbox 0 0 1513 5108; x_wconf 95' lang='lat' dir='ltr'> </span> 
     </span>
    </p>
   </div>
  </div>
 </body>
</html>
