2994 5108
224 479 288 534 Lib.
307 476 355 532 111.
782 463 823 524 96

225 654 469 735 pugnarent.
521 646 608 726 Quid
635 653 723 713 esset
749 648 784 712 in
811 646 864 713 his
885 647 994 731 pravi,
1022 654 1172 714 senserat
1194 645 1383 714 Glareanus

224 760 340 844 aliqua
378 779 418 824 ex
456 762 551 841 parte
585 761 619 820 et
652 742 782 821 duobus
816 754 924 822 modis
958 755 1144 822 enarrando
1178 761 1384 841 aperuerunt

225 865 516 933 Drakenborchius
539 871 572 928 et
594 862 896 944 Weissenbornius,
925 883 1066 947 quorum
1093 863 1149 929 ille
1170 864 1238 930 tria
1260 884 1385 949 genera

224 974 486 1060 oppugnantium
509 972 666 1054 distingui
688 977 795 1056 putat,
817 993 878 1037 nec
899 971 989 1037 ridet
1007 972 1176 1038 maxime
1192 972 1383 1038 necessario

224 1104 301 1148 curn
329 1085 616 1167 oppugnarent
644 1080 798 1163 coniungi
826 1078 1057 1163 (nequeenim
1079 1079 1275 1146 admirabile
1290 1079 1383 1158 erat,

224 1189 317 1275 quod
344 1189 579 1273 competitores
607 1195 641 1253 et
669 1188 751 1253 socii
778 1208 892 1253 eorum
922 1188 1122 1254 decemviros
1145 1193 1384 1273 oppugnarent

225 1299 286 1364 sed
314 1298 548 1381 suspiciosum,
582 1295 672 1381 quod
694 1295 729 1360 hi
751 1294 919 1378 maxime),
952 1301 1036 1377 tum,
1070 1301 1109 1362 ut
1131 1296 1236 1362 socii
1257 1296 1382 1362 omisso

225 1428 360 1473 eorum
387 1405 529 1484 feratur,
563 1409 674 1469 tamen
700 1424 767 1469 non
795 1403 956 1487 intellegi,
991 1405 1047 1487 qui
1075 1404 1141 1469 sint
1162 1403 1212 1469 illi
1234 1410 1270 1470 et
1290 1404 1384 1470 euius

226 1515 274 1580 rei
303 1514 399 1594 socii,
432 1518 601 1598 postremo
631 1531 768 1596 prorsus
797 1511 933 1576 ridicule
961 1513 1062 1578 tertio
1092 1512 1126 1577 in
1155 1531 1275 1596 genere
1303 1512 1383 1596 poni

224 1624 294 1689 sive
324 1621 397 1688 hos
426 1622 494 1686 sive
517 1620 588 1686 bos
611 1619 795 1699 maxime,
829 1620 926 1703 quasi
947 1620 1033 1686 inter
1055 1620 1140 1700 hos,
1174 1618 1232 1704 qui
1245 1638 1383 1704 oppug-

226 1736 344 1796 nantes
367 1728 645 1808 demonstrantur,
667 1728 779 1811 priora
802 1727 866 1793 duo
889 1748 1012 1812 genera
1035 1729 1298 1814 oppugnantium
1315 1748 1385 1795 non

224 1841 309 1919 sint,
349 1836 637 1902 Weissenbornius
683 1841 794 1901 autem
834 1842 924 1901 recte
963 1836 1126 1902 intellexit
1165 1858 1268 1902 unum
1306 1856 1384 1901 cum

225 1946 350 2011 invidia
383 1951 417 2011 et
450 1945 637 2028 suspicione
671 1945 920 2009 commemorari
955 1945 1156 2011 decemviros
1189 1964 1386 2028 oppugnan-

226 2057 309 2120 tium
337 2074 456 2138 genus,
491 2073 623 2131 eorum,
658 2052 713 2133 qui
743 2052 806 2137 ipsi
836 2053 1091 2118 decemviratum
1113 2051 1288 2137 petissent,
1324 2051 1385 2118 sed

226 2162 306 2228 dum
334 2161 395 2226 bos
423 2168 480 2225 aut
509 2160 617 2225 soc-ios
647 2165 705 2225 aut
734 2161 874 2225 maxime
898 2181 1107 2245 oppugnasse
1128 2160 1212 2240 vult,
1245 2166 1385 2244 praeter·

225 2291 328 2354 quam
356 2268 445 2351 quod
475 2268 610 2333 socius
639 2287 829 2352 oppugno
856 2268 939 2333 nihil
961 2289 1098 2353 prorsus
1122 2273 1173 2334 est
1194 2287 1256 2333 nec
1277 2268 1385 2334 socii

227 2384 298 2442 aut
320 2377 491 2441 maxime
513 2382 603 2441 reete
626 2374 838 2459 copulantur,
869 2376 926 2441 sed
950 2377 1053 2442 socii
1075 2383 1146 2442 aut
1168 2375 1385 2461 principes

227 2485 381 2571 (quorum
403 2489 515 2548 tamen
536 2482 703 2568 principes
726 2483 838 2566 priore
860 2484 932 2549 loco
955 2484 1100 2568 ponendi
1117 2483 1236 2567 erant),
1258 2481 1386 2569 fingere

226 2593 296 2676 ipse
325 2592 454 2676 cogitur
482 2590 565 2655 alios
594 2591 707 2656 nescio
736 2610 820 2674 quos
849 2591 1062 2676 oppugnandi
1089 2591 1265 2677 principes,
1300 2613 1388 2677 quo-

225 2721 299 2765 rum
320 2699 356 2765 hi
379 2698 460 2765 socii
483 2696 614 2763 fuerint.
666 2696 783 2780 Omnia
811 2705 904 2764 recta
932 2704 1029 2764 erunt
1056 2698 1207 2766 adhibita
1227 2699 1389 2766 facillima

154 2839 211 2905 (00)
231 2815 264 2872 et
287 2808 468 2872 certissima
490 2805 733 2871 emendatione:
768 2811 811 2871 ut
840 2805 1105 2888 decemviros,
1139 2809 1208 2893 qui
1231 2806 1386 2873 decem·

227 2918 404 2981 viratum
433 2915 656 2998 petissent,
686 2920 756 2979 aut
783 2913 861 2976 soll
885 2921 957 2980 aut
978 2915 1021 2980 hi
1041 2916 1211 2981 maxime
1235 2936 1386 3001 oppug-

226 3022 418 3104 narent.¹)
468 3022 518 3087 Ea
547 3022 677 3087 demum
705 3028 795 3087 recte
825 3024 993 3088 contraria
1014 3024 1102 3089 iuter
1125 3044 1159 3090 se
1182 3023 1384 3089 referuntur.

226 3131 313 3215 [Hoc
336 3132 437 3197 etiam
455 3127 625 3195 Creverius
648 3128 860 3213 correxerat]
895 3131 1013 3196 Restat
1034 3132 1069 3195 in
1091 3131 1207 3197 eadem
1226 3131 1262 3196 L.
1275 3130 1385 3197 Malu-

223 3240 368 3322 ginensis
391 3238 541 3303 oratione
563 3237 654 3303 aliud
676 3238 830 3303 mendum
852 3235 882 3321 (ξ
909 3238 978 3322 11);
1006 3240 1053 3304 sic
1076 3240 1164 3305 enim
1186 3239 1275 3324 apud
1296 3239 1385 3305 Dra-

225 3347 462 3413 kenborchium
485 3345 654 3410 scribitur:
680 3352 860 3411 ceterum
882 3348 1087 3427 nemiuem,
1110 3348 1265 3414 maiore
1287 3348 1386 3414 eura

225 3456 441 3539 occupatis
480 3454 641 3532 animis,
681 3474 815 3519 verum
850 3475 956 3535 esse,
996 3455 1283 3538 praeiudicium
1321 3457 1384 3522 rei

224 3568 349 3628 tantae
377 3561 548 3627 adferre.
605 3560 691 3626 Sibi
720 3562 886 3645 plaeere
915 3561 962 3626 de
992 3583 1036 3629 eo
1066 3570 1127 3628 eet.
1182 3562 1221 3629 ld
1244 3584 1384 3647 pravum

224 3692 297 3736 csse
321 3676 354 3736 et
377 3669 458 3737 ordo
482 3669 655 3735 verborum
678 3670 802 3752 arguit,
830 3671 1027 3736 neminem
1056 3672 1166 3755 inepte
1194 3672 1228 3736 in
1250 3671 1384 3738 initium

260 3823 455 3833 ——-———-·

256 3908 277 3973 ¹)
297 3905 412 3975 [Errore
430 3907 596 3976 scripseram
614 3923 669 3961 uno
688 3906 773 3960 verbo
790 3906 867 3975 plus:
886 3907 942 3976 qui
959 3906 1028 3977 ipsi
1046 3907 1326 3964 decemviratum.
1349 3908 1384 3964 Id

294 4009 381 4046 unum
407 3990 536 4046 Kratzius
563 4010 626 4046 ann.
653 3990 749 4061 philol.
772 3989 860 4044 XCIII
886 4010 913 4061 p.
937 3994 990 4046 272
1016 4011 1101 4062 quum
1128 3993 1248 4050 consilio
1274 3993 1384 4050 factum

294 4081 419 4146 putaret,
447 4093 513 4131 sane
539 4082 617 4133 recte
642 4075 840 4146 reprehendit;
868 4075 903 4132 de
930 4077 1032 4132 ceteris
1056 4096 1146 4149 neque
1167 4079 1214 4133 hic
1237 4095 1331 4149 neque
1352 4080 1385 4135 in

293 4162 408 4231 reliquis
431 4161 502 4217 locis
519 4168 568 4217 aut
585 4162 653 4231 quid
672 4162 733 4216 vitii
751 4167 826 4216 esset
844 4166 892 4217 aut
909 4161 977 4231 quid
995 4165 1136 4219 sententia
1153 4163 1315 4234 postularet
1332 4172 1385 4221 aut

293 4247 362 4315 quid
384 4252 449 4316 apte
467 4246 635 4315 efficeretur,
659 4246 804 4301 intellexit
848 4247 1059 4302 Eiusdemmodi
1082 4249 1138 4304 alia
1160 4264 1251 4318 neque
1274 4249 1385 4306 adnoto

294 4349 385 4401 neque
403 4329 515 4401 refuto]
