2994 5108
765 459 807 523 24

207 647 312 728 modi,
338 660 414 730 quae‘
432 651 562 712 tantum
585 666 686 710 unum
709 644 915 724 stulterum,
944 651 982 709 ut
1005 645 1203 729 comparatis
1226 644 1364 711 diversa

211 758 324 842 stirpis
357 755 527 822 codicibus
556 774 648 820 error
676 759 845 838 appareat.
890 752 1019 840 ¹Libere
1040 753 1151 836 igitur,
1180 753 1238 819 sed
1266 761 1364 820 ceute

209 873 244 933 et
265 867 308 932 ad
330 886 440 931 rerum
463 863 764 945 sententiarumque
786 861 1056 946 probabilitatem
1078 869 1113 928 et
1136 862 1180 928 ad
1202 862 1364 931 orationis

208 976 315 1061 legem
348 993 508 1058 usumque
530 970 613 1037 Livii
647 969 807 1054 exigenda
829 975 907 1036 sunt
930 970 1039 1050 etiam,
1064 991 1135 1052 quoe
1158 971 1362 1037 testimonio·

207 1105 282 1150 rum
305 1103 468 1148 consensu
489 1081 524 1145 in
547 1079 660 1146 codice
683 1079 863 1164 archetypo
885 1078 987 1144 fuisse
1011 1085 1264 1162 cognoscuntur,
1292 1100 1363 1145 om·

208 1193 325 1276 nisque
347 1213 388 1257 ex
409 1190 472 1255 heo
493 1210 530 1254 re
552 1187 698 1254 tollenda
721 1188 923 1272 superstitio,
947 1187 1048 1252 etiam
1070 1186 1128 1251 ubi
1150 1187 1193 1252 ad
1211 1187 1362 1253 codicum

207 1322 404 1368 consensum
437 1296 567 1364 accedit
595 1297 629 1360 in
656 1317 710 1376 eo,
745 1295 834 1381 quod
866 1296 1021 1362 vitiosum
1053 1295 1201 1361 iudicare
1234 1316 1363 1380 cogare,
1460 1314 1462 1318 ’

207 1410 298 1476 lsovis
327 1405 479 1493 quosdam
506 1403 820 1490 formaespecies.1)
875 1404 926 1469 dd
955 1402 1078 1469 codicis
1107 1410 1219 1470 autem
1246 1404 1361 1471 arche·

206 1517 277 1603 typi
311 1517 509 1600 scripturam
542 1514 801 1597 cognoscendam
834 1512 989 1596 qnoniam
1023 1512 1212 1596 pervenitur
1239 1534 1362 1593 eorum,

207 1627 265 1711 qui
292 1646 333 1691 ex
360 1645 398 1690 eo
426 1622 564 1689 derivati
591 1628 680 1702 sunt,
709 1622 967 1705 comparatione,
996 1619 1037 1686 de
1058 1620 1110 1686 his
1133 1642 1264 1706 qnoque
1286 1621 1363 1703 bref

206 1737 292 1799 viter
319 1739 353 1798 et
380 1731 424 1796 ad
452 1737 600 1797 nostrum
628 1730 802 1796 consilium
830 1729 1076 1795 accommodate
1099 1729 1251 1813 quaedsm
1273 1729 1362 1796 dice-

206 1864 289 1908 mus.
334 1839 459 1906 Eorum
481 1838 746 1923 praestantissimi
769 1837 914 1903 omnium
937 1858 1099 1903 consensu
1122 1843 1202 1903 sunt
1223 1838 1362 1904 Vorma-

205 1951 321 2017 biensis
343 1945 704 2030 (Borbetomagensis),
738 1966 804 2031 quo
832 1945 869 2010 Β.
892 1944 1071 2011 Rhenanus
1089 1946 1132 2009 dn
1160 1967 1218 2010 sex
1244 1948 1361 2031 primis

204 2059 298 2124 libris
327 2055 442 2138 (ceteri
470 2055 556 2121 enim
584 2052 728 2120 defuisse
750 2053 916 2136 videntur)
939 2075 1019 2119 usus
1043 2052 1143 2136 esc),
1177 2054 1234 2119 sed
1257 2056 1362 2141 scrip-

205 2174 298 2231 turas
321 2164 410 2229 illius
433 2163 541 2228 aetatis
563 2183 654 2227 more
676 2168 808 2227 tantum
830 2162 971 2245 carptim
993 2160 1158 2240 indicavit,
1189 2162 1361 2230 Medioeus

206 2273 341 2355 (secordi,
371 2277 408 2336 ut
431 2269 583 2349 truditur,
608 2269 677 2350 xl),
700 2271 794 2335 cuius
817 2291 918 2353 quum
940 2270 964 2334 1.
988 2269 1023 2334 F.
1048 2269 1232 2336 Gronovius
1254 2272 1287 2338 in
1312 2272 1360 2338 el·

205 2389 281 2447 tera
314 2379 457 2445 editione
491 2378 655 2461 excerptis
688 2398 768 2442 usus
801 2385 903 2458 esset,
938 2376 1227 2444 Drakenborchius
1255 2379 1360 2464 (apud

205 2510 303 2573 quem
331 2487 539 2553 Florentinus
574 2483 774 2570 appellatur)
807 2486 984 2552 collatione
1012 2506 1033 2550 a
1063 2484 1206 2553 Salvinio
1239 2510 1358 2572 parum

133 2610 189 2679 (23)
208 2597 305 2682 plene
338 2595 510 2680 periteque
542 2593 645 2672 facte,
682 2592 908 2660 Alschefskius
940 2593 1070 2679 plenius
1105 2593 1359 2682 diligentiusque

204 2703 357 2783 contulit,
390 2701 586 2768 Parisiensis
614 2701 781 2784 (11.5725,
816 2700 1053 2783 colbertinus),
1086 2702 1129 2768 ab
1159 2703 1274 2770 eodem
1300 2706 1358 2771 Al·

204 2810 367 2879 schefskio
385 2811 525 2895 primum
543 2808 722 2890 adhibitus,
745 2809 862 2895 hisque
878 2809 979 2895 paulo
997 2810 1167 2876 inferiores
1184 2812 1356 2881 Leidensis
1430 2829 1435 2835 '

202 2923 294 3006 prior
317 2928 350 2986 et
366 2918 564 2985 Harleiunns
587 2918 686 3002 prior,
709 2938 849 3000 quorum
867 2919 1048 3002 scripturus
1065 2918 1356 2988 Drakenborchius

202 3029 360 3113 vulgavit,
392 3027 563 3094 Harleiani
597 3026 729 3110 quidem
757 3026 799 3092 ab
828 3027 893 3092 alio
922 3031 1111 3113 excerptas3
1144 3028 1356 3115 reliquorum,

202 3138 243 3205 de
271 3138 393 3222 quibus
420 3134 553 3221 quidem
578 3140 731 3200 accurate
755 3140 788 3200 et
810 3133 906 3218 plene
929 3135 1088 3201 traditum
1112 3141 1176 3215 cst,
1204 3136 1354 3203 Draken-

201 3245 398 3311 borchianos
427 3242 500 3309 dico
530 3242 607 3324 (etsi
635 3250 668 3308 et
690 3243 828 3308 omissos
851 3243 1012 3327 quasdam
1034 3265 1147 3309 eornm
1171 3246 1354 3329 scripturas

200 3374 262 3418 neo
294 3354 328 3417 in
356 3351 477 3417 ceteris
504 3351 688 3418 indicandis
717 3371 861 3417 errorem
890 3372 1018 3447 omnem
1045 3351 1161 3418 abesse
1191 3354 1352 3439 suspicari

229 3571 251 3637 ¹)
272 3569 359 3639 [Nihil
381 3569 417 3624 ad
438 3570 494 3626 hoo
517 3570 717 3627 declarandum
739 3568 878 3624 illustrius
897 3589 980 3640 quum
998 3570 1131 3626 mendum
1149 3591 1224 3628 nunc
1242 3592 1257 3629 e
1276 3575 1351 3629 libro

268 3655 318 3722 IV,
340 3658 388 3724 24,
415 3657 598 3712 2sublctum.
642 3654 771 3710 Summus
799 3658 843 3710 est
869 3656 943 3711 enim
960 3657 1091 3711 codicum
1109 3674 1271 3723 consensus,
1298 3677 1350 3714 nec

269 3741 420 3810 quidquam
455 3743 578 3797 minimae
605 3741 634 3796 in
662 3740 790 3795 oratione
816 3746 864 3795 aut
891 3743 1030 3797 sententia
1056 3742 1220 3797 offensionis
1246 3749 1352 3813 prseter

267 3844 352 3881 unam
369 3827 449 3881 illam
468 3828 662 3898 gravissimam
680 3825 712 3880 in
729 3828 1000 3882 communicatus
1020 3845 1089 3881 sum
1102 3846 1154 3898 pro
1170 3829 1349 3883 communi·

268 3912 352 3966 cavi.
395 3911 518 3982 Repente
543 3912 688 3967 lenissima
714 3912 893 3968 correctione
920 3919 949 3968 et
975 3914 1078 3967 erroris
1104 3931 1189 3968 censa
1214 3915 1244 3968 in
1270 3915 1349 3969 verbi

230 4012 234 4018 ·
267 3997 377 4052 rariore
401 3997 490 4052 formo
516 3989 641 4066 (sirintj
665 3995 703 4050 ad
723 3999 960 4066 permutationem
979 3996 1053 4066 (oum
1072 3998 1151 4067 sint)
1174 3998 1260 4067 facili,
1284 4001 1347 4068 qnis

267 4081 399 4136 dubitare
416 4081 544 4152 potestl]

224 4167 249 4235 ')
269 4165 386 4237 [Ultima
402 4167 531 4223 Rheneni
549 4167 695 4221 adnotatio
713 4167 749 4221 ed
767 4166 813 4235 VI,
831 4168 865 4221 28
883 4166 1024 4238 adscripta
1042 4174 1091 4223 est.
1124 4167 1234 4222 Eodem
1250 4172 1346 4224 temen

266 4252 363 4307 codice
382 4252 410 4305 in
434 4253 513 4308 libris
531 4252 643 4306 VII-X
667 4251 812 4307 Gelenium
835 4250 953 4307 subinde
975 4271 1057 4308 usum
1081 4269 1150 4320 esee,
1174 4270 1232 4308 non
1249 4259 1347 4322 potest

211 4371 216 4378 ·
265 4335 412 4407 pretraote
429 4338 536 4408 negari,
555 4338 609 4393 etsi
625 4343 712 4408 negat
728 4337 974 4393 Drakenborchius
993 4339 1046 4393 vol.
1061 4338 1113 4392 VII
1130 4356 1156 4407 p.
1171 4336 1291 4407 XXXV]
