3000 5116
224 458 288 512 Lib.
306 459 443 516 XXXVII⁴
767 455 828 515 534

222 719 223 722 Ἴ
308 630 384 714 Cap.
409 638 458 711 47,
484 638 501 696 7
527 634 580 713 (de
612 637 754 701 comitiis
788 637 1016 703 consularibus
1046 639 1080 701 in
1101 626 1230 702 'annum
1264 638 1324 698 189
1348 653 1380 699 a.

222 736 328 819 Chr.):
364 739 532 805 Fulvius
567 742 709 807 consul
742 767 843 810 unus
878 753 1060 823 creatur,
1094 765 1214 828 quum
1249 742 1381 806 ceteri

222 851 431 913 centurias
465 870 541 913 non
576 850 830 933 explesseut3
865 855 982 936 isque
1017 859 1182 935 postero
1217 850 1281 914 die
1317 848 1380 914 Cn.

220 955 418 1021 Manlium
457 957 610 1039 Lepido
650 959 809 1025 deiecto
855 959 957 1040 (nam
998 958 1196 1023 Messalla
1229 956 1381 1037 tacuit)

221 1064 420 1146 collegam
455 1066 567 1129 dixit.
613 1065 686 1130 Non
714 1068 825 1144 video,
857 1068 1023 1150 quodnam
1043 1066 1126 1131 illud
1149 1067 1193 1130 sit
1215 1064 1383 1129 Messallae

221 1172 405 1247 silentium
428 1194 505 1237 narn
527 1173 694 1256 professus
719 1197 753 1239 se
774 1174 987 1240 candidatum
1003 1176 1069 1239 iam
1087 1173 1190 1237 multo
1209 1182 1287 1236 ante
1308 1180 1385 1236 erat

220 1303 281 1345 nec
301 1282 340 1344 de
362 1283 521 1363 petitione
541 1282 709 1346 destitisse
727 1283 862 1362 ‹licitur3
886 1304 992 1367 neque
1010 1282 1170 1345 Manlium
1188 1260 1387 1363 elolpuentiu

220 1389 336 1453 vicisse
360 1395 450 1472 puto,
495 1390 599 1454 Miror
632 1391 748 1472 igitur,
779 1392 901 1454 nerniui
925 1390 1103 1473 placuisse,
1133 1388 1224 1470 quod
1248 1387 1386 1452 codices

221 1496 262 1576 (Β
297 1504 330 1561 et
363 1496 479 1577 Drak.)
516 1497 678 1580 praebent,
719 1499 858 1561 iacuit.
906 1496 1082 1579 Lepidum,
1124 1497 1277 1578 cuiuspet
1319 1496 1388 1560 tioi

220 1605 347 1685 aliquid
369 1607 486 1668 uirium
509 1605 664 1669 habuerit
687 1614 720 1669 et
749 1627 889 1688 quocum
921 1612 1087 1668 certamen
1115 1602 1232 1677 fuerit,
1270 1603 1387 1667 Liuius

221 1712 386 1778 deiectum
409 1734 480 1776 esse
510 1713 603 1785 dicit,
633 1712 822 1777 Messallam
850 1735 915 1777 non
944 1713 1124 1785 deiectum,
1148 1710 1207 1775 scd
1237 1712 1388 1776 iacuisse

220 1815 330 1897 ipsum
352 1839 413 1881 nec
436 1820 504 1883 ulla
526 1841 643 1902 magno
669 1842 768 1903 opere
794 1819 950 1902 suffragia
974 1820 1137 1884 habuisse.

135 1946 208 2015 (432)
313 1923 391 2007 Cap.
416 1932 464 2005 51,
489 1933 506 1989 5
531 1928 585 2009 (de
610 1927 646 2004 Q.
670 1928 788 2000 Fabio,
819 1926 949 1991 flamine
975 1925 1150 2003 Quirinali,
1175 1935 1331 2010 praetore,
1353 1928 1391 1991 in

220 2033 423 2113 provinciam
436 2034 601 2117 proficisci
614 2057 634 2099 a
651 2036 806 2118 pontifice
819 2037 959 2099 inaximo
972 2036 1073 2098 vetito
1092 2042 1126 2098 et
1144 2035 1390 2117 repugnante):

219 2140 381 2220 Religio
406 2142 454 2206 ad
476 2152 724 2224 postremum
747 2145 861 2221 uicit,
884 2149 926 2206 ut
949 2143 1059 2206 dicto
1078 2142 1254 2206 audiens
1275 2150 1392 2207 essct

219 2246 368 2312 flamen
392 2249 604 2330 pontifici;
628 2259 666 2315 et
688 2252 819 2319 multe
842 2253 957 2317 iussu
980 2249 1120 2332 populi
1143 2250 1180 2313 ei
1197 2251 1390 2315 remissa.

220 2356 391 2422 Postrema
412 2358 482 2422 haec
506 2359 561 2441 (et
583 2360 708 2423 multa
727 2360 802 2440 cet.)
823 2360 906 2424 exM
925 2357 1123 2423 recentiores
1142 2358 1390 2436 restitueruut3

220 2465 254 2528 in
276 2465 440 2547 prioribus
464 2474 581 2530 contra
604 2469 747 2531 omnium
778 2467 926 2532 codicum
955 2467 1192 2532 auctoritatem
1219 2468 1393 2532 retinetur

114 2575 120 2586 '
221 2574 387 2655 scriptura
411 2575 509 2637 etiem
528 2576 699 2638 sententia
712 2576 855 2657 graviter
866 2596 994 2638 nocens.
1020 2573 1103 2637 Nam
1121 2573 1206 2638 hoc:
1228 2575 1391 2657 religio

218 2682 333 2758 vicit,
357 2690 398 2745 ut
427 2681 539 2745 dicto
568 2682 738 2747 audiens
767 2690 877 2747 essct
909 2682 1061 2746 flamen
1094 2681 1305 2764 pontifici
1340 2684 1391 2748 sic

221 2789 351 2866 dicitur,
363 2797 531 2869 tamquam
542 2791 613 2871 ipse
626 2788 744 2854 flamen
756 2789 1038 2873 religione'victus‚
1051 2791 1175 2853 omisso
1190 2792 1393 2872 certamine,

219 2896 367 2979 pontifici
391 2899 555 2978 paruerit3
579 2905 613 2961 at
638 2905 787 2962 coactum
805 2920 878 2961 eum
897 2898 1010 2980 populi
1029 2897 1200 2961 voluntate
1218 2906 1255 2961 et
1275 2909 1393 2966 cetera

222 3004 341 3069 docent
364 3011 396 3068 et
420 3004 508 3084 quod
532 3027 607 3068 mox
639 3005 826 3082 subiicitur,
862 3026 934 3068 cunr
965 3005 1014 3068 ira
1043 3012 1164 3085 ereptae
1201 3008 1392 3086 provinciae

219 3121 366 3196 praetura
389 3133 423 3175 se
447 3112 601 3175 abdicare
625 3120 778 3177 conatum
802 3133 884 3176 esse.
931 3112 968 3175 ln
991 3111 1163 3176 codicibus
1187 3115 1280 3178 notis
1306 3117 1391 3180 scri-

219 3221 323 3285 bitur:
348 3221 449 3283 vicit
473 3228 515 3282 ut
539 3219 651 3284 dicto
670 3220 840 3284 audiens
860 3225 973 3283 esset
991 3217 1031 3298 (Β
1050 3222 1204 3300 essent)
1227 3223 1390 3290 flamen

219 3329 412 3412 pontifici
436 3330 592 3403 iussus,
617 3329 649 3389 iu
673 3349 737 3409 quo
758 3329 930 3411 perspicue
947 3329 1033 3392 inest
1050 3327 1094 3403 id,
1114 3328 1203 3409 quod
1223 3331 1392 3398 Gelenius

219 3442 278 3499 aut
308 3457 346 3498 ex
376 3437 489 3499 eadem
513 3435 697 3515 Mcguntini
721 3437 885 3518 scriptura
914 3439 999 3500 eruit
1028 3442 1087 3498 aut
1117 3436 1227 3517 ipsum
1259 3460 1300 3501 ex
1332 3441 1391 3505 illo

220 3544 372 3625 sumpsit:
398 3551 437 3606 et
461 3543 569 3607 dicto
593 3543 761 3607 audiens
786 3565 878 3607 esse
902 3545 1049 3608 flamen
1079 3543 1280 3626 pontifici
1305 3548 1390 3612 ius·

220 3673 305 3728 sus3
330 3651 386 3715 sed
410 3651 506 3715 simul
530 3651 644 3714 additu
668 3672 733 3714 una
755 3651 867 3715 littera
898 3652 1125 3716 scribendum:
1159 3685 1201 3695 —
1240 3653 1390 3720 iussus

219 3766 301 3837 cst3
336 3759 461 3822 multa
494 3760 606 3823 iussu
640 3759 780 3840 populi
810 3766 869 3822 cet.
916 3760 964 3823 Et
998 3759 1142 3823 alienum
1179 3767 1243 3823 est.
1291 3760 1391 3828 Nihil

220 3888 354 3950 prorsus
378 3867 567 3931 offensionis
596 3866 697 3929 habet
726 3868 900 3949 participio
932 3865 1099 3947 (iussus)
1134 3866 1392 3935 substantivum

220 3976 431 4057 coniugatum
463 3977 496 4038 in
530 3975 633 4039 altero
663 3976 833 4039 seutentiae
864 3977 1009 4040 membro
1039 3974 1238 4039 subiect-uni.
1292 3976 1393 4044 Infra

222 4082 252 4165 (ξ
276 4083 309 4163 9)
332 4086 366 4146 in
389 4083 440 4145 his
463 4082 821 4160 verbisgdesierant
850 4085 952 4146 enirn
981 4085 1129 4146 victum
1158 4084 1197 4146 iu
1224 4084 1390 4153 AEtolia

221 4199 399 4255 metuero
424 4191 475 4253 vix
499 4189 643 4253 dubitari
673 4196 796 4271 potest,
825 4191 905 4272 quin
939 4190 1096 4255 exciderit
1129 4211 1268 4273 regem
1292 4192 1389 4274 (vic-

222 4304 303 4361 tum
325 4299 364 4361 in
387 4298 543 4362 AEtolia
564 4318 697 4379 regem
720 4300 910 4378 metuere)
934 4306 991 4363 aut
1014 4296 1279 4380 Antiochum;
1305 4324 1389 4369 nam
