2994 5108
681 480 742 541 723
1123 493 1184 548 Lib.
1203 492 1288 547 XLV.

136 666 294 731 Eumenis
318 664 487 748 fratrem):
511 665 692 730 Attalum
714 685 819 744 vero,
843 667 911 749 qui
934 663 995 748 [sic
1014 667 1099 731 enim
1116 688 1177 750 pro
1200 668 1294 751 quia

136 771 362 857 scribendum]
397 779 519 839 atate
542 773 752 857 proximus
781 774 850 850 sit,
884 775 976 857 quis
1004 795 1082 840 non
1104 797 1176 860 pro
1198 797 1291 861 rege

135 882 314 948 habeat?
343 902 476 966 neque
507 903 551 947 eo
586 880 731 960 solum,
766 881 862 964 quia
893 889 1034 948 tantas
1068 892 1293 967 praesentes

136 992 224 1057 eius
247 1011 342 1074 opes
366 995 523 1070 cernat,
556 989 626 1055 sed
660 988 764 1072 quod
791 990 899 1054 haud
929 990 1172 1075 ambiguum,
1200 1014 1293 1077 pro·

136 1099 298 1183 pediam
321 1104 585 1182 regnaturum
609 1118 706 1177 eum,
730 1096 977 1164 infirmitate
999 1106 1199 1185 aetateque
1221 1100 1293 1165 Eu·

136 1209 262 1274 menis
286 1213 407 1272 esset.
452 1207 514 1272 Hic
537 1206 670 1289 quidem
692 1208 879 1272 necessario
902 1228 963 1290 pro
985 1208 1294 1275 Eumenisesset

137 1314 223 1400 [cod.
249 1351 286 1361 -
311 1313 414 1397 esse]
443 1314 655 1380 scribendum
682 1314 876 1380 Eumenis
905 1315 970 1380 sit.
1021 1314 1051 1398 (ᾖ
1078 1321 1116 1381 15
1140 1316 1293 1383 Dukerus

137 1445 251 1490 verum
272 1424 390 1503 sensit;
412 1429 490 1508 post
510 1423 765 1488 infirmitate
789 1423 925 1487 excidit:
956 1444 1044 1489 esse
1073 1445 1295 1509 passurum

137 1541 196 1598 aut
220 1532 324 1597 simile
348 1531 534 1616 aliquid.)¹)
1352 1517 1353 1520 Ἴ

225 1640 305 1725 Cap.
341 1645 391 1720 21,
425 1647 459 1704 4:
501 1637 577 1704 Sed
610 1645 649 1703 et
687 1644 836 1722 prator
869 1659 969 1703 novo
1004 1638 1190 1722 maloque
1224 1662 1292 1706 ex-

140 1747 271 1831 emplo
293 1770 375 1813 rem
398 1748 611 1830 ingressus
636 1752 734 1825 erat,
759 1744 865 1830 quod
887 1753 980 1811 ante
1003 1768 1079 1812 non
1102 1749 1294 1815 consulto

140 1838 295 1937 senatu,
318 1878 394 1921 non
417 1853 660 1921 consulibus
685 1854 938 1920 certioribus
961 1855 1095 1936 factis,
1118 1891 1162 1902 -
1183 1877 1295 1940 roga·

138 1964 291 2029 tionem
312 1963 450 2029 ferret.
495 1963 623 2028 Livium
646 1962 832 2045 scripsisse:
855 1962 960 2044 quod
983 1984 1060 2028 non
1083 1969 1176 2027 ante
1200 1985 1295 2029 con·

140 2071 248 2138 sulto
276 2079 435 2150 senatu,
471 2073 500 2136 si
529 2092 627 2155 quem
650 2071 814 2135 sententia
836 2091 902 2135 non
926 2070 1024 2135 docet
1047 2070 1103 2154 (-—
1124 2071 1220 2153 longe
1244 2077 1295 2136 est

141 2181 227 2244 enim
251 2177 341 2244 aliud
363 2186 458 2245 ante
480 2201 557 2244 non
580 2178 768 2244 consulto
798 2185 946 2243 senatu
968 2177 1094 2258 ferre,
1125 2179 1181 2244 ubi
1202 2184 1295 2259 ante

139 2289 329 2352 necessario
353 2286 527 2352 adferre
551 2288 710 2369 pertinet,
740 2286 831 2351 aliud
859 2286 965 2351 ferre
988 2309 1065 2351 non
1087 2293 1181 2351 ante
1203 2307 1295 2351 con·

141 2394 251 2462 sulto
275 2402 420 2461 senatu
442 2395 509 2477 —),
534 2394 652 2459 saltem
676 2394 845 2478 anaphora
873 2395 907 2458 in
936 2415 1013 2459 non
1036 2394 1128 2477 (non
1150 2400 1246 2460 ante
1268 2415 1295 2459 c.

142 2524 179 2582 s,
202 2523 279 2567 non
302 2523 405 2569 cons.
431 2524 457 2567 c.
481 2502 518 2584 f.)
542 2502 720 2568 admonere
750 2502 858 2567 debet.
903 2501 1057 2567 Proximo
1079 2522 1174 2567 versu
1196 2489 1297 2567 libra·

140 2611 211 2676 rius
235 2633 296 2695 pro
319 2609 451 2676 ferret
473 2610 630 2675 vellent
654 2611 786 2694 scripsit
808 2609 966 2675 uellent
994 2610 1166 2691 ferrent;
1200 2611 1298 2696 plura

142 2719 270 2803 collegi,
292 2718 344 2784 his
367 2717 542 2797 adiunctis,
566 2718 610 2783 ad
633 2737 659 2781 c.
685 2721 713 2796 3,
738 2722 766 2781 6.

228 2825 309 2910 Cap.
334 2830 384 2906 22,
408 2831 426 2891 5
451 2825 500 2908 (in
521 2823 728 2891 Rhodiorum
762 2845 832 2889 sese
866 2827 1079 2909 purgantium
1111 2828 1146 2891 in
1179 2835 1298 2892 senatu

142 2934 292 3001 Romano
320 2934 501 3015 oratione):
535 2931 650 2998 Certe
684 2931 843 3014 quidem
878 2953 944 2998 vos
978 2934 1079 2998 estis
1112 2934 1296 3013 Romani,

143 3042 212 3125 qui
234 3040 326 3108 ideo
350 3041 497 3108 felicia
519 3040 630 3106 bella
651 3045 792 3105 vestra
815 3060 920 3120 esse,
948 3041 1043 3124 quia
1070 3042 1181 3106 iusta
1203 3042 1296 3121 sint,

141 3170 221 3233 prae
243 3150 357 3216 vobis
379 3150 513 3217 fertis.
560 3147 733 3215 Sententia
754 3147 926 3232 postulare
949 3149 1088 3229 videtur,
1111 3156 1150 3213 ut
1172 3147 1298 3214 scriba·

141 3262 212 3322 tur:
247 3256 368 3323 Certe
401 3257 525 3323 iidem
557 3277 627 3323 vos
661 3257 762 3322 estis
796 3257 979 3336 Romani,
1014 3258 1082 3342 qui
1115 3263 1177 3323 cet.
1229 3256 1298 3323 Nec

143 3371 254 3430 certe
277 3366 434 3448 quidem
456 3364 488 3430 h.
512 3364 533 3429 1.
559 3371 683 3448 aptum.

229 3471 307 3558 Cap.
332 3476 382 3554 23,
406 3477 424 3538 6
449 3472 498 3554 (in
520 3472 636 3538 eadem
659 3470 839 3553 oraticne):
863 3470 1002 3554 Neque
1025 3471 1195 3538 fecimus
1218 3473 1298 3556 igi·

142 3587 212 3647 tur
234 3580 459 3666 quidquam
480 3587 683 3664 tamquam
706 3579 849 3645 hostes
871 3600 1002 3663 neque
1024 3579 1219 3645 bonorum
1242 3601 1299 3647 so-

143 3690 305 3756 ciorum
338 3688 545 3754 defuimus
578 3684 748 3767 officio,
784 3686 856 3752 sed
890 3706 910 3752 a
942 3687 1057 3754 vobis
1090 3685 1299 3772 prohibiti

168 4001 192 4068 ¹)
209 4000 298 4055 Miror
315 4017 382 4056 sane
400 4001 515 4056 iniurias
532 4001 654 4072 populi
670 3999 815 4056 Romani
827 3999 894 4069 (hoc
909 4001 984 4056 enim
997 4000 1101 4056 littcrae
1121 3999 1297 4071 significant:

213 4085 354 4140 iniuriis
371 4104 436 4157 pro
455 4087 640 4155 obnoxios)
653 4086 881 4154 commemorem
899 4103 965 4141 nam
980 4085 1015 4142 de
1028 4086 1184 4159 vicinorum
1200 4103 1301 4158 regum
1419 4098 1423 4105 '

155 4165 159 4172 ’
212 4171 437 4242 populorumque
454 4172 565 4227 iniuriis
582 4173 677 4242 potius
695 4170 878 4242 cogitandum
896 4169 982 4226 fuisse
1005 4171 1126 4227 videtur.
1153 4170 1211 4226 Sed
1227 4189 1300 4241 prc-

213 4256 277 4310 bra
295 4256 471 4325 (verborum
491 4258 530 4312 sio
554 4257 628 4313 enim
646 4257 749 4314 coniici
766 4255 859 4323 video)
879 4273 914 4310 ex
930 4257 1013 4327 requi
1029 4255 1137 4312 viribus
1155 4256 1299 4312 dutrmtis

213 4358 271 4396 non
289 4342 470 4398 timebantur.
507 4342 608 4412 (1864.)

1067 4444 1119 4498 ⁴60
