2994 5108
217 453 279 508 Lib.
297 453 370 507 XXI.
759 440 821 502 256

212 625 377 709 sequendo
401 625 446 710 (p.
470 625 540 708 22),
576 633 726 692 servetur
752 625 904 707 libertas,
939 627 1132 711 superstitio
1161 628 1369 711 excludatur,

211 736 244 799 in
285 734 452 800 nonnullis
492 734 623 817 quidem
656 734 753 813 loeis,
795 740 929 820 propter
962 755 1050 814 eam,
1091 756 1189 818 quam
1222 741 1369 822 exposui,

211 843 354 922 librarii,
394 843 451 927 qui
479 843 681 908 Puteaneum
711 842 861 929 scripsit,
896 841 932 908 in
960 842 1092 909 obiectu
1119 845 1228 911 animo
1257 849 1369 933 specie

212 952 380 1036 sequenda
406 951 590 1032 licentiam,
624 973 691 1017 non
724 952 820 1016 nimis
849 950 986 1035 singulae
1015 952 1134 1018 litterae
1162 963 1368 1038 premantur.
1446 980 1448 985 ·

210 1059 511 1140 Weissenbornius,
547 1061 602 1145 qui
625 1065 731 1126 totum
754 1059 850 1124 huius
873 1058 1006 1125 decadis
1029 1066 1222 1127 contextum
1244 1064 1289 1129 ad
1311 1086 1366 1132 co-

211 1169 292 1235 dicis
320 1168 393 1234 Put.
417 1168 515 1235 fidem
549 1170 657 1253 exegit
685 1175 719 1232 et
746 1166 890 1252 perbene
918 1188 958 1233 ea
986 1189 1022 1234 re
1051 1168 1092 1235 de
1120 1169 1213 1237 Livio
1237 1175 1368 1255 meruit,

211 1277 386 1359 interdurn,
416 1278 515 1343 etiam
537 1279 570 1342 in
594 1276 776 1341 minoribus
799 1282 833 1341 et
854 1275 1039 1343 manifestis
1061 1278 1189 1345 mendis
1210 1301 1273 1346 nec
1294 1283 1369 1347 inu·

210 1387 331 1466 sitatis,
369 1386 466 1451 nimis
505 1384 653 1451 studiose
687 1385 809 1450 codicis
843 1386 1079 1451 auctoritatem
1111 1387 1282 1472 amplexus
1316 1398 1369 1457 est

210 1495 361 1561 adhibita
395 1493 583 1560 contortula
610 1493 884 1577 interpretatione
912 1514 952 1558 ac
980 1493 1168 1561 defensione
1196 1517 1367 1581 compara·

209 1606 318 1686 tisque
341 1602 497 1686 exemplis
521 1601 762 1681 dissimillimis,
796 1600 884 1684 quod
911 1602 1009 1687 quale
1039 1604 1083 1669 sit
1110 1603 1164 1686 (ne
1187 1605 1241 1670 bic
1264 1605 1367 1691 pluri·

211 1712 274 1778 bus
297 1710 464 1793 insecter),
486 1711 628 1794 perspici
651 1709 718 1776 fere
742 1711 867 1795 poterit
889 1731 930 1775 ex
950 1711 999 1791 iis,
1023 1732 1096 1795 quae
1118 1734 1183 1778 uno
1206 1720 1240 1779 et
1261 1714 1367 1782 altero

209 1823 298 1901 loco,
334 1842 435 1904 quum
463 1819 560 1904 qnasi
588 1819 779 1903 preteriens
808 1819 842 1883 in
870 1818 1030 1884 eiusmodi
1060 1822 1209 1904 argutias
1231 1822 1366 1890 incidis·

209 1952 287 2010 sem,
315 1929 484 2008 adnotavi,
512 1935 551 1993 ut
574 1926 617 1992 ad
639 1926 726 2006 XXI,
757 1931 808 2009 44,
831 1931 850 1991 7
874 1926 1216 2012 (vindicaremus),
1240 1934 1291 2012 52,
1317 1936 1366 2013 ll,

209 2037 318 2117 XXII,
350 2042 387 2102 15
412 2038 482 2101 init.
507 2043 541 2101 et
569 2039 624 2115 22,
657 2039 695 2099 18
719 2041 753 2100 et
783 2039 839 2115 30,
868 2040 902 2116 5,
932 2035 974 2100 al.
1029 2035 1116 2102 Nam
1143 2037 1292 2122 alioquin
1321 2040 1367 2106 ad

209 2155 316 2212 meum
345 2145 518 2211 consilium
547 2166 614 2210 non
643 2144 786 2227 pertinet
814 2164 855 2209 ea
882 2145 1051 2229 persequi,
1085 2145 1264 2230 inquibus
1288 2149 1368 2214 sim-

208 2254 340 2339 pliciter
366 2252 569 2319 redeundum
599 2258 658 2317 est·
677 2251 720 2317 ad
751 2253 957 2336 superiorum
987 2251 1143 2335 (Bekkeri
1171 2275 1303 2339 quoque
1332 2264 1368 2323 et

210 2361 401 2448 Kreyssigii)
426 2362 641 2445 scripturam,
675 2366 734 2425 aut
763 2361 830 2425 iam
857 2361 892 2425 in
921 2360 1091 2428 codicibus
1113 2369 1173 2428 aut
1195 2363 1237 2429 ab
1261 2363 1368 2430 edito·
1462 2428 1469 2439 ,

209 2471 301 2535 ribus
325 2477 416 2535 certa
439 2471 640 2536 correctione
663 2477 842 2552 repertam,
870 2470 905 2533 in
927 2468 1026 2534 rebus
1049 2472 1234 2554 prasertim
1255 2474 1368 2556 parvis

210 2584 245 2643 et
265 2578 427 2658 facilibus,
449 2599 510 2642 nec
533 2577 697 2662 explicare
722 2576 850 2644 decrevi
873 2577 996 2658 (uthis
1019 2576 1120 2660 utar),
1145 2600 1244 2663 quam
1265 2601 1371 2665 prave
1439 2560 1445 2570 ,

209 2689 244 2752 in
266 2687 373 2767 XXX,
406 2690 459 2767 16,
490 2690 508 2750 2
531 2685 714 2770 perfectum
737 2685 1050 2770 (reposuerunt),
1079 2687 1112 2751 in
1135 2687 1237 2769 XXX,
1267 2694 1318 2769 24,
1347 2694 1370 2755 2

209 2794 567 2880 plusquamperfectum
618 2794 885 2877 (censuerant)
935 2802 1097 2880 ponatur,
1155 2802 1213 2860 aut
1265 2817 1372 2880 quam

125 2921 195 2988 (210)
212 2928 279 2971 non
302 2905 422 2988 (XXX,
453 2909 487 2983 9,
517 2902 549 2985 2)
579 2901 699 2967 urbes
728 2903 940 2969 subiicere
970 2903 1043 2987 (pro
1074 2903 1279 2988 subigere)
1311 2905 1372 2972 de-

210 3014 364 3080 fendatur
388 3036 442 3091 eo,
478 3011 567 3096 quod
596 3010 706 3076 dativo
736 3011 866 3077 adiecto
896 3011 1018 3077 dicitur
1040 3012 1258 3079 subiectus
1282 3036 1372 3081 ser·

210 3125 325 3203 vitio,
356 3122 572 3187 subiectus
600 3119 781 3202 imperio.
834 3118 912 3185 Haee
935 3126 968 3185 et
991 3120 1127 3201 similia,
1157 3124 1215 3206 qui
1237 3117 1374 3191 Livium

212 3232 310 3297 edent
337 3230 490 3314 posthac,
521 3230 584 3312 ipsi
608 3249 666 3311 per
689 3249 722 3293 se
747 3229 933 3311 expediant.
985 3228 1053 3295 Nos
1077 3229 1120 3297 ad
1142 3237 1259 3296 nostra
1283 3254 1374 3317 prae-

211 3347 388 3405 vertamur.

654 3511 745 3595 un.
779 3511 929 3622 xxi.)

300 3644 378 3729 Cap.
395 3651 421 3725 1,
445 3648 479 3707 2:
504 3651 543 3710 et
565 3645 672 3711 haud
694 3644 856 3728 ignotas
878 3645 978 3711 belli
1002 3652 1114 3712 artes
1136 3647 1246 3712 inter
1269 3669 1376 3732 sese,

215 3754 284 3821 sed
301 3759 490 3837 expertas
508 3753 797 3836 primoPunico
816 3755 1087 3820 conserebant
1103 3754 1221 3822 bello.
1245 3755 1377 3841 Pugna,

214 3871 389 3941 certamen,
417 3882 533 3926 manus
557 3868 782 3941 conseruntur,
813 3884 913 3946 quum
936 3863 1117 3929 adversarii
1139 3865 1228 3930 inter
1251 3885 1288 3930 se
1311 3866 1378 3931 im-

244 4074 269 4139 ¹)
288 4072 355 4140 Qnre
382 4073 412 4125 in
437 4071 516 4125 libris
540 4071 620 4138 XXI,
647 4070 743 4139 XXII,
769 4071 870 4126 XXIII
893 4078 958 4127 ante
981 4090 1005 4127 a.
1027 4075 1093 4127 1854
1115 4074 1310 4142 emendaram,
1341 4092 1378 4130 eo

284 4176 358 4213 anno
390 4176 453 4213 cum
479 4156 654 4225 Ingerslevio
686 4158 903 4226 communicavi,
936 4159 984 4228 qui
1015 4159 1158 4229 plerisque
1189 4159 1219 4213 in
1246 4159 1378 4216 editione

286 4243 429 4312 discipulis
449 4243 589 4296 destinata
607 4243 710 4312 partim
727 4244 758 4296 in
775 4245 836 4313 ipsa
855 4246 992 4313 oratione,
1010 4246 1114 4315 partim
1132 4245 1162 4298 in
1176 4243 1375 4302 adnotationi-

284 4330 337 4383 bus
360 4346 427 4382 usus
452 4333 501 4383 est.
543 4329 586 4383 Ab
609 4328 784 4398 Ingerslevio
803 4329 1048 4385 ll'eissenbornius
1073 4331 1182 4399 aliquot
1203 4348 1282 4386 meas
1307 4349 1378 4388 oon·
