2994 5108
723 510 759 571 ll

160 693 278 761 eodem
301 694 411 778 capite
434 690 451 776 ἓ
477 697 516 757 13
540 692 581 758 de
604 714 640 758 re
663 692 808 775 eadem),
831 715 908 759 nam
931 699 1050 762 omisso
1074 718 1102 758 ιι
1125 719 1165 761 ex
1187 696 1319 761 medin

161 810 276 869 natum
298 807 351 867 est
375 801 515 882 medio,
546 802 776 885 contrarioque
799 824 919 883 errore,
943 804 1056 870 addito
1079 826 1117 886 ιι,
1140 805 1197 884 ΙΙΙ,
1221 809 1270 885 36,
1295 811 1312 868 5
1332 806 1386 874 (10)

162 919 273 978 ortum
303 911 342 975 iu
371 918 519 975 senatu
548 911 678 975 autin
701 910 896 996 populum
920 914 1104 980 misisset
1127 913 1229 997 (quod
1252 921 1319 979 tres

160 1021 212 1086 illi
233 1020 380 1086 editores
402 1019 604 1101 tenuerunt),
633 1019 695 1084 nisi
718 1019 875 1101 quodibi
899 1023 1012 1087 nocuit
1035 1024 1134 1089 etiam
1157 1042 1185 1082 ιι
1207 1022 1320 1086 littera

165 1151 307 1213 sequens
335 1127 388 1209 (ut
413 1127 451 1207 V,
480 1131 536 1207 32,
566 1130 596 1207 3,
626 1125 667 1191 de
695 1148 760 1211 quo
787 1125 861 1191 loco
890 1127 1021 1211 dicam).
1033 1129 1057 1211 ¹)
1112 1131 1248 1210 Verum,
1282 1137 1320 1195 ut

161 1239 245 1318 dixi,
289 1237 352 1302 hoc
390 1234 500 1300 mendi
538 1254 657 1320 genere
695 1236 862 1325 sententia
899 1234 968 1303 fere
1007 1260 1073 1304 non
1107 1238 1319 1316 obscuratum

160 1347 294 1432 gravius
317 1344 459 1410 alterum
481 1350 534 1409 est
555 1365 668 1428 genus,
692 1341 781 1426 quod
803 1344 837 1408 in
859 1344 942 1409 Livii
960 1346 1111 1412 codicum
1128 1346 1318 1430 archetypo,

161 1462 199 1521 ut
230 1456 266 1520 in
294 1454 368 1519 aliis
398 1451 566 1519 codicibus
594 1452 739 1534 antiquis
769 1451 882 1533 (etiam
912 1453 1049 1535 Graecis)
1077 1454 1144 1520 late
1173 1455 1319 1537 patuisse

161 1562 360 1648 significavi,
390 1568 428 1625 ut
449 1581 545 1626 voces
568 1580 661 1640 casu,
690 1580 824 1642 genere,
853 1581 989 1628 numero
1013 1585 1113 1647 prave
1136 1584 1318 1628 accommo-

160 1673 324 1738 darentur
352 1669 395 1734 ad
421 1669 561 1749 vicinas,
597 1668 686 1753 quod
713 1676 772 1734 aut
799 1668 955 1735 librarius
978 1691 1033 1736 eas
1057 1672 1219 1737 cumillis
1243 1693 1319 1737 oon-

161 1783 295 1846 iunctas
340 1784 475 1863 putaret
516 1784 574 1842 aut
615 1776 732 1842 saltem
773 1777 912 1843 obscure
944 1780 979 1843 in
1013 1781 1122 1845 animo
1157 1780 1320 1844 calamum

119 1872 123 1881 ¹
160 1889 294 1973 regenti
331 1886 473 1951 haereret
511 1884 624 1950 forma
661 1887 883 1967 grammaticae
922 1889 1069 1971 proxime
1103 1888 1320 1973 praecedentis

161 1997 323 2064 memoria
352 1995 538 2079 proximare
567 1994 735 2076 sequentis
759 1995 918 2078 cogitatio
942 1997 1186 2080 preciperetur.
1239 1994 1319 2078 [cfr.

163 2106 245 2171 Adv.
263 2103 388 2183 Critl,
412 2106 451 2166 52
471 2100 556 2185 sqq.]
590 2102 697 2167 Huius
719 2103 848 2186 generis
871 2124 889 2169 e
912 2103 999 2168 libro
1021 2105 1121 2169 tertio
1144 2112 1178 2169 et
1200 2109 1319 2188 quarto

163 2213 316 2298 exempla
338 2210 408 2276 haec
431 2216 523 2275 sunt:
546 2210 604 2290 III,
625 2215 654 2290 6,
675 2215 694 2275 3
712 2231 758 2276 ea
780 2203 1018 2277 colluvione
1042 2212 1115 2297 (pro
1139 2212 1320 2277 colluvio

161 2328 299 2408 propter
324 2324 500 2402 sequentes
523 2318 716 2401 ablativos),
747 2324 776 2400 9,
809 2323 847 2384 10
870 2342 948 2385 non
972 2319 1080 2386 illud
1103 2320 1320 2386 consulare

160 2431 376 2515 imperium
404 2428 496 2509 (uon
523 2426 666 2509 illum),
703 2432 757 2508 13,
787 2432 806 2492 8
835 2426 958 2494 vades
987 2428 1180 2512 publicos
1208 2428 1322 2494 dedit

164 2539 350 2624 (publico
379 2541 470 2601 recte
496 2535 680 2601 Gronovius
707 2538 837 2602 restitui
865 2535 984 2616 voluit3
1015 2537 1172 2621 publici
1200 2536 1322 2603 rades

163 2652 277 2712 essent
298 2667 319 2710 a
340 2644 463 2729 populo
486 2643 572 2724 dati,
600 2665 666 2709 non
689 2644 835 2729 populo),
867 2649 914 2724 18,
945 2648 963 2708 3
987 2645 1231 2712 demerendo
1254 2645 1323 2710 be·

163 2754 318 2821 uesicio
342 2752 620 2834 (demerendi),
651 2756 701 2833 34,
733 2757 752 2816 6
775 2754 824 2818 ad
845 2774 1029 2819 rumores
1052 2753 1254 2819 hominum
1277 2753 1323 2819 de

164 2883 410 2946 unoquoque
438 2860 575 2943 legum
603 2862 743 2945 capite
773 2861 883 2927 edito
914 2861 1064 2944 (editos
1087 2861 1241 2927 Dukerus
1271 2883 1323 2928 re-

163 2972 259 3038 stitui
288 2971 360 3035 iure
387 2969 507 3050 voluit;
540 2971 654 3036 nocuit
680 2970 823 3036 fortasse
852 2971 952 3035 etiam
980 2990 1121 3052 sequeus
1149 2970 1322 3052 litteras),

164 3084 219 3161 40,
247 3083 266 3144 7
290 3097 554 3162 quoscunque
576 3079 845 3162 magistratus
868 3076 1165 3161 (quodcunque,
1195 3077 1323 3160 dequo

165 3189 241 3256 loco
264 3207 413 3253 seorsum
435 3184 567 3268 dicam),
595 3186 661 3251 ibd.
688 3191 724 3251 11
750 3186 796 3251 de
820 3209 864 3252 eo
887 3208 964 3272 quo
987 3186 1179 3251 Valerius
1201 3186 1323 3252 Hora·

164 3298 340 3379 tiusque
372 3328 417 3340 -
449 3294 693 3360 insimulent
732 3294 793 3376 (de
832 3316 893 3375 eo,
934 3295 1057 3377 quod3
1098 3315 1235 3378 pravum
1267 3291 1324 3358 Al·

162 3403 358 3484 schefskius,
377 3402 672 3481 Weissenbornius,
691 3403 846 3468 Hertzius
864 3405 969 3469 secuti
987 3404 1087 3486 sunt),
1107 3407 1157 3481 50,
1176 3402 1324 3485 6(filiae

198 3624 217 3690 ¹)
236 3623 278 3677 De
297 3622 395 3676 eodem
413 3622 516 3678 erroris
534 3639 639 3693 genere
658 3623 687 3678 in
705 3623 803 3679 codice
822 3622 940 3678 Puteani
959 3629 988 3678 et
1004 3624 1091 3678 tertia
1109 3624 1214 3679 decade
1233 3625 1325 3679 dicam

235 3707 361 3763 breviter
379 3707 415 3772 ad
431 3707 533 3775 XXIII,
555 3711 581 3775 8,
605 3710 629 3763 3.
672 3707 738 3764 Non
754 3724 828 3778 nego
845 3708 906 3762 fleri
924 3709 1064 3778 potuisse,
1086 3714 1120 3763 ut
1135 3707 1218 3764 Livio
1236 3710 1323 3763 semel

238 3793 379 3848 iterumve
393 3793 446 3847 sub
460 3811 579 3849 acumen
593 3794 651 3849 stili
667 3794 777 3850 venerit
793 3795 829 3848 in
845 3798 1065 3864 potestatem,
1083 3793 1118 3849 in
1136 3795 1325 3849 amicitiam

237 3877 386 3933 alicuius
405 3895 494 3946 esae3
512 3884 542 3934 at
558 3883 655 3935 taurim
672 3879 735 3936 haeo
752 3880 842 3934 multo
861 3880 967 3935 rectius
986 3897 1021 3934 ex
1040 3880 1164 3949 antiquis
1179 3879 1324 3934 codicibus

238 3964 367 4019 adnotari
384 3981 470 4033 qnam
487 3966 517 4020 in
535 3972 697 4021 nostrarum
716 3964 872 4020 editionum
890 3970 1023 4020 contextu
1038 3982 1096 4020 nno
1110 3970 1138 4021 et
1155 3965 1246 4020 altero
1260 3964 1325 4020 loco

237 4049 307 4120 poni
326 4054 413 4120 puto,
439 4050 553 4120 quando
577 4049 690 4121 quidem
713 4050 743 4105 in
766 4051 895 4121 pluribus
913 4052 985 4106 locis
1001 4051 1154 4106 retinemus
1172 4050 1206 4106 in
1224 4054 1323 4121 pote·

238 4141 339 4191 stata.
380 4134 475 4191 Godcx
496 4135 611 4205 quidam
629 4135 775 4192 Mediccus
797 4138 882 4208 longa
900 4138 1004 4206 caspius
1023 4153 1106 4206 quam
1126 4137 1225 4204 ceteri,
1249 4137 1325 4205 quod

238 4221 353 4290 quidem
371 4226 491 4289 constet,
510 4237 533 4274 ιι
551 4239 637 4292 prave
655 4222 783 4276 additum
801 4223 895 4289 habet,
914 4240 949 4278 ax
967 4239 1023 4292 quo
1042 4239 1098 4276 uno
1117 4239 1179 4291 quas
1196 4227 1325 4276 monstra

238 4305 433 4362 Alschefskius
454 4307 484 4362 iu
504 4307 579 4362 Livii
602 4308 758 4363 ontionem
780 4307 908 4363 intulerit
931 4309 1019 4377 (velut
1035 4308 1115 4376 VIII,
1146 4310 1185 4375 la,
1212 4309 1324 4377 bpar-

240 4393 326 4447 tium
343 4392 378 4447 in
396 4409 463 4447 rem
481 4393 658 4463 publicam
676 4392 861 4462 memores),
879 4393 968 4464 pudet
985 4394 1088 4449 dicere.
