3000 5116
684 524 744 584 547
1055 535 1117 591 Lib.
1137 535 1292 590 XXXVIII.

136 709 209 774 Hoc
233 709 458 774 animadverso
484 710 693 791 intellegitur,
718 732 789 795 pro
813 710 969 773 viribus
994 730 1031 772 eo
1056 710 1236 792 pertinere,
1259 714 1296 771 ut

137 838 203 882 non
226 818 313 881 idem
336 817 379 881 ab
403 818 556 881 omnibus
587 825 747 900 quattuor
775 818 905 901 populis
934 827 1089 881 numerus
1118 816 1214 879 datus
1243 817 1296 892 sit,

139 926 319 1007 eodemque
342 933 492 1008 spectare
512 927 673 990 vicenos
686 932 820 988 11111911,
855 926 971 1007 ltaque
992 925 1034 989 ad
1053 925 1139 987 hano
1157 923 1295 986 formam

138 1034 251 1099 Livius
267 1034 468 1117 scripserat:
493 1031 665 1097 Obsides
688 1034 781 1097 inde
805 1035 1028 1116 imperatos
1048 1053 1118 1114 pro
1142 1029 1296 1093 viribus

140 1143 287 1224 inopes
309 1139 468 1223 populi,
492 1141 748 1220 quadraginta
771 1140 954 1215 1111111191,
977 1141 1140 1203 vicenos
1164 1144 1298 1201 autem

141 1247 283 1312 Cranii
317 1253 355 1311 et
387 1248 582 1312 Palenses
617 1255 656 1312 et
690 1248 829 1313 Samaei
867 1248 1076 1311 dederunt.
1127 1244 1300 1309 Aberravit

140 1355 267 1419 librarii
291 1354 405 1419 oculus
429 1375 450 1418 a
471 1357 579 1438 priore
602 1377 737 1421 numero
761 1357 803 1420 ad
821 1357 970 1420 alterum.
1005 1354 1185 1418 Numerum
1203 1353 1292 1435 prio·
1309 1358 1384 1428 (444)

141 1485 212 1528 rem
246 1465 406 1526 incertum
436 1484 506 1526 esse
537 1472 676 1546 apparet
699 1464 781 1543 (XL,
805 1464 905 1542 XXX,
936 1462 997 1543 X),
1026 1482 1086 1525 neo
1113 1461 1221 1524 minus
1249 1460 1298 1522 in-

142 1576 269 1635 certum
297 1577 357 1648 est,
374 1570 407 1634 in
426 1571 573 1634 codicum
594 1573 758 1653 scriptura
781 1572 985 1636 Grannoni
1009 1570 1178 1633 lateantne
1209 1566 1299 1630 Cra-

143 1679 202 1742 nii
226 1698 267 1741 an
296 1677 496 1755 Pronnaei,
521 1688 559 1741 ut
586 1681 691 1761 primo
725 1681 797 1744 loco
828 1678 938 1743 Cranii
973 1677 1132 1742 nominati
1167 1675 1297 1739 fuerint.

142 1785 385 1866 (Dederunt,
419 1792 457 1849 ut
489 1786 594 1849 multa
627 1788 659 1849 in
689 1785 726 1864 B,
749 1786 874 1851 librarii
906 1785 1112 1868 neglegentia
1142 1785 1299 1848 omissum

142 1892 282 1957 videtur.
327 1893 481 1977 Alioquin
505 1901 637 1978 poterat
660 1895 775 1958 scribi:
799 1894 857 1958 XL
875 1895 1063 1958 Pronnaei
1087 1891 1299 1968 dederunt,

142 2002 314 2065 vicenos
340 2007 476 2065 autem
500 2001 576 2082 cet.)

233 2106 311 2191 Cap.
327 2112 375 2187 38,
390 2113 419 2172 8.
444 2107 522 2185 Quae
535 2111 567 2172 in
584 2108 715 2173 foedere
733 2131 806 2173 oum
819 2109 979 2173 Antiocho
994 2109 1032 2172 de
1045 2109 1176 2172 navium
1187 2128 1299 2171 nume·

143 2237 192 2293 ro,
217 2238 314 2298 quem
337 2216 459 2281 habere
481 2219 551 2298 regi
573 2216 697 2295 liceret,
722 2219 845 2300 99111119
863 2223 965 2294 erant,
991 2223 1079 2279 eset
1099 2215 1186 2298 apud
1205 2215 1300 2297 Poly·

145 2323 238 2387 bium
269 2322 464 2405 (11111126)
495 2331 528 2388 et
557 2325 795 2408 9119111111111111
825 2331 981 2406 corrupta
1004 2329 1037 2386 et
1061 2322 1197 2386 confusa
1219 2343 1300 2400 esse,

146 2432 277 2495 etiamsi
300 2431 393 2496 nulla
415 2433 586 2513 utriusque
610 2434 780 2515 scriptoris
809 2432 1013 2515 comparatio
1043 2429 1117 2507 1191,
1141 2430 1237 2494 199119
1261 2451 1300 2493 ex

145 2537 220 2621 ipsa
243 2559 278 2602 re
302 2546 334 2602 et
356 2539 463 2603 verbis
480 2547 659 2622 appareat,
684 2540 833 2605 adhibita
851 2547 961 2603 autem
980 2541 1038 2604 illa
1056 2539 1301 2622 comparatione

145 2645 352 2710 manifestius
369 2646 424 2725 fit;
437 2668 501 2727 quo
520 2668 620 2728 quum
640 2649 777 2712 accedat
794 2649 827 2711 in
846 2648 1021 2730 generibus
1039 2647 1170 2711 navium
1188 2644 1301 2729 appel·
1333 2637 1334 2640 '

145 2739 390 2836 lationibusquo
410 2754 618 2834 ambiguitas,
632 2755 793 2837 equidem,
812 2777 919 2838 neque
936 2756 1013 2836 quid
1026 2755 1181 2838 Polybius
1193 2774 1299 2836 neque

146 2859 226 2944 quid
250 2860 362 2924 Livius
386 2863 570 2944 scripserit,
595 2884 655 2944 pro
679 2869 769 2927 certo
793 2863 933 2927 inveniri
955 2884 1051 2945 posse
1075 2869 1171 2944 puto;
1201 2862 1301 2924 attin·

145 2988 221 3050 gam
244 2975 357 3055 tamen
387 2969 499 3049 aliqua
523 2990 561 3032 ex
585 2976 679 3051 parte
701 2969 788 3034 hunc
815 2971 933 3049 locum,
958 2990 1095 3053 quaeque
1124 2969 1203 3032 mihi
1225 2989 1300 3052 pro·

145 3074 271 3139 habilia
293 3075 482 3154 videantur,
513 3076 656 3140 breviter
687 3077 803 3141 dicam.
849 3078 993 3141 Primum
1017 3078 1106 3161 apud
1128 3076 1300 3159 Polybium

145 3182 323 3247 manifesto
349 3190 503 3266 corrupta
532 3191 608 3248 sunt
636 3184 708 3247 illa:
742 3192 809 3264 μηδὲ
830 3193 1065 3266 τριακοντάκωπον
1087 3193 1168 3260 ἐχέτω
1191 3191 1299 3246 ἐλαυνό-

144 3317 234 3371 μενον,
257 3291 291 3353 in
313 3291 432 3373 quibus
455 3312 587 3375 prorsus
605 3291 752 3356 abundat
769 3293 989 3376 participium,
1014 3313 1181 3375 quumque
1199 3292 1300 3355 maio-

145 3419 220 3463 rum
242 3400 375 3463 navium
399 3398 465 3480 (τῶν
487 3400 694 3480 καταφράκτων)
719 3402 856 3482 exiguus
874 3401 928 3465 ille
947 3401 1088 3484 quidem,
1113 3399 1169 3463 sed
1188 3406 1299 3464 tamen

146 3504 266 3587 aliquis
288 3527 445 3571 numerus
468 3508 538 3589 regi
562 3506 770 3586 concedatur,
795 3509 959 3573 minorum
980 3509 1186 3591 possessione
1209 3529 1301 3590 pror-

146 3629 203 3677 sus
226 3613 256 3677 ei
289 3613 453 3679 indicitur.
498 3614 613 3696 Neque
641 3614 720 3678 ferri
743 3622 855 3698 potest
876 3623 944 3695 μηδὲ
965 3625 1040 3680 ante
1065 3624 1184 3696 πολέμου
1208 3621 1301 3687 11919,

148 3719 236 3804 quod
258 3722 305 3785 sic
328 3721 456 3801 dieitur,
479 3723 574 3804 quasi
597 3723 668 3787 eius
691 3723 770 3786 belli
793 3743 902 3802 causa,
926 3723 1015 3807 quod
1032 3725 1102 3807 ipse
1119 3723 1300 3787 Antiochus

146 3828 222 3893 aliis
245 3828 398 3894 illaturus
421 3830 473 3909 sit,
496 3830 570 3913 plus
600 3830 734 3895 concedi
763 3852 893 3913 aequum
916 3832 974 3911 sit,
1008 3853 1084 3895 nam
1111 3830 1301 3895 huiusmodi

146 3936 245 4000 bellis
268 3937 479 4002 interdictum
502 3939 572 4021 regi
600 3937 717 4018 fuisse,
740 3938 839 4022 paulo
868 3945 977 4003 autem
1006 3941 1176 4016 maiorem,
1206 3939 1234 4001 si
1257 3937 1299 4001 ab

104 4088 109 4097 ·
146 4042 221 4108 aliis
245 4044 315 4127 ipse
337 4053 599 4128 oppugnaretur,
633 4046 819 4110 libertatem
849 4052 881 4110 et
902 4048 1060 4111 maiorem
1087 4048 1217 4111 navium
1240 4069 1300 4109 nu-

145 4172 274 4215 merum
308 4173 500 4218 concessum
529 4174 614 4233 esse,
644 4160 676 4217 91
703 4161 825 4218 natura
852 4156 900 4218 rei
923 4154 1070 4219 declarat
1093 4162 1125 4218 et
1148 4156 1299 4237 Appiani,

146 4257 216 4323 11999
241 4260 274 4322 111
298 4259 427 4323 brevius
451 4261 686 4340 contrahentis,
710 4263 932 4325 testimonium
956 4261 1039 4345 (Syr.
1065 4262 1118 4343 39)
1143 4269 1176 4326 91
1198 4263 1300 4345 ipsius

143 4365 239 4430 Liuii.
285 4366 380 4449 Apud
402 4367 530 4432 Livium
552 4375 662 4433 autem
691 4368 758 4448 (ut,
788 4369 909 4433 omissa
937 4375 1122 4434 ceterorum
1151 4371 1300 4435 codicum

1019 4487 1069 4540 311*
