3000 5116
686 478 747 539 441
1129 489 1192 544 Lib.
1210 489 1296 545 XXX.

136 659 203 744 ipsi
225 658 372 726 editores
394 660 428 725 in
451 681 491 726 ea
512 661 718 746 expedienda
739 661 830 727 nullo
854 660 951 727 modo
975 660 1039 726 sibi
1057 660 1296 727 satisfecerant.

140 766 279 834 Ostendi
306 768 389 849 illio,
425 775 460 835 et
492 790 532 834 ex
563 770 620 848 iis,
655 790 727 852 quae
756 769 965 853 praecedunt,
1000 775 1034 834 et
1062 790 1102 834 ex
1129 769 1187 849 iis,
1222 790 1296 851 quae

138 881 326 961 sequuntur
369 876 499 959 (nulla
538 867 679 961 magua
718 878 868 943 civitas
909 876 1001 960 cet),
1048 877 1295 961 apertissimum

139 1004 223 1063 esse,
250 983 471 1050 Hannibalem
495 1008 561 1053 non
585 985 626 1051 de
649 985 741 1051 odio
764 985 865 1067 loqui,
889 986 947 1051 sed
970 986 1011 1051 de
1037 986 1130 1063 otio,
1154 991 1187 1049 et
1209 984 1295 1049 hano

139 1112 210 1158 ease
239 1093 450 1174 sententiam,
478 1092 565 1159 falsa
593 1100 627 1159 et
648 1094 738 1158 inani
762 1094 998 1159 consolationis
1021 1095 1130 1176 specie
1152 1092 1237 1172 ludi,
1267 1093 1295 1157 si

138 1201 196 1284 qui
222 1199 282 1265 illa
304 1221 472 1266 armorum
493 1202 692 1286 naviumque
716 1201 925 1285 ademptione
949 1208 982 1266 et
1003 1202 1167 1267 bellorum
1189 1201 1290 1267 inter·
1309 1214 1328 1283 lt

140 1306 283 1374 dictione
317 1309 387 1375 otio
420 1329 478 1374 suo
512 1310 700 1375 consultum
733 1314 905 1394 putarent,
939 1332 999 1393 pro
1034 1310 1177 1374 externis
1211 1311 1296 1374 enim

107 1414 235 1482 .belli's
268 1417 417 1483 internas
451 1417 567 1483 turbas
597 1419 768 1483 saevituras
797 1439 880 1483 esse.
937 1417 1056 1502 Itaque
1085 1416 1296 1482 scribendum

139 1543 211 1589 esse
238 1524 322 1589 dixi:
355 1545 430 1590 nec
462 1531 540 1605 est,
575 1546 643 1590 cur
678 1547 746 1590 vos
783 1526 869 1591 otio
898 1531 1036 1590 vestro
1066 1526 1296 1590 consultum

138 1630 186 1697 ab
220 1631 413 1698 Romanis
446 1633 642 1699 credatis.
704 1633 751 1698 Ac
784 1632 1087 1712 Weissenbornius,
1127 1654 1226 1715 quum
1262 1635 1295 1697 in

138 1739 283 1805 editione
305 1740 536 1806 Teubneriana
564 1741 768 1825 scripsisset,
806 1739 927 1821 ,idem‚
962 1741 1050 1823 quod
1080 1762 1139 1824 ego
1168 1741 1295 1820 vellem,

138 1847 288 1913 codicum
326 1848 469 1914 lectione
502 1851 626 1914 maiore
662 1850 762 1915 etiam
796 1849 827 1912 vi
861 1848 1019 1912 indicari“
1058 1848 1160 1930 (quod
1195 1849 1295 1933 quale

137 1957 194 2035 sit,
222 1976 265 2020 ne
291 1978 350 2040 per
378 1955 528 2022 umbram
557 1957 690 2040 quidem
712 1955 897 2038 intellego),
927 1964 1044 2039 postea
1067 1956 1188 2021 edidit:
1223 1977 1296 2021 nec

138 2084 262 2128 causa
290 2070 368 2143 est,
396 2085 467 2129 cur
494 2086 564 2130 vos
593 2065 679 2130 otio
702 2071 843 2129 vestro
868 2085 894 2128 c.
919 2085 939 2128 a
961 2065 999 2129 R.
1024 2085 1066 2143 c.,
1097 2063 1228 2129 adiecto
1252 2065 1294 2129 ad

137 2191 244 2237 meam
277 2171 540 2238 emendationem
573 2172 736 2238 vocabulo
766 2193 907 2251 causa,
943 2171 1059 2251 crede,
1092 2179 1129 2236 ut
1157 2174 1296 2257 propius

137 2278 312 2345 accederet
345 2279 388 2345 ad
420 2301 588 2345 necesse
622 2287 700 2360 est3
740 2301 800 2361 ego
834 2280 897 2344 hoc
930 2301 1033 2364 prava
1066 2282 1295 2346 coniunctione

138 2386 323 2468 (uecest),
362 2386 438 2452 dein
477 2389 699 2469 geminatione
733 2388 920 2453 litterarum
954 2396 1064 2453 ortum
1098 2410 1170 2454 esse
1205 2396 1295 2473 puta,

137 2494 414 2578 quemadmodum
437 2517 463 2561 c.
487 2500 544 2575 21,
573 2501 607 2576 9,
642 2510 741 2578 quum
771 2518 811 2561 ex
840 2516 911 2560 nec
939 2518 1026 2561 esse
1055 2495 1180 2561 lactum
1209 2503 1296 2562 esset

137 2623 323 2684 necesse,
351 2602 502 2668 additum
524 2610 576 2669 est
597 2603 686 2669 fuit.
738 2604 802 2669 Sed
826 2598 936 2669 tamen
960 2606 1043 2669 adeo
1067 2627 1134 2671 non
1158 2604 1296 2670 firmiter

138 2709 425 2777 Weissenbornius
452 2733 566 2778 verum
588 2714 710 2791 tenuit,
740 2719 791 2790 ut,
819 2712 970 2796 relapsus
998 2711 1040 2776 ad
1065 2712 1209 2791 odium,
1242 2713 1295 2777 Li·

137 2819 225 2883 vium
248 2817 390 2885 fortasse
413 2820 583 2903 scripsisse
602 2821 841 2903 suspicaretur:
866 2841 937 2885 nec
960 2841 1083 2885 causa
1106 2828 1176 2900 est,
1202 2822 1295 2905 quin

138 2927 242 2993 odio.
282 2925 370 3004 Quid
392 2928 456 2992 erit
478 2929 579 3012 igitur
601 2928 673 3007 lroc,
696 2929 897 2993 Romanos
921 2927 1178 2992 consuluisse
1202 2927 1295 2992 odio

139 3033 568 3118 Carthaginiensium?

226 3141 307 3228 (lap.
331 3147 389 3223 45,
427 3147 446 3205 ⁷
477 3143 653 3209 edebatur:
688 3164 942 3228 nequaquam
970 3143 1148 3207 victoria
1175 3163 1295 3226 pares

142 3249 318 3332 (homines)
347 3251 531 3335 insignes
561 3253 780 3335 imaginum
809 3250 959 3316 titulos
988 3250 1185 3334 claraque
1209 3272 1295 3334 cog-

141 3360 300 3425 nomine
321 3358 490 3424 familiae
511 3359 659 3424 fecere.
699 3358 982 3424 Weissenbornius
1006 3380 1023 3422 e
1046 3358 1160 3425 Bamb.
1184 3360 1296 3443 posuit

142 3469 297 3533 nomina
324 3467 491 3533 familiae
519 3468 749 3552 liquerunt,
784 3466 885 3532 verbo
915 3467 1045 3550 poetico
1069 3474 1103 3532 et
1125 3468 1295 3545 inusitato,

145 3594 203 3657 quo
216 3576 329 3641 Livius
346 3576 492 3640 omnium
509 3576 642 3640 minime
653 3574 773 3640 librum
786 3574 1035 3654 conclusissset3
1047 3576 1156 3658 agitur
1168 3575 1207 3640 de
1221 3596 1297 3659 cog-

144 3683 336 3764 nominibus,
358 3703 424 3747 uon
447 3682 488 3748 de
510 3683 706 3748 nominibus
741 3682 821 3746 Pall.
849 3687 863 3746 l
888 3686 922 3747 et
945 3687 963 3747 2
987 3684 1225 3765 cognomina
1243 3684 1302 3747 fa··

146 3791 258 3857 miliae
283 3790 533 3872 habuerunt3
558 3790 765 3856 Golbertinus
787 3792 1026 3873 cognomina
1044 3790 1296 3855 familiarum

148 3960 368 3979 Q--n—

207 4070 290 4137 tasit,
309 4069 389 4124 odio
408 4068 753 4138 Carthaginiensium
772 4070 955 4124 consulere
973 4086 1045 4123 esse:
1064 4069 1094 4122 id
1112 4073 1246 4136 spectare,
1264 4076 1297 4124 ut

207 4155 455 4226 Carthaginienses
475 4155 548 4210 odiis
565 4157 708 4211 intestinis
726 4174 756 4210 se
776 4153 927 4211 conficiant
945 4160 974 4209 et
988 4154 1117 4223 perdant,
1136 4158 1165 4206 et
1182 4170 1296 4209 necesse

207 4258 275 4311 esse,
295 4241 543 4310 Carthaginienses
562 4241 688 4309 credant,
707 4242 762 4296 hoc
780 4242 921 4296 Romanos
939 4238 1019 4292 velle.
