2994 5108
220 509 281 564 Lib.
300 507 388 562 XXII.
770 493 832 553 308

220 682 366 764 proxime
396 679 547 745 codicum
571 677 723 759 vestigia3
752 698 829 741 nam
857 677 892 740 in
914 674 939 738 P
963 697 983 739 a
1005 696 1105 740 manu
1127 698 1176 760 pr.
1201 681 1252 742 est
1274 697 1382 762 soepe

220 787 488 870 consiliaequa
522 784 677 859 fronte,
712 805 732 849 a
766 806 866 850 manu
901 803 964 848 sec.
994 803 1012 845 ο
1041 805 1145 867 supra
1171 803 1195 846 a
1224 784 1383 868 positum,

219 896 296 961 inde
324 895 357 959 in
388 895 509 959 ceteris
538 893 635 958 bonis
665 889 849 971 (calcant.)
879 891 1000 974 quique
1029 892 1070 957 iis
1099 892 1131 957 h.
1155 893 1175 956 l.
1200 891 1382 974 adhaerent,

221 1024 324 1088 saepe
348 1002 624 1084 consilioque,
647 1000 710 1064 hoc
734 1006 799 1063 est:
835 998 966 1063 conisi
991 998 1177 1082 obliqua3
1207 999 1384 1066 intercidit

220 1132 286 1176 una
312 1110 426 1175 littera
454 1110 482 1173 b.
545 1108 663 1173 Paucis
699 1112 776 1189 post
803 1106 911 1171 verbis
941 1114 1030 1170 recte
1061 1107 1247 1173 Gronovius
1277 1107 1379 1173 scribi

220 1218 326 1283 voluit
341 1218 538 1282 institere
556 1236 617 1298 pro
635 1215 847 1293 insistere;
871 1213 1049 1279 infinitivus
1072 1215 1249 1280 historicus
1265 1215 1301 1280 in
1317 1214 1382 1281 hac

135 1341 207 1408 (252)
227 1327 312 1394 serie
336 1325 547 1409 (impulere
571 1359 613 1367 —
630 1323 826 1387 insistere
842 1357 886 1366 —
903 1343 948 1403 ac
970 1329 1115 1387 tenore
1137 1344 1216 1387 uno
1233 1358 1278 1368 -·
1294 1344 1382 1406 per·

221 1432 431 1514 venerunt)
461 1433 571 1498 locum
599 1452 664 1496 non
694 1430 811 1508 habet,
845 1451 904 1494 nec
933 1429 1036 1513 (quod
1066 1432 1174 1514 ipsum
1196 1430 1281 1496 illud
1303 1452 1381 1497 uno

220 1547 363 1606 tenore
403 1540 561 1620 ostendit)
601 1538 799 1603 describitur
839 1543 945 1603 status
984 1559 1101 1621 pugnae
1136 1539 1382 1622 aliquantisper

221 1648 337 1714 eodem
358 1649 433 1714 loco
456 1668 601 1712 manens.
647 1647 864 1728 Peruagatum
888 1652 938 1711 est
959 1645 1022 1710 hoc
1044 1647 1077 1709 in
1101 1645 1185 1711 Livii
1208 1646 1381 1712 codicibus

222 1756 334 1821 mendi
356 1778 459 1839 genus
483 1756 516 1819 in
540 1757 599 1820 ire
623 1761 656 1819 et
678 1755 773 1833 iere,
797 1762 865 1818 tum
889 1755 1133 1837 incompositis
1151 1753 1243 1820 verbi
1266 1760 1381 1821 stare

220 1864 467 1945 (consistere
491 1885 551 1947 pro
574 1864 810 1940 constitere,
833 1868 870 1927 ut
892 1861 933 1939 ΙΙ,
958 1865 1008 1936 30,
1035 1861 1098 1943 11).

306 1969 484 2055 *Cap-49,
518 1975 572 2036 12:
608 1971 698 2036 Haec
727 1972 936 2052 exigentes
966 1970 1016 2049 (L.
1039 1969 1211 2035 AEmilium
1238 1969 1382 2036 Paulum

220 2085 254 2144 et
292 2077 349 2144 Gn.
383 2079 573 2161 Lentulum)
615 2080 730 2162 prius
768 2078 891 2143 turba
929 2077 1181 2160 fugientium
1221 2079 1382 2160 civium,

221 2187 368 2252 deinde
391 2187 529 2254 hostes
553 2207 805 2271 oppressere.
839 2184 930 2249 Nihil
951 2186 1038 2250 inter
1055 2185 1223 2271 AEmilium
1245 2187 1382 2253 etLon·

219 2295 326 2358 tulum
348 2295 553 2379 exigebatur,
583 2295 645 2359 hoc
668 2300 734 2372 est,
764 2292 1024 2372 examinabatur,
1054 2313 1153 2375 quam
1175 2299 1267 2359 esset
1288 2301 1382 2360 recto

220 2401 358 2480 factum,
388 2403 519 2467 codices
542 2402 617 2484 (PM
640 2400 711 2482 alii)
734 2401 858 2466 habent
881 2400 961 2465 haec
984 2403 1216 2483 exagentis,
1246 2422 1288 2466 ex
1311 2423 1381 2487 quo

220 2508 273 2573 fit:
306 2509 395 2574 Haec
419 2529 485 2575 eos
508 2511 681 2593 agentis.
734 2507 1034 2590 (Weissenbornius
1050 2531 1117 2594 suo
1142 2510 1276 2575 nomine
1298 2509 1381 2576 haec

219 2623 384 2698 agentes
425 2618 561 2700 posuit.)
617 2617 720 2682 Paulo
754 2623 829 2698 post
863 2614 894 2698 (ἕ
925 2616 993 2697 15),
1028 2617 1085 2681 ubi
1113 2618 1239 2683 editur:
1288 2616 1390 2705 XLV,

221 2724 355 2789 millia
377 2724 406 2788 D
431 2726 607 2809 pedites,
641 2721 817 2790 MMDOC
841 2725 1016 2807 equites,
1050 2732 1090 2789 et
1113 2732 1230 2800 tanta
1253 2747 1381 2811 prope

221 2833 368 2897 civium
421 2835 708 2916 sociorumque
756 2853 868 2915 pars,
920 2833 1014 2897 oaesi
1064 2833 1276 2913 dicuntur,
1323 2855 1381 2919 ap·

220 2945 331 3022 paret,
360 2942 501 3007 alterum
524 2963 542 3006 e
565 2941 692 3005 duobus
717 2940 844 3004 Livium
874 2940 1014 3018 dixisse,
1043 2948 1102 3006 aut
1131 2963 1249 3025 parem
1277 2963 1381 3026 prope

220 3048 337 3113 civium
361 3049 590 3132 sociorumque
614 3068 784 3112 numerum
808 3047 973 3125 cecidisse,
997 3055 1055 3114 aut
1078 3056 1294 3134 utrorumque
1319 3072 1381 3134 pro

218 3157 369 3238 portione
392 3157 448 3236 (—·
470 3177 576 3239 neque
605 3156 692 3220 enim
717 3176 808 3239 aeque
832 3156 926 3220 multi
950 3158 984 3220 in
1008 3159 1154 3223 exercitu
1179 3164 1291 3237 erant,
1322 3157 1383 3224 sed

218 3264 300 3327 socii
323 3262 434 3345 plures
460 3264 529 3345 -),
563 3270 715 3328 neutram
745 3271 856 3327 autem
885 3266 1083 3329 sententiam
1106 3287 1124 3330 e
1147 3265 1260 3330 verbis
1291 3263 1382 3331 effici

219 3369 272 3448 (ct
300 3376 418 3434 tanta
439 3407 483 3416 —-
504 3372 626 3454 pars),
660 3373 693 3434 in
717 3371 835 3452 quibus
860 3370 997 3436 offendit
1021 3375 1121 3438 etiam
1145 3381 1184 3438 et
1211 3374 1259 3439 sic
1283 3374 1384 3440 addi·

219 3482 302 3554 tum,
336 3485 495 3560 tanquam
529 3478 655 3562 aliquid
688 3480 762 3543 novi
797 3479 1010 3561 adiungatur,
1044 3481 1140 3564 longe
1171 3483 1261 3546 enim
1289 3483 1385 3550 aliud

219 3590 284 3648 est:
323 3593 440 3650 tanta
478 3588 624 3652 civium
658 3594 811 3668 quanta
844 3588 1065 3663 sociorum,
1107 3590 1215 3654 aliud:
1257 3597 1387 3658 tante

219 3693 361 3757 civium
390 3695 683 3774 sociorumque.
726 3693 843 3776 ltaque
868 3697 1053 3760 Gronovius
1077 3698 1224 3779 priorem
1248 3707 1387 3766 senten·

217 3801 298 3864 tiam
332 3808 463 3866 secutus
497 3802 675 3878 dubitavit,
711 3823 752 3865 an
786 3801 996 3865 scribendum
1030 3812 1133 3869 esset:
1176 3813 1216 3871 et
1251 3827 1385 3892 aequa;

218 3907 296 3972 mihi
324 3909 463 3974 alteram
486 3910 636 3990 sequenti
659 3917 692 3972 et
715 3910 851 3991 propius
875 3909 1026 3975 codicum
1049 3912 1192 3995 vestigia
1215 3918 1388 3998 prementi

217 4016 252 4080 in
273 4021 416 4081 mentem
438 4018 541 4081 venit:
561 4052 604 4059 —
621 4018 791 4099 equites,
821 4024 903 4078 rata
926 4040 1052 4102 prope
1076 4022 1226 4086 civium
1250 4027 1387 4092 socio-

218 4144 382 4206 rumque
406 4146 509 4206 pars.
554 4124 767 4206 Aptissimam
790 4125 874 4188 effici
900 4127 1096 4208 orationem,
1119 4138 1271 4213 apparet.

305 4230 383 4314 Cap.
414 4236 468 4310 51,
505 4235 539 4295 5:
579 4231 747 4297 Postero
785 4232 864 4310 die,
906 4233 976 4297 ubi
1011 4237 1183 4317 primum
1217 4239 1385 4322 illuxit,

218 4335 268 4400 ad
290 4338 423 4417 spolia
445 4337 618 4422 legenda
639 4339 883 4422 foedamque
903 4343 1030 4407 etiam
1050 4342 1249 4413 hostibus
1268 4370 1386 4433 spec-
