2994 5108
203 486 266 541 Lib·
286 485 323 539 11.
763 473 804 535 68

204 679 283 741 qne,
318 655 407 741 quod
439 656 637 721 videlicet
672 663 786 722 contra
814 676 926 721 rerum
956 663 1164 740 veteremque
1193 674 1285 721 usum
1313 654 1362 720 lo-

204 765 325 850 quendi
348 787 407 849 pro
431 766 535 829 enim
552 764 724 846 (nitmlich)
749 766 783 829 in
800 785 902 830 causa
919 763 1089 831 reddenda
1106 764 1251 850 positum
1268 784 1361 830 aoce-

204 882 332 958 perant,
356 894 501 939 errorem
523 873 652 938 librarii
676 872 799 938 codicis
823 871 936 951 infimi,
959 873 1054 939 l'oss.
1075 879 1090 936 l
1111 872 1159 956 (et
1176 871 1361 955 Sigoniani)
1402 941 1405 945 ,

204 984 308 1047 secuti
331 983 370 1046 in
393 981 594 1046 addiderunt
617 980 671 1062 (in
692 1002 776 1047 nov.
801 980 852 1062 s.),
875 1002 1031 1065 perversa
1053 981 1232 1061 sententia;
1254 1002 1362 1067 neque

204 1092 291 1156 enim
320 1092 352 1155 in
380 1111 500 1155 novum
530 1095 682 1154 senatum
710 1089 920 1171 legebantur,
956 1090 1014 1155 sed
1042 1091 1077 1154 in
1099 1108 1191 1170 eum,
1224 1089 1283 1172 qui
1305 1089 1362 1154 diu

203 1198 322 1263 fuerat.
368 1198 433 1262 Alii
455 1219 560 1281 nuper
583 1198 714 1281 gratim
736 1196 822 1281 lapsi
844 1204 929 1262 sunt.

291 1305 370 1391 Cap.
393 1309 422 1386 2,
447 1310 464 1370 3
487 1307 588 1371 miror
610 1326 722 1371 omnes
745 1307 883 1372 tacitam
911 1307 1161 1390 praetermisisse
1183 1306 1269 1372 hanc
1290 1326 1364 1371 seu·

205 1415 360 1480 tentiam:
395 1413 586 1480 Consulis
611 1414 798 1493 alterius,
828 1435 946 1497 quum
970 1414 1080 1479 nihil
1102 1413 1214 1480 aliud
1236 1413 1364 1479 ofsen-

206 1523 329 1602 derit‚
363 1543 504 1588 nomen
533 1523 705 1587 invisum
734 1523 900 1588 civitati
927 1522 1017 1588 fuit.
1073 1522 1250 1588 Manifesta
1277 1522 1365 1587 enim

205 1631 365 1696 sermonis
388 1629 441 1696 lex
463 1629 696 1695 offenderet
718 1631 868 1714 requirit,
890 1629 952 1695 hoc
976 1638 1040 1696 est:
1064 1651 1263 1713 quamquam
1283 1628 1366 1694 nihil

208 1739 300 1804 aliud
333 1737 522 1804 offendebat
556 1738 611 1819 (de
639 1740 792 1804 universo
820 1739 953 1822 ingenio
984 1745 1018 1803 et
1040 1737 1187 1820 habitu);
1220 1759 1296 1804 nam
1325 1737 1366 1803 de

137 1863 191 1930 (56)
209 1847 301 1912 nulla
334 1869 400 1912 una
433 1867 468 1910 re
503 1868 577 1910 cum
613 1845 793 1911 offensione
830 1846 921 1912 facta
948 1867 1008 1911 nec
1037 1869 1154 1930 quum
1182 1846 1240 1912 illo
1267 1845 1365 1911 modo

207 1957 285 2038 poni
315 1962 448 2039 poterat
476 1973 536 2019 nec
559 1953 758 2038 perlectum,
793 1953 851 2019 sed
873 1954 1243 2039 plusquamperfectum.
1296 1951 1364 2036 [Sic

207 2064 273 2128 iam
296 2061 431 2145 Rauen]

293 2169 371 2255 Cap.
397 2176 426 2249 6,
458 2176 485 2249 1,
515 2168 572 2234 ubi
594 2170 795 2253 Tarquinius
820 2170 989 2255 Superbus
1012 2170 1167 2236 Veientes
1191 2169 1368 2252 Tarquini·

207 2300 370 2362 ensesque
404 2299 515 2343 orasse
550 2277 685 2359 dicitur,
725 2301 770 2343 ne
805 2300 845 2344 se
880 2285 1026 2358 ortum,
1060 2279 1240 2344 eiusdem
1275 2298 1368 2343 san·

207 2387 361 2470 guinis,
392 2394 594 2452 extorrem
624 2392 890 2470 egentem...
915 2387 1048 2471 perire
1072 2387 1269 2467 sinerent,
1304 2386 1369 2451 etsi

208 2494 308 2579 paulo
331 2494 446 2560 durius
464 2494 558 2560 abest
575 2495 782 2560 accusativus
800 2494 940 2560 subiecti
957 2495 1055 2560 index
1067 2494 1121 2576 (sc
1139 2503 1197 2560 aut
1213 2493 1369 2576 regem),

208 2601 312 2686 magis
339 2608 451 2668 tamen
481 2599 618 2668 offendit
648 2610 853 2683 scortum,
881 2603 982 2686 quod,
1006 2604 1064 2686 qui
1087 2626 1127 2669 ex
1149 2602 1261 2686 aliqua
1284 2601 1367 2668 urbe

209 2711 368 2794 originem
390 2709 504 2788 trahit,
536 2732 601 2775 uon
625 2711 818 2796 simpliciter
841 2710 928 2794 (solo
953 2710 1099 2778 ablativo
1123 2711 1219 2792 casu)
1243 2710 1368 2776 civibus

208 2818 297 2883 illius
325 2819 417 2884 urbis
446 2825 538 2884 ortus
568 2818 698 2884 dicitur.
754 2820 872 2904 ltaque
902 2820 991 2903 quod
1015 2818 1168 2903 Sigonius
1193 2823 1227 2884 et-
1249 2826 1369 2903 postea

209 2926 460 3011 Wesenbergius
484 2950 529 2992 ue
554 2950 593 2992 se
616 2927 663 2993 ab
686 2929 789 3012 ipsis
813 2927 893 3009 (iis)
919 2934 1049 2993 ortum
1067 2926 1167 2992 scribi
1184 2927 1368 3005 voluerunt,

209 3035 257 3100 ita
279 3035 393 3119 probo,
416 3042 452 3099 ut
476 3059 515 3100 sc
539 3034 585 3100 ab
610 3058 649 3101 so
668 3035 878 3101 scribendum
896 3043 1018 3120 putem,
1042 3036 1231 3120 pronomine
1252 3033 1368 3099 eodem

211 3140 253 3205 ad
276 3140 342 3208 duo
366 3142 495 3208 diversa
517 3144 634 3209 relato.
681 3143 803 3226 (1873.)

297 3247 376 3333 Cap.
402 3255 430 3330 7,
455 3255 508 3315 12:
533 3251 601 3318 ubi
624 3274 726 3317 nuno
744 3252 848 3317 Vicae
868 3251 973 3317 Potae
997 3259 1068 3317 est.
1103 3249 1367 3336 lureSiesbyeus

211 3378 312 3436 meus,
341 3358 432 3441 quod
455 3358 502 3422 ad
525 3358 696 3425 l'enoris
721 3360 798 3441 (ab,
827 3367 997 3444 propter
1020 3359 1071 3442 V.)
1096 3359 1238 3439 dicatur,
1272 3359 1368 3442 sequi

209 3470 323 3546 negat,
359 3471 397 3530 ut
429 3488 489 3550 pro
523 3468 723 3533 nominativo
757 3467 886 3533 dicatur
915 3467 983 3533 ubi
1007 3468 1178 3534 Veneris
1208 3472 1271 3533 est
1294 3465 1369 3548 (aut

210 3572 323 3638 Graece
353 3571 380 3634 oi
405 3581 550 3645 Πλάτωνός
577 3586 663 3655 ἐστιν,
697 3576 786 3658 quod
813 3588 839 3646 ἐς
861 3585 1006 3648 Πλάτωνος
1030 3574 1189 3658 dicatur),
1224 3596 1241 3640 θ
1278 3575 1367 3640 inter

209 3685 284 3744 aet
306 3699 343 3742 es
371 3680 576 3748 intercidisse
600 3684 703 3749 aedes
724 3685 842 3764 (Vicae
860 3685 966 3750 Potae
990 3685 1092 3750 aedes
1115 3683 1200 3765 est).
1243 3682 1366 3764 (1873.)

209 3784 303 3870 (Cap.
330 3793 385 3868 11,
416 3794 455 3853 10
484 3791 613 3857 efluse
643 3790 815 3876 vagandi
846 3793 918 3876 (pro
948 3792 1160 3877 evagandi)
1191 3791 1231 3856 de
1261 3813 1367 3875 popu·

209 3894 354 3961 lantibus
378 3897 595 3963 scribendum.
644 3898 751 3981 1873.)

296 4002 374 4088 Cap.
408 4009 461 4086 12,
499 4012 536 4072 16
566 4006 613 4088 (in
643 4008 743 4073 Mucii
768 4008 918 4076 Scaevolae
949 4008 1039 4093 apud
1068 4008 1263 4074 Porsinnam
1291 4028 1366 4073 ora·

209 4111 328 4193 tione):
359 4135 443 4178 moa
466 4117 595 4198 prima
618 4138 711 4181 sors
735 4115 831 4196 fuit,
862 4119 1001 4195 ceteri,
1032 4124 1237 4199 utcunque
1261 4116 1365 4181 ceci·

210 4218 318 4284 derit
341 4222 468 4303 primi,
492 4223 625 4307 quoad
647 4231 685 4288 te
708 4233 980 4308 opportunum
1002 4226 1168 4290 fortuna
1192 4223 1364 4302 dederit,

209 4346 279 4391 suo
309 4328 479 4410 quisque
508 4338 689 4415 tempore
718 4333 901 4398 aderunt.
959 4333 1012 4399 Sic
1039 4353 1125 4399 nunc
1154 4332 1264 4399 editur
1286 4354 1365 4399 auc·
