2994 5108
694 468 753 529 361
1135 481 1198 537 nte.
1217 482 1303 541 xxv.

146 653 265 733 Sunt,
304 653 453 738 quiin
492 672 589 736 agro
627 653 917 720 Beneventano
955 675 1081 740 prope
1121 653 1304 721 Calorem
1372 715 1375 721 .

144 762 316 828 flurium
344 761 567 827 ostendant
594 760 671 843 (sor.
695 766 949 830 contendant
971 786 1046 838 cum
1068 766 1157 848 aliis)
1183 803 1223 813 -
1244 768 1303 831 in-

145 870 386 951 terfectum3
419 877 530 949 sunt,
565 872 635 954 qui
662 907 705 917 —
727 873 775 937 ab
796 908 841 920 —
863 876 1009 940 turmis
1043 876 1303 943 Numidarum

145 982 469 1046 circumventum
491 979 688 1057 scribant.
739 983 847 1048 Adeo
870 1005 942 1050 nec
963 983 1079 1051 locus
1101 1007 1173 1051 nec
1194 989 1303 1052 ratio

143 1088 293 1155 mortis
320 1088 359 1152 in
387 1086 477 1152 viro
498 1094 578 1154 tam
601 1088 713 1154 claro
737 1098 777 1155 et
798 1093 953 1175 insigni
976 1100 1148 1159 constat.
1199 1095 1304 1160 Mani·

143 1198 265 1264 festum
295 1202 362 1276 est,
397 1195 523 1261 Livium
551 1216 658 1278 nsque
685 1199 719 1262 in
747 1206 844 1265 tanta
869 1203 1031 1266 varietate
1054 1205 1304 1283 sententiarum,

145 1328 246 1391 quum
278 1305 349 1389 ipse
377 1310 476 1388 neget
503 1305 686 1389 quidquam
722 1314 889 1388 constare,
922 1311 1030 1394 ipsam
1057 1310 1227 1376 varietatis
1250 1333 1304 1377 ex-

144 1415 344 1500 positionem
371 1419 441 1478 tam
469 1411 672 1478 confidenter
701 1436 813 1480 orsum
842 1437 930 1483 esse:
964 1417 1054 1483 Haec
1082 1440 1176 1483 vera
1198 1418 1305 1484 sama

145 1535 221 1603 est,
254 1541 375 1606 nsque,
409 1521 438 1586 si
466 1519 659 1587 dubitanter
686 1524 820 1606 scripsit
847 1524 949 1605 (Haec
977 1524 1061 1590 sero
1090 1524 1194 1590 fama
1217 1526 1303 1609 est),

145 1629 316 1697 addidisse
350 1627 503 1694 absolute
537 1636 707 1711 tamquam
735 1629 775 1694 de
798 1653 834 1696 re
857 1634 1056 1698 certissima:
1097 1634 1304 1701 Gracchus

143 1774 187 1787 -
207 1739 352 1824 periit3
386 1736 560 1803 dicendum
588 1743 675 1802 erat:
709 1738 799 1804 Haec
826 1739 913 1806 fere
942 1740 1046 1806 sama
1074 1746 1150 1819 ost,
1180 1741 1303 1807 Grac·

144 1851 264 1917 chum
284 1881 330 1893 -
351 1846 525 1931 perisse;
547 1865 748 1928 quamquam
771 1869 812 1912 ne
835 1848 905 1913 haec
928 1848 1060 1930 quidem
1084 1850 1190 1913 oratio
1213 1855 1303 1915 recte

150 1958 346 2035 cohaereret3
373 1974 450 2019 nam
478 1953 559 2019 haec
586 1951 693 2019 fama
720 1957 885 2039 pertinere
909 1955 1009 2020 debet
1031 1955 1073 2020 ad
1099 1959 1303 2040 superiorem

142 2068 192 2133 rei
220 2072 304 2131 acta
333 2063 573 2141 narrationem3
600 2062 676 2127 illa:
711 2062 918 2129 Gracchus
939 2100 981 2109 —
1005 2064 1130 2147 periit
1159 2064 1200 2128 de
1228 2065 1301 2130 loco

143 2172 448 2249 causationum,
476 2169 516 2235 de
539 2190 605 2254 quo
626 2171 708 2235 nihil
731 2172 856 2237 dictum
879 2179 939 2251 est,
963 2179 1092 2237 tantum
1116 2174 1163 2237 sic
1184 2193 1299 2237 narra-
1318 2176 1391 2246 (296)

142 2289 230 2363 tum,
263 2286 303 2345 ut
335 2280 368 2344 in
398 2279 541 2344 Lucanis
576 2299 695 2344 caesum
725 2280 908 2346 Gracchum
943 2287 1128 2364 appareret.
1185 2280 1304 2346 Omnia
1471 2275 1475 2282 ’

141 2399 225 2476 apta
253 2395 288 2454 et
314 2394 407 2453 recta
437 2393 547 2466 erunt,
580 2409 620 2452 ex
649 2408 748 2470 pravo
778 2410 796 2465 a
821 2389 1000 2472 (quaero)
1024 2389 1154 2454 duabus
1181 2388 1302 2455 litteris

143 2498 286 2566 effectis:
316 2496 405 2563 Haec
427 2494 460 2557 sl
482 2515 578 2560 vera
599 2493 704 2560 fama
726 2503 802 2576 est,
831 2497 1101 2563 Gracchurim
1126 2498 1301 2563 Lucanis

142 2607 192 2672 ad
228 2625 406 2689 campos,
440 2604 509 2687 qui
539 2604 707 2668 Veteres
740 2613 954 2684 vocantur,
989 2606 1127 2688 periit.
1191 2605 1302 2684 Sunt,

142 2715 215 2801 qui
242 2714 282 2779 iu
311 2733 406 2796 agro
429 2711 716 2777 Beneventano
740 2719 802 2778 cet.
854 2713 1015 2792 Quoniam
1039 2720 1072 2778 et
1093 2715 1126 2777 in
1148 2715 1245 2779 modo
1269 2721 1303 2779 et

141 2822 322 2891 occasione
355 2819 454 2885 cadis
488 2826 522 2884 et
555 2821 588 2884 in
620 2819 695 2885 loco
728 2821 934 2901 variabatur,
970 2822 1080 2886 Livius
1113 2842 1168 2901 ea,
1204 2843 1302 2903 quam

136 2933 215 3016 ipse
238 2935 372 2995 secutus
395 2929 455 3008 sit,
483 2929 672 2993 narratione
699 2928 810 2993 locum
837 2930 886 2994 rei
909 2936 1008 3012 gestae
1032 2927 1198 3010 adsignari
1222 2928 1304 2993 dicit

135 3042 176 3106 in
200 3037 348 3103 Lucania
371 3056 505 3120 campos
528 3036 681 3116 Veteres3
714 3038 796 3102 alios
824 3044 857 3102 et
885 3035 992 3101 locum
1022 3035 1123 3100 alium
1147 3043 1181 3101 et
1202 3036 1302 3100 aliam

136 3146 246 3215 caedis
279 3145 442 3211 rationem
469 3145 610 3210 tradere.
662 3143 745 3228 [Iam
775 3144 917 3210 Cohetus
946 3145 1027 3209 Nos.
1052 3145 1143 3208 Lect.
1168 3167 1198 3228 p.
1226 3148 1301 3208 186:

134 3256 183 3324 Si
218 3254 301 3320 haec
333 3272 428 3318 vera
460 3251 566 3317 fama
599 3260 660 3318 est
692 3290 742 3316 —.
777 3252 863 3336 Μ
892 3253 1003 3317 notavi
1038 3253 1234 3334 particulam
1262 3258 1304 3317 et

134 3383 285 3451 prorsus
314 3373 415 3445 prave
442 3361 652 3444 praepositam
679 3382 803 3441 causae,
833 3382 891 3425 cur
919 3361 1039 3426 iaculis
1068 3361 1207 3426 maxime
1236 3361 1301 3424 Ro·

136 3472 237 3539 mani
260 3469 413 3536 transfixi
435 3469 511 3549 sint,
535 3468 760 3535 declarationi.
814 3466 920 3551 issa]

236 3576 317 3662 Cap.
343 3582 397 3659 19,
430 3581 468 3642 13
492 3576 547 3659 (de
569 3577 613 3641 M.
638 3576 827 3658 Centenio):
857 3577 1027 3641 Data-
1050 3583 1142 3642 octo
1171 3576 1304 3641 millia

128 3687 342 3765 militum,
375 3706 433 3769 —3
469 3693 506 3751 et
550 3686 636 3770 ipse
681 3686 937 3769 aliquantum
976 3684 1303 3749 voluntariorum

122 3799 299 3863 :itinere
327 3795 366 3858 in
394 3795 506 3877 agris
535 3794 721 3860 concivit.
772 3791 988 3857 Scribendum
1012 3813 1083 3857 esse
1107 3792 1211 3873 (utin
1237 3814 1302 3857 uno

122 3913 175 3972 et
202 3904 312 3969 altero
335 3904 517 3968 recentiore
540 3902 652 3967 codice
670 3901 759 3984 apud
776 3901 876 3965 Drak.
896 3899 1065 3979 scribitur)
1086 3900 1124 3962 in
1143 3899 1302 3979 itinere,

115 4019 235 4080 :ecte
275 4010 563 4077 Weissenbornius
603 3992 783 4088 intellexit3
832 4031 944 4073 verum
989 4009 1028 4071 in
1069 4007 1221 4070 itinere
1260 4007 1301 4069 in

118 4121 258 4207 agris
299 4118 476 4184 concivit
513 4117 790 4198 inelegantissime
830 4116 951 4181 dicitur
989 4136 1049 4179 nec
1090 4114 1220 4177 omnino
1260 4113 1301 4176 in

116 4229 255 4312 agris
283 4224 449 4292 milites'a
471 4224 553 4290 duce
582 4224 732 4289 celeriter
759 4229 952 4289 transeunte
975 4222 1175 4286 concientur.
1221 4221 1301 4284 Rec-

115 4342 215 4403 tum
254 4336 331 4399 erit:
367 4335 406 4398 iu
439 4334 591 4402 itinere
625 4353 669 4396 ex
703 4333 814 4414 agris
850 4330 1039 4395 concivit.
1095 4328 1226 4392 Excidit
1256 4349 1302 4393 ex
