3000 5116
700 462 761 525 343
969 442 975 455 ’
1128 477 1190 531 co.
1209 478 1326 567 xx1v3

171 669 233 715 num
258 647 429 715 transtulit
456 646 635 714 recellendi
663 653 788 713 motum
816 648 860 712 ad
889 648 995 713 solum
1017 649 1060 714 ab
1083 650 1189 715 altera
1212 661 1306 734 parte

171 756 340 823 tollencuis.
375 754 579 823 Coniectura
602 754 643 820 de
664 755 775 820 verbis
798 756 963 820 mutandis
986 757 1125 840 prolata
1147 758 1229 822 nihil
1252 781 1307 824 ex·

176 865 304 948 pediunt.
349 863 509 947 (1862.)¹)

240 972 319 1057 Gap.
349 976 405 1053 36,
438 976 473 1037 3:
513 969 594 1037 Sub
631 970 736 1036 idem
775 969 886 1036 forte
919 980 1079 1056 tempus
1112 982 1153 1039 et
1185 996 1305 1041 nares

176 1081 281 1163 longa
308 1080 370 1147 LV
391 1078 798 1163 Carthaginiensium
826 1101 912 1144 cum
940 1080 1170 1147 Bomilcare
1198 1083 1305 1149 clas-

177 1189 219 1255 aic
245 1191 282 1255 in
316 1208 498 1272 magnum
526 1194 688 1271 portum
716 1187 940 1271 Syracusas
969 1210 1014 1252 ex
1043 1189 1130 1254 alto
1160 1190 1306 1256 ‹lecur-

160 1292 254 1377 ἧρπε,
278 1306 316 1363 et
337 1296 514 1363 Romana
538 1280 637 1361 item
660 1295 827 1373 classis,
856 1296 958 1359 XXX
981 1298 1305 1379 quinqueremes,

180 1402 350 1487 legionem
379 1406 548 1489 primam
576 1403 768 1468 Panormi
797 1424 1038 1486 exposuere.
1095 1406 1168 1470 Non
1198 1407 1303 1472 solum

181 1510 256 1579 nima
278 1520 345 1593 est,
379 1511 437 1595 qui
463 1511 613 1595 fingitur,
645 1510 820 1576 verborum
848 1510 946 1578 ordo:
987 1511 1303 1596 Carthaginien·

180 1618 256 1685 sinn
273 1641 360 1687 cnm
381 1620 615 1687 Bomilcare
639 1618 800 1697 classis,
829 1641 931 1702 quum
954 1621 1143 1703 praepositio
1166 1622 1209 1686 ad
1233 1645 1303 1687 ver-

183 1722 237 1791 bun
251 1728 427 1809 referatur,
460 1728 519 1795 sed
541 1709 726 1805 inauditmr,
759 1728 793 1791 in
822 1727 882 1792 tali
912 1728 1043 1810 quidem
1072 1729 1206 1811 reliquae
1230 1752 1303 1796 sen-

182 1836 264 1901 tentia
280 1837 403 1917 iorma3
429 1836 487 1903 sed
514 1858 581 1902 non
603 1836 712 1899 minus
734 1856 886 1918 perverse
909 1858 1028 1901 naves
1052 1837 1111 1901 ΙΝ
1135 1836 1297 1903 Cartha·
1315 1858 1389 1926 (κω)

181 1940 395 2021 giniensium
416 1943 566 2011 classis
584 1942 753 2027 (quoniam
776 1965 840 2009 non
864 1944 1069 2026 significatur
1091 1968 1169 2028 pars
1187 1946 1302 2011 elassis

183 2050 305 2117 mitono
342 2058 421 2119 ante
460 2058 737 2131 commemorata)
777 2074 837 2135 pro
878 2051 1012 2116 classe
1045 2053 1105 2116 LV
1138 2056 1301 2119 navium

182 2153 309 2225 dicatur.
341 2160 459 2245 Itaque
480 2161 516 2225 in
537 2161 772 2225 recentissimis
795 2160 890 2225 codd.
909 2160 1138 2243 interpolando
1162 2162 1299 2227 factum:

181 2266 354 2335 cunboni.
377 2268 526 2335 classis
549 2267 758 2352 praefecto.
804 2268 1003 2350 Simpliciter
1025 2268 1206 2334 tollendum
1229 2281 1299 2336 erat

180 2368 296 2441 classis
321 2397 456 2457 nomen,
483 2376 547 2441 hnc
574 2397 614 2441 ex
643 2377 791 2459 proximo
821 2398 932 2449 versu,
960 2376 1017 2441 ubi
1040 2382 1128 2441 recte
1153 2379 1299 2460 ponitur.

180 2476 285 2547 illatum.
327 2484 396 2568 [Sic
417 2482 631 2566 Krestnerns]

93 2674 95 2681 Ι
241 2588 310 2677 Gap.
334 2596 384 2673 39,
412 2596 432 2656 9
456 2593 634 2672 (demotis
657 2591 881 2657 Hennensium
906 2592 995 2658 crede
1018 2593 1205 2658 Siculorum
1228 2597 1299 2659 ani·

107 2714 110 2719 ·
176 2694 246 2777 nid:
267 2706 304 2765 et
329 2702 429 2785 quia
451 2699 558 2765 caede
581 2699 751 2764 infanda
772 2700 971 2765 rebantur
993 2724 1069 2765 non
1093 2700 1298 2768 bominum

172 2806 315 2887 tantum,
347 2808 418 2875 sed
450 2808 573 2874 etiam
607 2808 772 2873 deornm
805 2808 937 2873 sedem
967 2809 1162 2875 violatam
1192 2833 1297 2889 esse,

170 2914 354 2995 inurere,
381 2916 450 3001 qui
478 2917 599 2981 etiam
629 2922 720 2981 ante
750 2916 866 2980 dubii
896 2916 1078 2997 fuerant,
1109 2918 1296 2982 defecere

166 3016 207 3085 ad
224 3018 379 3091 Poenos.
429 3024 504 3090 Non
527 3023 650 3101 solum,
679 3025 735 3105 qui
757 3024 822 3087 iam
847 3024 909 3103 (sic
932 3024 996 3087 dici
1021 3025 1208 3107 oportebat,
1231 3047 1295 3089 non

163 3127 283 3211 etiarn)
303 3141 380 3198 ante
402 3131 496 3198 dubii
518 3130 661 3210 fuerant,
690 3130 890 3199 defecerunt.
921 3132 979 3196 sed
1003 3140 1122 3215 praeter
1145 3154 1209 3211 eos,
1239 3134 1296 3216 qui

159 3234 218 3301 iau
237 3234 477 3305 destinaverant
498 3238 647 3319 deficere,
669 3239 770 3304 etiam
793 3240 826 3317 ii,
850 3241 904 3320 qui
929 3248 1028 3304 lintea
1051 3240 1294 3305 dubitaverant.

155 3350 256 3409 ulrum
274 3344 400 3413 Poenos
421 3346 632 3414 Romanosne
663 3355 888 3429 sequerentur.
942 3348 1158 3412 Scribendum
1186 3350 1296 3433 igitur,

150 3454 397 3537 hucpositione
424 3454 531 3521 iacta:
566 3462 647 3520 tum
682 3477 774 3521 vero
804 3456 929 3519 etiam
960 3457 1026 3538 qui
1055 3464 1151 3522 ante
1180 3458 1294 3523 dubii

148 3556 319 3641 fuerant,
346 3568 410 3629 cet.
462 3564 511 3629 Dc
539 3564 752 3630 correctionis
781 3582 900 3644 genere
925 3563 991 3627 dixi
1014 3564 1057 3627 ad
1080 3564 1183 3643 XXII,
1207 3570 1236 3643 2,
1260 3574 1295 3643 (33

143 3666 259 3733 eodem
282 3678 371 3735 recta
392 3692 490 3737 usum
511 3670 674 3737 Roellium
697 3671 766 3736 dixi
788 3673 821 3735 in
845 3672 942 3735 huius
964 3670 1042 3735 libri
1066 3693 1093 3736 c.
1117 3676 1167 3751 28,
1192 3680 1221 3741 9.
1244 3674 1294 3737 nsi

140 3776 198 3843 alii
227 3784 316 3843 recte
345 3784 423 3844 sunt
451 3800 479 3843 c.
501 3782 559 3851 4⁷,
589 3778 758 3861 5(quanr
788 3778 835 3844 ob
864 3799 1003 3843 noxam
1028 3780 1293 3845 Romanorum

136 3892 211 3953 ant
239 3884 344 3970 qnod
370 3887 555 3953 meritum
576 3886 802 3952 Poenorum
831 3909 905 3969 pro:
940 3887 1047 3968 quod
1077 3895 1146 3951 aut
1175 3888 1292 3949 meri-

157 4162 185 4227 ¹)
203 4158 337 4229 stit-³4·
363 4160 394 4211 12
416 4174 453 4213 ex
470 4157 514 4212 bia
532 4158 671 4227 vestigiis:
700 4156 1212 4227 omniaquaeipaeaeadversaut
1230 4154 1289 4208 fieri

196 4244 492 4311 debetwmnisqne
504 4260 581 4313 aper
596 4260 633 4297 eo
647 4261 753 4312 versa,
763 4250 799 4298 ut
809 4244 874 4311 (non
891 4242 996 4307 adid).
1017 4239 1075 4309 [Sic
1085 4238 1290 4306 Boettcherus.]
