2994 5108
218 507 280 562 Lib.
298 506 424 560 XXVIII.
765 496 828 556 410

219 679 353 758 modo,
385 680 465 761 qui,
495 679 541 743 de
569 700 646 761 quo
670 679 921 758 consulitur,
952 699 1022 744 suo
1044 678 1133 743 loco
1156 679 1262 744 dicit
1284 701 1374 745 sen·

219 789 405 851 tentiam.
461 784 495 850 Si
524 787 594 850 haec
624 807 704 850 sana
732 794 823 866 sunt,
852 785 889 863 Q.
912 785 1048 865 Fabius,
1077 806 1142 867 quo
1165 786 1249 852 nihil
1271 789 1374 872 magis

219 895 394 960 ridiculum
429 916 660 978 perversumse
689 893 768 974 fingi
797 901 921 978 potest,
955 894 989 957 in
1025 894 1096 976 ipso
1132 876 1267 961 exordio
1301 917 1374 960 ora-

219 1004 318 1068 tionis
352 1024 387 1067 se
420 991 500 1084 11100
524 1022 662 1084 peccare
698 1001 790 1081 dicit,
825 1003 882 1085 qui
915 1003 1099 1066 orationem
1135 1002 1273 1082 habeat,
1306 1025 1373 1069 non

218 1113 326 1175 minus
350 1131 450 1192 quam
473 1108 673 1192 Scipionem,
707 1130 784 1173 nam
806 1109 877 1173 baec
899 1111 1075 1174 sententia:
1109 1110 1193 1191 qui,
1223 1109 1270 1174 de
1298 1131 1373 1194 quo

220 1218 452 1282 consulitur
475 1224 535 1280 cet.
560 1224 675 1299 aperte
699 1216 877 1300 respondet
898 1217 1061 1300 superiori
1083 1215 1146 1280 illi:
1175 1219 1242 1300 qui
1265 1218 1311 1283 de
1332 1239 1374 1283 re

219 1333 436 1391 transacta
470 1331 531 1389 cet.
562 1325 742 1407 eodemque
775 1325 928 1389 refertur.
988 1323 1198 1389 Manifestum
1233 1331 1299 1406 est,
1335 1325 1373 1404 Q.

219 1433 359 1497 Fabium
388 1454 408 1496 a
436 1454 470 1496 se
500 1431 630 1516 culpam
658 1453 809 1496 amovere
839 1440 871 1495 et
900 1433 934 1495 in
957 1431 1143 1515 Scipionem
1165 1439 1274 1497 totam
1296 1455 1374 1499 con·

218 1542 302 1607 ferre
325 1548 423 1622 atque
446 1539 553 1618 illum,
588 1539 678 1622 quod
699 1533 765 1604 non
788 1539 952 1620 debuerit,
985 1539 1093 1603 facere
1117 1539 1240 1620 dicere,
1269 1561 1305 1605 se
1328 1542 1373 1621 id,

219 1650 307 1733 quod
331 1646 471 1712 officium
495 1653 600 1728 cogat.
652 1647 830 1712 Verissime
858 1649 960 1729 igitur
982 1654 1017 1711 et
1040 1646 1217 1712 Rhenanus
1240 1657 1274 1712 et
1296 1656 1374 1714 ante

133 1759 450 1841 (00610111110110
474 1753 586 1833 homo,
616 1756 706 1819 cuius
736 1755 998 1820 emendationem
1020 1761 1089 1820 tres
1112 1755 1200 1838 apud
1224 1755 1375 1822 Draken-

218 1865 392 1931 borohium
415 1862 543 1927 codices
565 1871 714 1927 recentes
738 1862 871 1939 habent,
896 1863 1030 1927 sublata
1052 1884 1132 1928 voce
1155 1864 1283 1943 modo,
1307 1886 1374 1948 qua

218 1981 291 2039 1010
319 1973 482 2036 sententia
511 1971 684 2048 evertitur,
715 1971 762 2034 sic
790 1972 1006 2053 scripserunt:
1042 1971 1247 2036 consulem
1276 1993 1373 2056 pec·

219 2102 311 2145 care
341 2079 536 2156 arbitror,
565 2079 633 2159 qui
655 2112 713 2156 -,
743 2099 819 2142 101
843 2086 1088 2157 senatorem,
1119 2080 1189 2161 qni
1212 2089 1273 2144 cet.
1321 2078 1371 2145 Si·

217 2189 309 2253 milia
337 2186 564 2251 additamenta
593 2207 633 2249 ex
660 2185 723 2249 hac
746 2184 867 2250 decade
890 2188 986 2270 posui
1009 2210 1040 2269 p.
1065 2187 1172 2267 208.1)
1225 2187 1274 2269 (si
1298 2189 1372 2272 quis

219 2296 391 2360 conabitur
424 2315 499 2358 non
534 2301 764 2358 senatorem
798 2293 912 2358 modo
947 2295 1145 2376 coniungere
1180 2315 1255 2358 cum
1289 2295 1372 2360 illis:

218 2409 401 2469 senatum
429 2401 506 2465 lud.
531 2401 668 2479 habet,
698 2400 870 2464 ridiculam
900 2399 1022 2465 efficiet
1051 2402 1294 2483 separationem
1322 2424 1374 2468 se-

217 2519 314 2575 natus
349 2517 382 2573 et
415 2510 511 2572 unius
547 2509 708 2572 senatoris
737 2509 941 2591 adiectaeque
968 2508 1057 2573 illius
1087 2511 1257 2574 sententiae
1285 2509 1373 2575 rela-

217 2621 305 2683 tivae:
334 2618 410 2699 qui,
440 2615 484 2679 de
508 2637 583 2699 quo
607 2623 668 2680 cet.
692 2617 853 2680 rationem
876 2638 1013 2700 prorsus
1036 2615 1225 2700 pervertet.)
1271 2615 1373 2699 [Rhe-

216 2747 321 2790 nanus
357 2724 544 2807 Spirensem
578 2732 710 2787 secutus
745 2730 825 2787 erat.
871 2722 887 2804 §
917 2728 935 2787 2
963 2724 1015 2788 bis
1039 2723 1203 2806 particula
1226 2731 1265 2788 et
1295 2731 1372 2808 post

217 2835 351 2898 verbum
397 2832 511 2895 iisdem
557 2832 677 2895 litteris
716 2834 927 2895 terminatum
956 2831 1092 2911 excidit,
1121 2833 1265 2914 primum
1294 2842 1373 2916 post

217 2947 535 3024 transportaret,
558 2939 614 3003 nbi
638 2941 670 3003 in
695 2939 767 3003 edd.
789 2947 864 3003 vett.
884 2940 1025 3017 additur,
1051 2939 1167 3003 deinde
1191 2946 1267 3021 post
1291 2941 1375 3024 pla·

217 3058 343 3129 ceret,
383 3049 438 3113 ubi
473 3054 549 3111 ante
586 3048 634 3110 W.
665 3047 824 3110 edebatur
857 3050 1078 3130 ceterique.
1134 3046 1262 3112 Neutro
1298 3049 1372 3115 1000

216 3159 398 3241 asyndeton
431 3156 509 3220 ferri
542 3161 662 3238 potest.
720 3154 735 3236 ἓ
766 3159 784 3217 9
812 3156 935 3219 1001110
963 3155 1100 3220 fortasse
1128 3155 1239 3218 Livius
1270 3157 1374 3241 scrip·

244 3415 267 3478 ¹)
286 3414 370 3466 Libet
394 3430 455 3465 cum
479 3414 681 3480 antiquissimae
706 3415 734 3468 in
756 3415 880 3468 Livianis
904 3414 1047 3468 codicibus
1070 3415 1298 3482 interpolationis
1324 3433 1373 3470 ex·

284 3499 382 3566 emplis
408 3504 478 3550 ortae
502 3515 536 3550 ex
559 3516 645 3566 pravo
669 3501 817 3552 intellectu
840 3501 989 3553 0011011100
1009 3517 1064 3552 101
1084 3499 1205 3552 difficilis
1223 3506 1252 3553 et
1272 3501 1375 3556 formae

285 3583 421 3636 orationis
454 3584 610 3650 perspicuae
643 3586 813 3653 coniungere
845 3585 934 3638 simile
962 3585 1119 3652 exemplum
1147 3603 1181 3638 ex
1208 3587 1377 3654 antiquiore

284 3668 424 3721 Ciceronis
453 3667 563 3731 codice,
592 3686 674 3735 qnam
697 3670 830 3723 Livianus
855 3671 927 3722 ullus
951 3676 1007 3735 est,
1034 3670 1297 3724 manifestissimum
1321 3690 1376 3727 nec

283 3759 377 3807 tamen
396 3771 571 3820 equaquam
590 3753 823 3807 animadversum.
860 3754 929 3808 Nam
950 3756 985 3809 de
1004 3754 1035 3807 R.
1052 3756 1080 3807 P.
1092 3754 1116 3820 I,
1133 3757 1174 3819 34,
1193 3757 1235 3819 51,
1256 3756 1305 3808 ubi
1326 3755 1375 3809 ci·

284 3856 348 3893 cero
377 3839 500 3907 scripsit:
529 3855 637 3890 1011101
666 3840 721 3891 1111
748 3840 930 3907 principes
959 3841 1162 3908 0111101111
1191 3840 1376 3895 mordicus

283 3927 406 3991 101011,
438 3941 469 3977 10
502 3929 616 3977 autem
649 3930 771 3989 011011,
804 3924 936 3977 librarius
968 3942 1052 3992 quum
1085 3943 1120 3978 re
1152 3941 1202 3991 pro
1230 3924 1375 3980 adverbio

282 4027 403 4077 reapse
422 4010 590 4076 accepisset,
615 4009 719 4062 additis
739 4009 853 4062 vocibus
873 4027 909 4062 00
928 4010 1071 4074 nomine,
1094 4009 1229 4062 orationis
1249 4009 1378 4066 formam

283 4100 311 4147 et
338 4095 527 4147 membrorum
555 4094 680 4162 pondere
704 4095 902 4162 insignitorum
925 4095 999 4146 inter
1024 4112 1052 4146 se
1076 4095 1258 4162 relationem,
1288 4114 1378 4164 quam

282 4181 437 4233 litterarum
461 4178 557 4231 formis
581 4179 750 4247 significavi,
778 4179 971 4247 pessumdedit
994 4179 1153 4247 effecitque,
1181 4186 1214 4231 ut
1237 4180 1379 4237 dicentur

282 4266 424 4333 principes
444 4265 483 4315 illi
503 4280 598 4316 carere
617 4281 648 4316 00
669 4265 789 4328 nominc,
815 4264 889 4330 quod
910 4270 1032 4317 teneant.
1074 4263 1138 4317 Non
1156 4265 1274 4319 nomine
1294 4283 1377 4322 cere·

283 4350 361 4416 bant,
380 4348 430 4403 sed
450 4366 486 4401 re.
