2994 5108
220 519 283 575 Lib.
301 519 403 575 xxm.
521 511 525 522 '
766 506 827 568 328

221 691 404 770 duceret,
438 689 569 756 furtes
591 690 732 772 lingua
754 688 997 769 iactabatis3
1031 687 1134 753 enim
1156 687 1286 754 minor·
1307 707 1381 753 rea

220 806 284 865 est
321 799 388 864 hic
427 799 614 882 experiri
649 797 771 879 (Pml
808 796 949 881 periri)
984 796 1059 860 vim
1093 787 1381 877 virtutemque

133 907 320 986 (ttetvolo.
356 907 593 991 Expugnate
616 906 755 972 Nolam
777 912 840 971 eet.
884 905 1025 970 Pravum
1048 924 1122 969 esee
1145 903 1248 969 eninr
1269 903 1377 967 mani·

219 1015 339 1081 festum
368 1022 434 1094 eat,
469 1015 523 1079 uui
555 1035 596 1078 ne
624 1035 645 1080 a
673 1015 805 1083 comicis
840 1013 974 1098 quidem
1010 1012 1098 1077 ullus
1131 1011 1222 1077 color
1250 1010 1377 1075 arcessi

219 1129 345 1207 potest3
380 1122 441 1188 sub
470 1144 509 1188 eo
537 1122 640 1188 latere
670 1143 715 1188 en
738 1120 835 1187 Valla
856 1121 1030 1188 intellexit.
1087 1118 1156 1202 [Sic
1177 1119 1277 1186 etiam
1301 1117 1376 1184 eud.

218 1228 347 1312 Banu]
404 1230 468 1296 Sed
491 1231 588 1296 nimis
610 1229 738 1296 infinite
760 1229 818 1295 illa
840 1229 1010 1295 dicuntur:
1045 1229 1176 1293 minor
1202 1249 1267 1292 rea
1296 1234 1382 1306 θεῖς

219 1337 361 1404 debebat
394 1338 510 1403 saltem
544 1337 626 1402 diei:
667 1338 796 1402 minor
828 1336 907 1401 haee
940 1358 1006 1402 res
1040 1343 1119 1416 est3
1152 1357 1212 1401 nee
1245 1334 1287 1400 ab
1321 1334 1383 1401 hia

212 1453 307 1512 reete
330 1453 536 1530 separantur,
560 1466 634 1528 quae
655 1451 853 1529 sequuntur,
876 1466 916 1510 ex
939 1445 1121 1511 coniunctis
1138 1444 1225 1508 enim
1242 1442 1380 1508 demum

218 1555 325 1620 oritur
346 1562 439 1621 reeta
461 1554 638 1619 sententia:
672 1555 804 1618 minor
830 1552 911 1618 haec
939 1573 1007 1618 res
1036 1560 1112 1631 est,
1146 1552 1185 1617 in
1213 1569 1291 1636 qua
1313 1572 1383 1616 ex·

217 1664 344 1746 periri
375 1699 419 1708 -
452 1661 551 1727 vole.
613 1661 731 1744 Itaque
769 1660 921 1727 adhibita
953 1659 1060 1726 altera
1093 1667 1188 1744 parte
1221 1659 1379 1726 mendosi

216 1770 307 1835 illius
336 1772 451 1851 enim,
486 1768 576 1854 qued
610 1768 666 1836 alii
699 1776 758 1834 aut
790 1769 912 1835 tollunt
944 1775 1004 1833 aut
1036 1769 1070 1834 in
1104 1788 1205 1833 nune
1233 1775 1382 1847 mutant,

216 1879 388 1962 primaque
417 1880 539 1944 codicis
561 1879 587 1942 P
612 1879 777 1962 scriptura
804 1876 1054 1961 (hicperiri),
1089 1874 1297 1942 efficiendum
1326 1878 1379 1941 vi-

217 1986 327 2051 detur:
362 2008 407 2053 en
442 1989 481 2052 in
515 1988 669 2053 minore
702 2008 744 2052 re
778 1985 961 2069 experiri
988 1986 1065 2050 vim
1093 1985 1382 2068 virtutemque

215 2094 315 2159 vole.
360 2095 489 2175 (XXIV,
513 2100 542 2175 8,
568 2100 620 2159 13:
644 2095 687 2159 In
711 2094 865 2159 minore
888 2100 926 2159 te
949 2095 1121 2178 experti,
1144 2093 1180 2156 T.
1204 2094 1382 2173 Otacili,

215 2223 256 2267 re
279 2204 438 2285 sumus.)

254 2280 259 2312 ¹
300 2308 380 2393 Cap.
404 2315 454 2391 46,
478 2316 497 2376 9
521 2333 559 2376 ex
582 2312 645 2375 hae
667 2310 817 2377 codicum
840 2312 1018 2394 scriptura:
1042 2310 1242 2394 praesidi0,
1266 2310 1378 2391 quod

214 2439 287 2502 pet
319 2418 492 2483 hiberna
525 2419 572 2484 ad
605 2419 825 2501 petendum
852 2419 985 2484 loeum
1014 2421 1118 2484 satia
1147 2425 1275 2496 esset,
1308 2440 1379 2484 re·

213 2525 313 2590 licto
346 2545 407 2590 nee
441 2527 632 2591 tuendum
659 2533 749 2592 recte
779 2526 864 2592 efflei
892 2526 1024 2592 videtur
1050 2547 1112 2593 nee
1140 2526 1379 2608 tenendum,

215 2633 270 2696 sed
295 2633 343 2697 ad
368 2634 641 2716 optinendum.

299 2739 377 2824 Cap.
407 2746 463 2821 47,
492 2747 526 2807 8:
561 2743 767 2807 adiiciunt
796 2742 956 2825 quidam
985 2742 1156 2807 annales
1184 2778 1227 2786 -
1254 2740 1379 2821 (Clau—

213 2849 315 2932 dium)
343 2885 386 2894 —
413 2853 573 2934 patenti
607 2850 785 2916 hostium
818 2856 946 2933 pertua
979 2853 1181 2915 invectum
1210 2871 1282 2932 per
1310 2851 1376 2915 al·

211 2963 336 3022 teram
365 2993 408 3002 —
436 2959 635 3022 intactum
663 2959 854 3022 evasisse.
911 2958 1013 3024 Video
1042 2959 1210 3037 adnotari,
1247 2960 1378 3041 saepius

211 3065 275 3128 dici
303 3066 439 3130 invehi
469 3071 627 3148 portam
650 3065 754 3148 (qued
783 3064 904 3130 falsum
927 3075 993 3147 est3
1023 3073 1197 3149 portum,
1226 3066 1375 3133 urbem

209 3171 404 3251 invehimur,
438 3174 472 3237 in
500 3195 573 3257 quae
600 3172 775 3254 intramus)
805 3180 864 3238 eut
892 3175 934 3239 in
957 3182 1125 3258 portam.
1181 3174 1245 3239 Sed
1269 3180 1304 3239 et
1329 3176 1374 3241 in

209 3288 365 3363 portam
389 3289 423 3347 et
444 3288 572 3365 porta
595 3280 771 3359 invehitur,
795 3282 907 3365 quiin
930 3302 1002 3347 eam
1026 3284 1124 3348 irruit
1146 3288 1180 3347 et
1200 3283 1378 3367 irrumpit,

207 3395 245 3451 ut
286 3394 455 3470 oppugnet
489 3391 618 3472 vimque
657 3389 758 3455 faeiat
797 3389 917 3470 (stiirzt
963 3390 1023 3456 auf
1059 3390 1118 3456 das
1151 3390 1239 3455 Ther
1278 3390 1371 3474 loa);

208 3494 264 3577 qui
298 3515 357 3577 per
390 3502 520 3576 portam
553 3496 667 3561 urbem
703 3498 820 3578 intrat,
856 3505 892 3563 ut
921 3496 1078 3562 Claudius
1106 3497 1200 3579 fecit,
1233 3499 1262 3563 is
1292 3521 1378 3583 per

207 3609 364 3685 portam
386 3608 443 3666 aut
465 3610 584 3685 porta
605 3604 784 3686 invehitur,
808 3613 841 3670 et
863 3607 926 3671 hoe
949 3606 1096 3689 (porta)
1109 3607 1234 3671 Livium
1258 3609 1372 3693 aerip-

207 3709 289 3774 sisee
312 3712 439 3792 put0.¹)

273 3903 368 3963 petest
392 3895 552 3952 Plautinum
576 3900 691 3953 eadem
714 3916 766 3968 pro
790 3899 904 3953 eadem
928 3917 1046 3969 opera,
1074 3907 1106 3954 ut
1127 3901 1190 3956 fiat:
1217 3903 1374 3961 miseria

272 3980 373 4034 nebia
401 3986 435 4035 et
458 3980 552 4036 Nolae
580 3983 697 4038 eadem
723 3983 917 4052 ademarial
963 3985 1039 4053 (Cap.
1058 3989 1105 4052 44,
1128 3987 1197 4039 aue
1215 3988 1372 4058 scriptura

273 4066 379 4119 eodicia
402 4066 437 4120 P:
464 4074 597 4122 mutare
622 4085 692 4123 eam
715 4069 890 4124 dedituris
914 4070 1058 4137 detractu,
1086 4072 1162 4139 quod
1185 4073 1367 4140 geminando

271 4157 364 4205 ortum
383 4157 434 4220 eet,
453 4168 479 4218 e,
501 4154 628 4207 nascitur
645 4154 747 4223 ipaum,
766 4154 840 4221 qued
860 4155 1000 4209 sententia
1019 4157 1155 4224 postulat:
1169 4163 1372 4216 -mutara

270 4236 319 4289 An
338 4235 510 4291 dedituris
528 4243 583 4292 eet.
621 4241 705 4307 1862.)

231 4318 254 4385 ¹)
272 4318 307 4373 In
330 4320 394 4376 loeo
417 4322 500 4377 ducto
524 4342 558 4377 ex
580 4326 729 4392 proverbio
752 4326 782 4379 in
806 4323 821 4394 ᾗ
846 4326 961 4378 6valde
985 4325 1144 4381 dubito-de
1169 4329 1316 4398 scriptura
1336 4341 1372 4388 et

270 4407 447 4461 enarratione
464 4409 629 4474 verborum3
651 4427 716 4464 nam
740 4411 817 4479 qnod
839 4410 983 4465 demitte
1002 4410 1207 4480 (demiseris)
1227 4417 1370 4488 audiunt,
