3000 5116
686 463 748 523 403
1100 476 1161 530 Lib.
1180 476 1295 530 XXVII.

138 649 237 714 taciti
256 653 463 731 praetereunt.
506 646 550 711 Et
570 651 682 711 tamen
705 648 785 729 quid
808 647 984 712 absurdius
1007 649 1206 730 nugaciusve
1231 648 1299 713 dici

138 758 262 842 potuit,
291 777 390 839 quam
412 755 578 820 Neronem
607 775 651 818 ea
679 762 796 819 nocte
819 790 863 800 -
885 762 999 820 sexto
1023 757 1086 820 die
1111 756 1153 820 ad
1177 758 1298 821 stativa

139 887 202 930 sna
234 864 445 949 pervenisse?
477 862 688 927 Manifestum
722 868 787 942 est,
824 864 985 928 excidisse
1019 864 1231 947 participium
1261 871 1298 929 et

138 973 327 1038 huiusmodi
348 972 448 1037 fuisse
471 993 581 1035 veram
605 970 762 1035 orationis
785 970 940 1035 formam:
969 970 1075 1036 Nero
1100 992 1146 1035 ea
1167 979 1298 1051 nocte,

138 1101 224 1164 quae
252 1085 396 1145 secuta
420 1084 483 1144 est
505 1099 689 1161 pugnam,
714 1097 921 1158 regressus
944 1080 1152 1158 citatiore,
1176 1102 1299 1162 quam

140 1187 239 1253 inde
278 1194 465 1265 venerat,
511 1186 685 1267 agmine,
727 1186 789 1250 die
831 1194 947 1251 sexto
988 1195 1049 1252 cet.
1116 1187 1299 1270 [Excidisse

138 1297 353 1380 participium
390 1295 488 1359 etiam
513 1293 678 1359 Sertorius
708 1292 862 1376 viderat]
919 1294 950 1378 [ξ
974 1300 992 1359 9
1017 1318 1034 1360 θ
1057 1298 1222 1380 scriptura
1244 1319 1299 1363 co-

140 1404 222 1468 dicis
248 1403 275 1466 P
297 1409 454 1486 posset,
482 1402 737 1478 traheretur,
766 1423 864 1483 quam
887 1402 935 1464 W.
959 1404 1109 1482 retinuit,
1140 1425 1241 1488 quum
1264 1407 1297 1469 in

139 1511 341 1577 editionibus
363 1517 450 1575 esset
473 1509 801 1590 trahereturque,
825 1507 1010 1574 faciendum
1034 1518 1123 1576 erat:
1148 1520 1298 1595 posset,

139 1625 198 1682 set
230 1619 476 1684 traheretur.
538 1616 555 1700 ἓ
587 1621 645 1695 10,
679 1616 737 1680 ubi
773 1617 882 1680 editur
916 1619 1024 1682 inter
1051 1620 1299 1703 impotentes

140 1727 230 1792 eius
260 1726 412 1808 (laetitiae)
441 1725 611 1803 animos,
642 1746 659 1788 e
683 1724 707 1787 P
731 1723 1065 1808 (interponentis)
1089 1727 1298 1793 scribendum

140 1841 195 1900 est
226 1835 335 1898 inter
370 1838 559 1918 potentes
599 1834 684 1897 eius
712 1834 878 1896 animos.
934 1833 1011 1916 Ipsa
1040 1837 1236 1901 coercitione
1266 1843 1299 1901 et

140 1943 390 2026 dispensatione
412 1941 536 2005 laetitiae
559 1946 712 2024 potentes
736 1939 868 2004 fiebant.
918 1940 1060 2024 1863.]¹)

228 2048 307 2133 Cap.
338 2054 393 2128 51,
429 2054 467 2112 10
494 2048 781 2112 Weissenbornius
814 2054 945 2113 secutus
979 2055 1029 2113 est
1061 2050 1146 2114 hanc
1174 2050 1297 2116 codicis

141 2158 168 2223 P
203 2164 452 2240 ceterorumque
487 2157 528 2220 ab
563 2177 602 2219 eo
635 2156 850 2239 pendentium
885 2157 1098 2240 scripturam:
1142 2158 1297 2223 Statum

140 2287 301 2350 quoque
337 2265 525 2329 civitatis
559 2286 603 2328 ea
641 2264 698 2345 (ad
727 2264 914 2328 Metaurum
949 2263 1084 2345 flumen)
1120 2266 1298 2330 victoria

139 2373 338 2448 firmavit,
366 2373 508 2436 utiam
532 2371 622 2436 inde
645 2371 751 2435 haud
775 2392 891 2436 secus
915 2393 1027 2455 quam
1050 2374 1089 2436 in
1113 2394 1209 2456 pace
1232 2395 1297 2439 res

140 2483 252 2546 inter
281 2502 321 2546 se
344 2479 586 2544 contrahere
609 2480 825 2559 vendendo,
855 2467 1065 2563 argentum
1096 2482 1296 2546 creditum

141 2587 338 2655 solvendo
377 2587 587 2652 auderent.
649 2587 797 2671 Apparet
836 2587 941 2652 tribus
980 2589 1149 2653 minimum
1187 2612 1297 2654 rerum

141 2696 442 2762 contrahendarum
481 2695 637 2778 exemplis
675 2696 853 2760 nominatis
892 2703 999 2761 totum
1037 2719 1138 2779 genus
1172 2698 1298 2762 Livium

141 2803 358 2886 significasse,
391 2824 457 2867 non
487 2802 539 2867 his
569 2802 697 2866 duobus
727 2809 795 2867 tam
825 2803 979 2867 diiunctis
1008 2801 1096 2884 (nam
1121 2805 1297 2869 coniuncta

140 2918 219 2978 aunt
256 2911 443 2990 vendere,
488 2911 648 2993 emere),
690 2919 757 2975 tam
796 2912 1003 2993 inaequaliter
1049 2910 1168 2991 (altero
1222 2933 1296 2990 una,

140 3019 246 3085 altero
282 3019 390 3084 tribus
423 3019 570 3098 vocibus)
607 3025 640 3082 et
674 3024 823 3090 ἀσυνδέτως
851 3020 1051 3103 compositis.
1107 3018 1169 3082 Est
1197 3019 1297 3100 igitur

139 3127 196 3193 hic
222 3127 315 3193 locus
346 3148 385 3191 ex
413 3127 470 3205 iis,
504 3148 586 3210 quos
616 3128 813 3209 integriores
847 3148 945 3209 quarn
973 3126 999 3190 P
1028 3128 1166 3190 serravit
1195 3126 1297 3189 codex

140 3235 323 3320 Spirensis,
358 3256 397 3299 ex
426 3256 490 3318 quo
521 3235 667 3298 derivata
691 3234 789 3317 plena
812 3236 986 3318 scriptura,
1010 3242 1049 3298 ut
1072 3234 1146 3298 aliis
1169 3235 1297 3316 aliquot

138 3343 236 3422 locis,
271 3344 305 3407 in
338 3344 462 3426 primas
496 3342 657 3407 editiones
690 3344 794 3421 venit,
833 3343 897 3406 nisi
931 3342 1020 3424 quod
1055 3363 1101 3406 eae
1134 3341 1297 3425 particula

139 3456 223 3535 apta
249 3458 283 3516 et
311 3451 496 3515 necessaria
519 3456 642 3515 carent.
694 3449 779 3514 Nam
808 3451 841 3514 in
866 3449 919 3533 Sp.
945 3450 1123 3515 Rhenanus
1152 3456 1297 3515 testatur

137 3559 240 3624 fuisse
264 3560 311 3639 tin
333 3557 656 3639 Pall.Gebhardus):
678 3558 898 3637 vendendo,
921 3558 1094 3639 emendo,
1117 3565 1296 3624 mutuum

139 3666 273 3732 dando
302 3672 514 3745 argentum
543 3666 828 3749 creditumque
860 3665 1066 3730 solvendo.
1123 3667 1161 3731 ln
1189 3667 1215 3730 P
1239 3673 1297 3731 aut

136 3774 209 3841 eius
242 3773 422 3856 archetypo
456 3773 568 3837 oculus
603 3773 637 3838 ih
671 3774 806 3857 syllabis
841 3774 967 3839 dendo
996 3773 1232 3856 (vendendo)
1264 3779 1296 3838 et

137 3882 270 3949 dando
299 3881 474 3946 aberravit.
525 3881 599 3946 Una
621 3888 725 3946 restat
749 3882 925 3960 dubitatio,
954 3903 1025 3963 quae
1047 3882 1113 3944 iam
1136 3882 1295 3946 Rhenano

136 3991 258 4057 oborta
285 3997 367 4055 erat.
418 3990 547 4054 Dicitur
575 3991 661 4054 enim
690 3989 841 4054 absolute
870 3997 1045 4054 mutuum
1068 3988 1180 4066 dare,
1210 4009 1296 4052 cre·

162 4240 225 4312 Ἡ
251 4245 268 4296 5
295 4241 337 4295 W.
364 4242 544 4298 manifestum
569 4244 701 4297 mendum
729 4244 833 4299 codicis
857 4245 878 4297 P
898 4249 1010 4299 secutus
1029 4248 1083 4296 est:
1111 4242 1294 4313 supplices

204 4328 371 4396 votisque
387 4327 541 4398 fatigare
560 4328 653 4397 deos,
673 4347 734 4399 quar
749 4330 877 4399 copulari
891 4324 1294 4792 tenorent.
