2994 5108
679 446 740 507 503
1077 459 1139 514 nio.
1158 459 1283 514 xxxiv.

128 627 264 711 pliciter
291 628 487 694 adieetivum
518 630 632 711 augeri
660 629 789 694 adiecta
819 650 878 713 per
901 650 1016 713 quam
1039 633 1284 715 comparatione

130 742 243 820 potest
261 736 446 821 (tyranno
469 743 549 802 tam
574 757 692 814 saevo,
716 757 833 818 quam
857 739 924 820 qui
947 759 1128 821 umquam
1152 741 1283 804 saevis·

131 843 255 909 simus
283 843 377 924 fuit3
410 843 488 922 vid,
518 865 558 908 ne
586 845 620 907 in
643 866 678 909 re
700 850 781 909 nota
802 851 906 910 testes
929 866 946 910 e
969 845 1151 930 longinquo
1175 867 1283 913 arces·

129 971 219 1030 sam,
254 951 398 1017 Gramm.
422 958 525 1016 nostr.
548 949 662 1033 Lat.§
693 955 754 1016 310
783 974 814 1016 n.
837 952 888 1032 4);
922 954 1030 1035 posito
1065 961 1177 1020 autem
1211 956 1283 1039 ipso

127 1058 331 1143 superlativo
370 1059 463 1124 nulla
501 1079 575 1123 cum
614 1058 718 1123 altero
758 1062 960 1141 comparatio
999 1061 1135 1143 adiungi
1173 1069 1285 1144 potest

128 1165 365 1247 (saevissimo
388 1188 503 1249 quam
524 1168 591 1248 qui
615 1165 707 1245 eet),
740 1174 945 1249 repugnante
969 1170 1131 1233 sermonis
1152 1174 1283 1247 natura,

130 1274 281 1357 miroque
303 1295 415 1341 errore
438 1273 683 1339 demonstratur
700 1279 869 1356 tamquam
892 1275 1007 1354 simile,
1031 1274 1120 1358 quod
1138 1275 1175 1353 V,
1194 1280 1245 1355 25,
1265 1281 1283 1340 9

130 1382 382 1472 scriptumest:
416 1387 612 1464 grataque
642 1400 688 1445 ea
716 1401 798 1458 res,
832 1387 874 1444 ut
904 1402 990 1464 quse
1013 1384 1180 1448 maxime
1202 1405 1283 1448 um·

129 1508 255 1570 quam,
278 1489 372 1569 init3
395 1490 441 1553 sic
464 1488 549 1553 enim
570 1487 866 1570 interpungendum
889 1509 960 1553 esse
983 1488 1034 1569 (ut
1056 1491 1155 1573 plena
1177 1493 1284 1557 oratio

131 1595 190 1660 sit:
224 1602 428 1681 grataque
456 1616 501 1661 ea
523 1616 590 1660 res
613 1595 708 1671 fuit,
742 1603 784 1660 ut
808 1616 891 1677 quse
913 1617 954 1660 m.
978 1618 1009 1660 u.
1033 1605 1151 1678 grata
1173 1597 1282 1679 fuit),

129 1710 272 1786 apparet
294 1724 333 1768 ex
355 1703 467 1769 multis
489 1703 563 1768 aliis
585 1701 678 1779 locis,
700 1702 790 1767 velut
812 1701 1025 1769 Ciceroniano
1047 1703 1104 1769 illo
1127 1702 1170 1768 ad
1193 1703 1282 1770 Fam.

132 1808 227 1889 XIII,
257 1814 314 1875 62:
348 1818 387 1877 te
422 1812 482 1876 sic
511 1809 637 1875 colam
667 1817 704 1874 et
733 1809 879 1874 tuebor
906 1817 948 1873 ut
970 1831 1082 1892 quem
1104 1810 1282 1894 diligen·

128 1917 305 1996 tissime,
339 1924 397 1984 aut
418 1918 554 1984 Liuiano
576 1916 701 1989 XXIII,
730 1921 787 1994 49,
819 1921 871 1980 12:
906 1938 951 1982 ex
979 1918 1206 2002 provincia,
1241 1927 1283 1982 ut

129 2043 214 2105 quie
235 2027 403 2091 maxime
426 2027 614 2099 omnium,
648 2024 750 2089 belli
773 2025 905 2089 avida.
962 2023 1187 2108 superlativus
1210 2030 1282 2089 tan·

127 2137 199 2196 tum
221 2135 388 2199 sententia
408 2133 548 2198 relativa
570 2132 612 2197 ad
635 2134 744 2216 ipsum
766 2132 897 2197 adiecta
919 2134 1033 2216 augeri
1055 2138 1176 2215 potest,
1202 2134 1282 2197 scri·

130 2238 338 2322 bendumque
370 2241 559 2306 necessario
593 2247 659 2305 est:
699 2246 738 2303 et
776 2247 964 2323 tyranno,
999 2240 1066 2322 qui
1099 2259 1281 2323 umquam

130 2343 222 2426 fuit,
258 2349 501 2427 saevissim03
535 2347 670 2411 verbum
699 2347 831 2430 quidem
859 2347 893 2410 in
921 2345 984 2411 bac
1013 2348 1176 2411 sententia
1198 2335 1281 2411 rela·
1355 2408 1358 2413 .

130 2455 197 2519 tiva
224 2456 333 2520 omitti
359 2476 425 2519 non
452 2461 572 2539 potest.
629 2454 775 2536 (Medius
807 2455 840 2518 in
868 2454 902 2518 M
932 2453 1046 2519 scribit
1073 2474 1188 2535 quam
1216 2474 1281 2518 non

129 2580 210 2627 esse.
266 2561 332 2628 Sed
360 2583 435 2627 eum
457 2561 570 2627 codice
592 2564 700 2646 ipsum
722 2584 818 2628 usum
841 2582 928 2640 esse,
961 2570 1051 2626 recte
1073 2559 1282 2626 Drakenbor-

128 2666 233 2748 cbins,
255 2670 318 2734 vol.
336 2669 397 2735 VII
418 2693 449 2753 p.
467 2669 564 2747 XLV,
588 2690 709 2752 negare
731 2669 869 2733 ridetur.
915 2667 1117 2733 Carbachius
1139 2675 1281 2733 tantum:

129 2777 200 2860 qui
221 2798 406 2860 nmquam
428 2777 508 2842 fuit
530 2798 607 2861 pro:
631 2779 697 2860 qui
719 2796 903 2860 umquam
925 2775 1157 2855 adnotavit.)¹)

214 2881 293 2967 Cap.
314 2888 363 2964 35,
385 2890 405 2948 4
430 2884 477 2966 (in
501 2883 750 2950 condicionibus
773 2885 865 2967 pacis
888 2882 1010 2946 Nabidi
1034 2903 1053 2946 a
1072 2882 1106 2946 T.
1128 2880 1281 2959 Quinctio

124 2991 292 3075 scriptis):
327 3012 533 3076 vacuaque
563 3001 601 3056 et
629 2991 763 3056 libera
786 2990 879 3073 (Argi
909 2990 1113 3074 oppidaque,
1148 3006 1219 3071 quse
1248 2991 1281 3053 in

130 3098 323 3182 Argivorum
357 3119 437 3182 agro
470 3098 595 3180 essent)
632 3099 898 3163 traderentur
927 3097 1134 3174 Romanis,
1168 3105 1206 3160 et
1235 3117 1281 3160 ne

117 3206 236 3289 quod
264 3206 356 3272 inde
379 3207 625 3289 mancipium
649 3206 805 3287 regium
828 3204 1087 3288 publicumve
1110 3210 1182 3270 aut
1204 3205 1281 3286 pri-

121 3319 263 3378 uatum
293 3315 558 3392 educeretur;
587 3315 619 3377 si
643 3335 722 3396 qua
745 3321 839 3377 ante
862 3314 1008 3378 educta
1031 3310 1183 3388 forent,
1214 3310 1280 3376 do·

122 3421 248 3487 minis
276 3429 388 3486 recte
416 3422 751 3485 restituerentur.
801 3420 953 3485 Pleniora
980 3417 1051 3484 haec
1073 3417 1174 3483 habet
1196 3418 1281 3497 M,e

119 3549 194 3612 quo
228 3550 290 3613 pro
326 3529 577 3593 educeretur
610 3528 733 3611 iisque,
769 3548 842 3611 quae
871 3534 1069 3610 sequuntur,
1102 3526 1172 3590 haec
1200 3546 1276 3590 eno·
1295 3546 1366 3615 (404)

117 3641 256 3702 tantur:
290 3635 537 3701 educeretur
565 3636 650 3700 sine
681 3634 773 3699 dolo
802 3634 923 3713 malo;
959 3635 991 3699 si
1015 3655 1092 3716 qua
1114 3632 1281 3717 publice

117 3750 200 3809 aut
231 3743 423 3828 privatim
456 3751 547 3806 ante
582 3742 732 3807 educta
764 3741 920 3817 forent,
956 3740 1135 3806 dominis
1168 3747 1281 3804 recte

117 3851 466 3915 restituerentur.
517 3849 731 3932 Perspicuum
760 3858 810 3914 est
837 3848 919 3914 illud
948 3850 1037 3913 sine
1061 3847 1153 3913 dolo
1176 3848 1280 3911 malo

212 4020 222 4027 ο
254 4021 358 4028 ..n--u-

158 4117 182 4184 ¹)
200 4116 277 4187 [Onp.
295 4120 338 4185 34,
356 4122 373 4172 7
390 4121 421 4174 in
438 4120 482 4173 bis
501 4120 606 4173 verbis:
635 4118 674 4173 ad
699 4080 920 4187 respicienda
939 4119 1067 4187 cuique
1086 4116 1281 4171 domestica

196 4203 282 4256 mala
308 4203 419 4258 dativus
446 4205 494 4258 vix
518 4204 584 4258 ferri
610 4209 716 4274 potest,
743 4204 798 4257 nisi
830 4221 894 4257 eum
920 4203 1052 4272 UssIngio
1086 4203 1192 4257 scribas
1220 4219 1281 4255 suc

196 4288 327 4355 cuique.
366 4287 451 4357 lesu]
