3000 5116
687 480 748 541 395
1102 494 1164 549 nn).
1182 496 1294 551 XXVII.

137 666 364 732 accusativum
393 685 467 729 cum
496 662 657 729 infinitivo
684 663 774 729 nullo
803 664 900 729 modo
928 686 1042 748 posse,
1076 668 1143 731 iam
1171 668 1219 731 illi
1246 669 1296 732 in·

136 773 351 850 tellement,
386 773 443 856 qui
476 772 554 836 olim
576 772 740 855 placere
763 779 839 856 post
861 771 991 837 classe
1015 774 1294 859 interposuerunt.

139 883 292 965 Apparet
325 901 365 945 ex
401 879 477 962 ipsa
510 879 633 945 codicis
669 881 848 963 scriptura,
881 881 915 944 in
945 882 988 946 M.
1012 881 1135 948 Valerii
1163 886 1295 949 nomine

137 990 331 1055 aberratum
364 1008 435 1053 esse
469 993 503 1054 et
535 987 612 1053 inde
644 994 761 1053 natum
795 990 937 1072 ipsum.
993 990 1101 1056 Locus
1135 993 1182 1055 sic
1217 1014 1295 1075 snp-

138 1098 281 1182 plendus
311 1103 376 1162 est:
411 1103 481 1161 aut
509 1097 596 1179 ipse
627 1097 670 1161 M.
694 1097 885 1162 Valerius
914 1097 1080 1161 barim
1108 1098 1296 1163 traiicere

139 1214 205 1268 nt
234 1207 399 1287 mittere
428 1224 496 1268 seu
525 1203 561 1268 L.
586 1202 765 1269 Cincium
796 1210 857 1269 cet.
910 1205 1003 1288 Ipse
1031 1215 1214 1290 propraetor
1246 1229 1296 1273 se-

139 1320 280 1398 paratur
307 1313 476 1395 elegatis.
531 1312 668 1378 Poterat
702 1315 801 1378 etiam
835 1314 934 1378 scribi
967 1316 1191 1380 traiiceret
1226 1322 1297 1381 aut

141 1423 344 1486 mitteret.
391 1419 551 1501 (1863.)¹)

227 1527 305 1613 Cap.
332 1531 386 1607 12,
415 1531 434 1591 2
458 1535 492 1593 et
515 1533 533 1592 3
557 1528 705 1592 oratione
729 1529 776 1592 sic
799 1528 980 1612 descripta:
1014 1529 1112 1595 Post
1141 1551 1296 1614 paucos

138 1638 229 1703 dies
259 1643 509 1702 consecutus
532 1635 680 1700 Fabius
710 1635 802 1717 (est),
837 1638 904 1719 qui
934 1646 973 1701 et
1000 1637 1200 1720 collegam
1230 1659 1297 1704 co·

139 1766 223 1810 ram
245 1745 480 1810 obtestatus
504 1749 545 1808 et
566 1764 637 1826 per
659 1744 827 1808 litteras
850 1742 1094 1823 Marcellum,
1116 1753 1159 1809 ut
1181 1767 1296 1830 quam

140 1854 339 1918 acerrimo
373 1851 484 1917 bello
519 1851 727 1916 detineret
760 1850 1046 1932 Hannibalem,
1081 1852 1295 1937 dum-ipse

138 1961 362 2026 Tarentum
405 1967 663 2044 oppugnaret
711 1959 770 2041 (ea
813 1960 911 2024 urbe
952 1960 1144 2044 adempta
1185 1962 1297 2028 hosti

144 2105 182 2115 -·
216 2090 264 2133 ne
297 2067 534 2133 remorandi
568 2067 730 2152 quidem
764 2087 922 2132 causam
955 2068 995 2132 iu
1027 2067 1153 2133 Italia
1186 2069 1296 2151 fore),

140 2177 307 2260 Regium
330 2177 454 2240 etiam
476 2176 607 2240 mittit
631 2183 704 2253 cet,
728 2175 889 2240 vitabitur
911 2177 1030 2241 vitiosa
1054 2176 1179 2260 ellipsis
1205 2177 1297 2243 verbi

141 2284 339 2350 substantivi
368 2282 455 2366 apud
483 2284 693 2366 participium
721 2285 754 2347 in
784 2285 949 2348 sententia
972 2284 1111 2349 relativa
1133 2287 1297 2351 narratio·

139 2413 215 2457 nem
253 2391 329 2455 novi
368 2391 506 2455 membri
545 2391 730 2456 adiectione
766 2392 980 2457 continuante
1016 2399 1050 2457 et
1082 2393 1297 2458 concludente

141 2499 224 2583 (qui
240 2533 284 2544 —-
302 2497 535 2563 obtestatus
558 2519 633 2582 pro:
663 2500 729 2581 qui
749 2499 1045 2564 —obtestatus
1069 2500 1189 2582 est).²)
1230 2500 1294 2582 (Si-

140 2607 253 2672 milem
275 2606 385 2671 locum
406 2605 553 2683 XXXIV,
581 2611 631 2685 27,
661 2612 679 2671 5
703 2608 825 2672 rectius
849 2608 1007 2690 descripsi
1031 2630 1132 2691 supra
1154 2631 1185 2693 p.
1210 2609 1296 2690 215.)

140 2712 297 2780 Ceterum
326 2719 415 2778 recte
442 2714 644 2780 recentiores
673 2714 802 2797 aliquot
829 2715 957 2780 codices
986 2724 1019 2780 et
1046 2715 1297 2782 aperiremus

141 2823 398 2901 detinerent3
438 2823 614 2887 coniuncta
653 2824 739 2887 enim
777 2824 951 2906 utriusque
984 2840 1086 2905 opera
1119 2824 1297 2907 significari

141 2930 252 2995 debet.
307 2928 357 2994 Ne
385 2928 467 2994 illud
495 2930 627 3012 quidem
657 2932 726 2995 sine
753 2939 833 2996 nota
864 2937 921 2995 aut
949 2931 1135 3014 suspicione
1164 2940 1298 3014 praeter·

140 3036 353 3124 mittendum,
380 3059 463 3114 uno,
494 3039 583 3122 quod
607 3040 724 3116 sciam,
752 3037 910 3103 hocloco
934 3038 1023 3121 apud
1046 3038 1168 3102 bonum
1191 3059 1298 3121 prosa

143 3147 303 3211 orationis
342 3147 537 3229 scriptorem
575 3142 772 3211 remorari
811 3168 871 3228 pro
911 3147 1118 3211 intransitive
1154 3147 1298 3229 positum
1331 3167 1335 3175 ·
1416 3207 1420 3216 .

141 3254 225 3337 legi3
259 3252 351 3318 alibi.
368 3274 497 3335 semper
525 3255 737 3318 transitivum
765 3262 830 3332 est;
864 3254 970 3318 altero
1000 3253 1187 3335 significatu
1218 3276 1298 3319 mo-

144 3362 227 3426 rari
256 3360 383 3425 'dicitnr
411 3360 514 3443 (quod
549 3360 602 3425 bic
630 3364 663 3426 in
697 3383 763 3427 uno
793 3369 826 3426 et
854 3361 959 3427 altero
988 3362 1152 3427 deteriore
1183 3363 1297 3428 codice

146 3468 326 3551 scribitur).
371 3467 531 3533 Ortumne
554 3490 595 3533 re
619 3489 658 3533 ex
681 3469 882 3552 praecedenti
905 3469 973 3533 ne?

173 3685 197 3751 ¹)
215 3685 282 3757 Gap.
304 3689 333 3752 9,
360 3690 406 3754 13,
428 3688 478 3741 nbi
501 3688 604 3741 editur:
632 3688 742 3758 legati
765 3706 874 3756 neque
900 3707 949 3756 se,
977 3689 1067 3757 quod
1090 3689 1223 3742 domum
1247 3706 1300 3743 re·

212 3773 426 3839 nuntiarent,
450 3773 577 3827 habere
597 3774 769 3839 dixerunt,
791 3791 898 3842 neque
918 3780 1074 3829 senatum
1093 3792 1195 3839 suum,
1218 3773 1299 3841 quid

212 3857 296 3911 novi
315 3859 529 3925 consuleret,
552 3860 599 3912 vix
618 3859 734 3912 dubium
753 3859 821 3926 quin
839 3859 1018 3913 scribendum
1036 3859 1086 3912 sit:
1110 3859 1198 3926 quod
1221 3859 1300 3912 novi

212 3943 456 4012 consulerent3
483 3961 564 3998 novae
587 3944 801 3998 consultationis
824 3945 942 3998 materia
959 3961 1019 3998 esse
1037 3950 1164 4012 negatur.
1201 3944 1299 4011 (186³.)

214 4024 363 4095 [Similiter
386 4045 409 4082 c.
431 4032 475 4096 12,
498 4032 514 4084 3
537 4048 589 4099 pro
613 4028 695 4097 quid
717 4032 795 4082 recte
818 4028 1034 4098 Wesenbergius
1065 4028 1156 4096 qnod
1179 4029 1301 4082 scriben-

216 4111 283 4165 dum
301 4129 363 4167 esse
381 4113 473 4183 vidit]

173 4195 198 4264 ’l
216 4192 286 4263 [Hac
311 4199 442 4254 cautione
466 4199 576 4255 adiecta
600 4205 694 4265 tueor,
718 4199 795 4267 qnod
818 4199 852 4251 de
876 4198 946 4250 vitio
965 4197 1037 4264 dixi,
1062 4203 1161 4251 contra
1180 4195 1298 4251 Wesen-

214 4283 304 4352 bergii
327 4283 496 4352 dissensum,
520 4286 565 4340 cui
589 4286 624 4339 de
643 4285 703 4339 aliis
724 4286 792 4338 locis
812 4282 950 4347 concedo;
974 4301 999 4335 v.
1017 4284 1089 4336 Ann.
1109 4281 1208 4335 Philol.
1228 4281 1300 4337 Dan.

213 4364 256 4420 IX
274 4386 300 4437 p.
320 4366 373 4437 38.]
881 4360 1017 4416 Α
