3000 5116
683 451 744 512 337
1112 459 1173 512 Lib.
1192 457 1290 511 xxn‘.

222 636 301 720 Cap.
328 641 376 713 10,
408 640 456 714 ll,
479 636 535 700 ubi
558 636 598 700 de
622 636 780 719 prodigiis
803 636 921 718 agitur,
951 632 1033 696 nihil
1056 632 1187 696 omnino
1211 637 1293 705 erat,

136 768 195 811 cur
217 744 331 828 Lipsio
360 750 494 808 auctore
524 743 566 808 ab
590 744 741 808 omnibus
765 745 919 826 deinceps
943 740 1125 806 editoribus
1149 740 1293 823 quinque

136 853 237 918 verba
260 854 456 917 eiicerentur
478 874 583 935 neque
607 851 756 916 codicum
780 852 848 916 ullo
872 850 994 914 indicio
1018 857 1172 931 suspecta
1188 868 1293 928 neque

137 983 158 1026 a
178 961 263 1026 Livii
285 960 394 1025 animo
418 967 452 1028 et
475 960 613 1025 consilio
637 959 756 1023 aliena.
801 959 894 1035 Nam,
917 965 955 1022 ut
977 965 1048 1022 erat
1072 957 1141 1021 eius
1164 958 1198 1020 in
1220 962 1293 1022 toto

138 1069 201 1134 hoc
237 1089 358 1151 genere
388 1068 544 1133 instabile
577 1066 750 1142 iudicium,
781 1088 867 1130 nunc
902 1067 944 1130 ad
979 1065 1155 1147 {equalium
1189 1066 1296 1128 incre-

139 1177 334 1255 dulitatem,
375 1197 461 1240 nunc
494 1176 536 1240 ad
566 1176 707 1259 speciem
738 1175 904 1258 quandam
931 1174 1099 1256 religionis
1134 1194 1208 1237 cum
1237 1193 1295 1237 an·

139 1287 239 1370 tiquae
289 1283 510 1366 simplicitatis
557 1283 776 1347 admiratione
823 1305 858 1347 se
898 1283 1074 1361 inclinans,
1122 1282 1184 1345 hoc
1222 1282 1294 1346 loco

71 1445 74 1448 <
142 1415 207 1458 non
253 1394 323 1456 sine
369 1391 451 1455 leni.
475 1391 628 1455 irrisione
674 1391 852 1473 significat,
899 1392 1060 1455 miracula
1099 1390 1172 1468 illa,
1223 1411 1296 1472 qua

138 1502 385 1577 nuntiarentur,
414 1498 563 1564 homines
592 1501 683 1581 ipsos
712 1499 788 1576 sibi,
819 1501 918 1564 motis
947 1499 1047 1563 semel
1070 1499 1113 1563 ad
1137 1497 1296 1563 sollicitu-

141 1611 249 1674 dinem
294 1615 327 1672 et
372 1608 639 1689 superstitionem
688 1609 820 1685 animis,
864 1607 1032 1672 ¹obiecisse
1080 1616 1113 1671 et
1150 1607 1296 1679 tinxisse3

140 1740 241 1783 unum
270 1714 402 1801 quidem
430 1737 497 1780 non
520 1714 634 1780 fiotum
656 1715 773 1794 fuisse,
803 1715 874 1794 sed,
904 1738 1002 1799 quum
1026 1715 1221 1779 naturaliter
1244 1735 1298 1777 uc-

141 1825 291 1902 eidisset,
320 1823 564 1901 tantummodo,
595 1823 681 1905 quod
710 1846 821 1888 rarum
851 1832 951 1901 esset,
981 1846 1040 1906 pro
1071 1823 1219 1905 prodigio
1243 1842 1304 1885 ac·¹

140 1940 273 2016 ceptum
302 1932 398 1996 dicit:
434 1931 536 2008 Quin
565 1933 694 1996 Roma
725 1952 884 2016 quoque
913 1934 953 1995 in
976 1933 1066 2014 ipsa
1088 1930 1204 2007 urbe,
1235 1951 1297 1993 se-

141 2041 315 2105 cundum
343 2032 458 2121 apum
491 2061 655 2103 examen
685 2042 722 2103 in
752 2039 839 2104 foro
869 2041 995 2105 visum
1026 2038 1144 2122 (quod
1173 2038 1297 2101 mira-

142 2149 225 2214 bile
248 2153 319 2226 est,
342 2147 437 2228 quia
459 2148 603 2226 rarum)
627 2147 898 2212 adfirmantes
922 2148 1091 2231 quidam,
1113 2147 1298 2228 legiones

141 2279 182 2321 se
206 2262 386 2320 armatas
410 2256 449 2317 in
473 2254 657 2318 laniculo
681 2256 828 2333 videre,
859 2257 1177 2319 concitaverunt
1200 2255 1298 2317 oiri·

140 2371 266 2429 tatem
289 2361 335 2426 ad
359 2382 483 2440 arma,
513 2385 648 2445 quum,
678 2365 743 2446 qui
768 2366 807 2427 iu
830 2364 1018 2428 laniculo
1043 2369 1201 2434 essent,
1232 2383 1299 2425 ne-

141 2476 300 2556 garent,
328 2490 563 2552 quemquam
591 2471 647 2535 ibi
677 2480 826 2553 praeter
855 2472 975 2537 collis
999 2473 1086 2536 eius
1111 2471 1295 2535 cultores
1314 2481 1385 2553 (276)

140 2578 402 2664 apparuisse.
458 2577 496 2641 In
529 2577 579 2643 his
614 2602 745 2663 quoque
780 2582 935 2645 extremis
969 2585 1109 2663 apparet
1142 2580 1234 2658 lenia,
1263 2586 1299 2643 ut

141 2687 221 2765 dixi,
245 2687 365 2764 irrisio,
390 2707 461 2768 quae
484 2706 511 2749 e.
535 2693 585 2765 44,
610 2692 631 2750 8
653 2688 802 2752 acerbior
826 2695 875 2753 est
892 2691 921 2768 ¹)

211 2959 317 3024 tentia,
344 2959 455 3025 nequit;
486 2959 615 3013 codicum
642 2960 781 3028 scriptura
807 2961 843 3013 ad
868 2960 985 3013 Latinas
1012 2977 1094 3013 aures
1123 2960 1193 3013 nihil
1221 2959 1299 3013 aliud

212 3042 385 3112 significaret
415 3044 469 3097 uisi
501 3043 530 3110 Q.
558 3044 676 3097 Fabium
708 3051 767 3098 turn
799 3047 898 3098 vivere.
956 3045 1010 3098 Sed
1044 3046 1143 3099 eodem
1171 3046 1235 3099 loco
1263 3046 1298 3098 ab

213 3128 344 3183 omnibns
366 3129 514 3183 retinetur:
543 3131 570 3183 si
597 3148 661 3198 qua
689 3148 726 3183 ex
752 3149 787 3184 re
811 3137 987 3198 oreretur,
1016 3131 1091 3198 quod
1115 3131 1216 3184 Latine
1241 3132 1297 3200 sig·

213 3212 322 3268 nificat:
351 3213 379 3267 si
401 3230 440 3267 ex
465 3215 583 3283 aliqua
606 3235 651 3283 re3
680 3234 745 3270 nam
763 3235 796 3270 re
814 3235 866 3286 pro
885 3234 922 3269 ea
940 3233 974 3270 re
992 3217 1049 3269 dici
1067 3218 1177 3283 nequit,
1206 3218 1299 3284 itaque

212 3299 372 3353 necessario
395 3317 458 3353 cum
476 3303 643 3368 pronomine
661 3304 849 3370 coniungitur.
891 3302 1074 3356 Scribendum
1094 3320 1156 3355 cunr
1175 3303 1300 3356 Dukero:

213 3384 243 3437 si
274 3402 340 3452 qua
366 3402 405 3438 ex
434 3403 471 3439 ea
496 3403 539 3439 re.
585 3387 646 3440 Etsi
673 3405 748 3441 nova
770 3389 894 3456 prolerre
917 3389 1096 3456 propositum
1122 3397 1176 3454 ert,
1205 3394 1300 3441 tamen

213 3469 334 3524 subinde
352 3470 430 3536 libet,
453 3472 588 3541 exemplis
606 3491 640 3525 ex
657 3474 787 3541 proximo
806 3475 1028 3539 occurrentibus,
1047 3480 1214 3539 monstrare,
1232 3474 1301 3543 quid

213 3554 289 3610 Livii
308 3555 411 3609 editori
428 3563 517 3611 restet
534 3557 692 3612 laciendum
712 3567 760 3612 aut
778 3577 811 3611 ex
829 3577 918 3628 nuper
935 3560 1016 3613 factis
1035 3559 1238 3628 retingendum.

172 3641 198 3708 ¹)
219 3638 237 3708 ἕ
255 3643 280 3704 4,
303 3641 350 3694 ubi
368 3641 398 3695 in
415 3642 437 3695 P
455 3648 532 3696 notae
551 3649 628 3697 sunt:
652 3649 684 3697 et
706 3647 751 3713 pi.
772 3644 898 3712 prioris
921 3646 1001 3698 anni
1026 3662 1088 3714 pro
1112 3650 1167 3716 p‘r,
1192 3647 1299 3701 Forch·

214 3725 342 3780 hammer
372 3727 551 3781 scribendum
578 3728 663 3781 vidit:
700 3734 733 3781 et
763 3735 933 3797 praetores
965 3732 1093 3799 prioris
1125 3735 1205 3787 anni
1238 3751 1300 3800 pro

215 3810 430 3879 praetoribus
455 3829 509 3881 pro
537 3831 583 3880 eo,
618 3814 693 3881 quod
721 3814 826 3867 editur:
855 3843 888 3854 -
915 3833 974 3884 pro
1001 3825 1156 3885 praetore¹
1203 3817 1301 3884 (1862.)

215 3894 282 3963 Cap.
304 3897 348 3962 13,
371 3897 648 3952 bWeissenbornius
667 3917 702 3953 ex
720 3899 742 3951 P
761 3899 862 3953 edidit:
886 3902 1088 3971 Philippum
1111 3904 1200 3957 hunc
1220 3920 1299 3971 por·

214 3984 298 4046 tum,
323 3981 360 4034 si
375 3983 549 4053 transiret
567 3984 601 4037 in
618 3983 776 4050 Italiam,
799 3985 1023 4040 Brundisium
1042 3989 1181 4042 Romani
1200 3988 1300 4041 habe-

214 4070 301 4131 rent,
319 4068 520 4134 petiturum.
557 4070 675 4122 Prorsus
693 4086 835 4138 perverse,
854 4076 886 4123 ut
904 4073 1061 4139 asyndeton
1081 4074 1218 4137 omittam,
1238 4091 1299 4126 ver·

214 4150 283 4203 burn
301 4149 472 4206 heberent
490 4153 639 4206 subiicitur
657 4155 849 4208 coniunctioni
868 4158 902 4208 si.
946 4158 1001 4211 Sed
1019 4176 1070 4227 pro
1090 4177 1201 4226 quum,
1226 4161 1302 4225 quod

214 4235 277 4288 aine
304 4235 435 4290 codicum
461 4239 605 4292 mentione
633 4238 785 4305 edebatur,
813 4242 908 4308 potius
936 4243 1125 4310 supplendum
1150 4248 1192 4296 est-
1215 4261 1299 4309 quo·

213 4321 313 4374 niam.
351 4320 451 4386 (1662.)
