2994 5108
698 470 756 530 551
1067 481 1128 535 Lib.
1149 481 1302 535 XXXVIII.

149 654 214 720 Sed
237 662 347 718 tamen
376 655 475 718 etiam
504 653 736 717 maluissem
759 651 878 716 dicitur
913 653 980 716 Liv.
1004 653 1074 731 VII,
1099 659 1127 732 5,
1152 658 1179 731 7,
1216 652 1303 718 Suet.

149 762 249 845 Vesp.
274 767 302 841 8,
324 762 529 826 voluisset
553 759 618 824 Cic.
642 782 702 843 pro
726 760 795 825 Mil.
820 758 886 841 29]
920 761 1022 824 Paulo
1046 767 1131 839 ante,
1157 760 1172 841 ,ξ
1196 765 1224 827 9.
1248 761 1305 825 ubi

147 869 274 933 editur:
296 869 339 933 ln
361 868 437 934 hoc
459 889 563 944 casu,
588 890 663 950 quo
685 868 918 933 infeliciter
935 869 1095 948 incidit,
1118 875 1162 931 ut
1180 868 1306 932 talem

148 977 273 1042 civem
296 977 593 1051 amitteremus,
617 977 785 1053 haerent,
810 997 875 1039 non
898 975 1075 1040 admodum
1093 976 1202 1058 placet
1224 975 1306 1040 illud

149 1104 266 1159 casu,
290 1104 366 1165 quo
391 1119 429 1128 —
453 1083 618 1162 incidit,
642 1090 675 1147 et
698 1082 806 1147 mendi
826 1084 1046 1165 suspicionem
1068 1083 1195 1147 faciunt
1217 1083 1305 1148 codi-

146 1211 201 1256 ces
235 1188 557 1270 Drakenborchiani3
601 1212 679 1254 nam
719 1212 798 1272 quo
833 1191 924 1254 deest
963 1191 997 1253 in
1031 1189 1106 1254 Lov.
1144 1195 1170 1268 l,
1206 1197 1235 1267 4,
1276 1196 1304 1269 6,

146 1298 250 1376 Voss,
284 1299 317 1362 in
350 1298 427 1363 Lov.
454 1301 471 1359 3
502 1298 636 1379 legitur:
671 1299 710 1360 in
734 1297 807 1361 hoc
840 1299 978 1379 iniquo
1014 1318 1111 1362 casu
1146 1319 1238 1379 quo,
1272 1301 1305 1362 in

146 1406 224 1471 Lor.
249 1409 278 1485 2,
301 1405 407 1469 Mead.
431 1413 582 1488 utroque,
607 1405 698 1468 Harl.
722 1406 759 1468 in
783 1403 857 1469 hoc
880 1427 959 1488 quo
983 1426 1095 1483 casu,
1119 1407 1152 1468 in
1175 1406 1251 1469 Lov.
1277 1411 1305 1484 5,

144 1515 240 1578 utin
263 1512 334 1577 edd.
353 1520 430 1577 ante
448 1513 581 1577 Aldum:
606 1514 645 1575 iu
668 1512 741 1576 hoc
765 1533 928 1596 quoque
952 1534 1057 1576 casu.
1093 1512 1154 1592 (De
1171 1512 1206 1576 M
1225 1513 1305 1577 nihil

145 1620 314 1702 traditur.)
360 1619 586 1703 Scripseratne
609 1620 736 1684 Livius:
767 1619 810 1684 ln
833 1620 922 1698 hoc,
947 1620 1052 1703 quod
1076 1620 1306 1686 infeliciter

144 1728 313 1807 incidit,
336 1728 618 1808 -haerent?1)

232 1835 311 1919 Cap.
326 1839 375 1915 53,
388 1840 407 1899 2
427 1843 460 1900 et
473 1840 491 1899 3
513 1836 561 1917 (in
574 1837 722 1900 oratione
742 1835 790 1899 Ti.
804 1836 944 1901 Gracchi
966 1837 1007 1900 ad
1020 1836 1177 1920 populum
1190 1844 1307 1901 contra

143 1942 320 2022 Petillios):
344 1942 439 2008 Ideo
463 1942 510 2023 (P.
535 1942 659 2026 Scipio)
677 1979 720 1988 -
743 1942 969 2026 Syphacem
992 1945 1116 2026 cepit,
1139 1944 1302 2023 Hanni,

144 2050 275 2116 balam
299 2051 460 2130 devicit,
479 2050 770 2133 Carthaginem
789 2051 1035 2133 vectigalem
1053 2051 1174 2116 nobis
1193 2051 1302 2131 fecit,

143 2159 390 2224 Antiochum
414 2158 587 2241 (recepit
610 2160 715 2222 enim
738 2159 907 2223 fratrem
931 2166 1161 2223 consortem
1183 2159 1302 2225 huius

144 2266 285 2350 gloria
306 2266 341 2330 L.
366 2265 516 2348 Scipio)
540 2266 651 2330 ultra
675 2268 770 2348 iuga
798 2266 923 2330 Tauri
952 2269 1111 2345 emovit,
1142 2274 1183 2331 ut
1206 2268 1303 2332 duo-

143 2373 218 2439 bus
241 2373 422 2438 Petilliis
446 2374 744 2447 succumberet,
768 2396 838 2438 vos
865 2373 911 2437 de
934 2374 969 2437 P.
994 2375 1187 2439 Africano
1217 2376 1303 2457 pal-

142 2502 243 2546 mam
277 2482 501 2564 peteretis?
545 2481 707 2564 Populum
743 2481 910 2545 Gracchus
948 2481 1156 2565 adloquitur,
1190 2504 1304 2548 auersa

141 2590 293 2655 oratione
315 2610 379 2653 non
403 2610 423 2653 a
445 2589 592 2666 Petilliis,
617 2588 674 2653 sed
698 2610 718 2652 a
741 2591 858 2654 ceteris
881 2589 1039 2670 tribunis,
1063 2612 1144 2672 quos
1168 2591 1301 2673 adloqui

141 2703 313 2780 coeperat3
348 2697 498 2780 sequitur
527 2698 627 2761 enim:
662 2696 841 2761 nullisne
875 2699 1032 2762 vestris
1066 2697 1299 2764 honoribus

141 2804 207 2882 Qui
228 2804 328 2886 igitur
351 2804 493 2887 populus
517 2804 581 2868 dici
606 2806 716 2887 potuit
738 2806 880 2893 palmam
904 2805 944 2868 de
967 2805 1003 2868 P.
1023 2803 1214 2871 Africano
1238 2829 1299 2889 pe-

140 2916 248 2990 tere,
272 2911 334 2976 hoc
356 2918 417 2990 est,
441 2912 496 2976 illo
521 2913 608 2976 victo
632 2912 771 2993 gloriam
793 2913 856 2977 sibi
884 2913 1055 2996 quaerere?
1099 2913 1167 2976 Nec
1189 2920 1299 2978 tamen

138 3020 223 3104 ipsis
241 3019 380 3083 Petilliis
402 3027 479 3102 post
502 3021 784 3085 succumberet
813 3021 916 3102 (quod
939 3020 1112 3084 victoriam
1135 3022 1200 3084 iam
1223 3042 1298 3103 par·

137 3134 209 3193 tam
243 3125 420 3209 significat)
448 3133 538 3190 recte
567 3126 732 3192 diceretur
766 3129 983 3211 peteretis,
1019 3127 1076 3191 sed
1110 3127 1326 3207 ferr·etis;‚

137 3234 191 3299 rel
219 3235 345 3317 potius:
380 3235 444 3298 illi
466 3269 509 3280 —
531 3234 704 3315 ferrent,
737 3256 813 3299 nam
843 3257 916 3299 cum
940 3242 1132 3318 contemptu
1155 3256 1296 3300 comme-

136 3349 255 3421 morat,
278 3363 344 3406 nou
377 3341 578 3423 adloquitur.
626 3342 702 3425 Ipsa
736 3344 941 3426 comparatio
976 3349 1030 3408 tot
1063 3349 1296 3424 tantorumque

137 3450 410 3526 adversariorum,
433 3470 516 3531 quos
540 3450 574 3513 P.
599 3448 708 3532 Scipio
725 3451 812 3528 vicit,
837 3472 911 3515 cum
931 3450 1062 3515 duobus
1080 3450 1295 3530 homunculis

137 3558 195 3640 qui
218 3577 292 3621 eum
314 3577 401 3622 nuuc
424 3564 630 3639 oppugnant,
654 3558 799 3622 ostendit
822 3560 1019 3623 sententiam
1044 3559 1214 3622 terminari
1239 3559 1295 3622 de·

136 3663 217 3728 bere
239 3664 273 3726 in
289 3664 370 3729 illis:
392 3671 436 3728 nt
459 3663 618 3729 duobus
641 3665 822 3731 Petilliis
846 3665 1152 3729 succumberet?
1176 3666 1293 3731 deinde

136 3771 437 3852 interrogationem,
460 3793 543 3836 novo
567 3780 698 3857 sumpto
721 3774 815 3839 initio
834 3774 1044 3856 repetitoque
1067 3772 1102 3836 P.
1127 3772 1288 3855 Scipionis
1308 3783 1378 3850 (448)

135 3879 266 3942 nomine
289 3878 370 3960 (vos
394 3879 440 3943 de
462 3879 498 3943 P.
522 3879 637 3962 Scip,
665 3903 745 3945 non:
777 3901 845 3945 vos
869 3881 914 3944 de
939 3879 1044 3960 illo),
1069 3878 1112 3943 ad
1133 3881 1291 3963 populum

162 4148 190 4213 ¹)
210 4145 287 4216 [Cap.
305 4151 347 4215 50,
368 4153 381 4202 l
400 4150 486 4204 inhia
502 4151 608 4204 verbis:
627 4151 829 4204 Dimittitur
848 4156 994 4204 senatus
1017 4160 1048 4209 tn
1067 4166 1104 4201 ca
1122 4149 1290 4216 opinione

204 4238 272 4299 cet,
300 4251 385 4301 quum
414 4234 599 4303 significetur,
627 4253 688 4303 quae
718 4235 803 4290 fuerit
830 4235 977 4288 hominum
1004 4234 1098 4302 opinio
1123 4234 1157 4287 de
1181 4240 1289 4302 senatu,

203 4319 436 4386 praepositionem
454 4320 489 4374 in
507 4321 554 4373 vix
571 4320 631 4375 lero
651 4321 784 4375 additam.
823 4318 909 4386 1865)
