2994 5108
626 458 687 517 513
1041 467 1102 522 bib.
1121 466 1231 524 XXXV.

77 664 179 727 quam
204 644 309 707 visum
333 663 421 719 esse,
457 640 630 706 consilium
652 660 729 705 uno
753 638 815 703 die
838 647 973 723 captum
996 661 1083 723 esse;
1117 661 1232 726 quam-

78 772 179 834 quam
208 772 248 814 ne
277 750 339 814 hoc
367 749 499 832 quidem
523 748 719 813 verbanno
743 747 805 811 die
827 747 884 812 illo
907 748 979 813 loco
1002 749 1110 831 posita
1132 748 1232 829 (inter

77 858 294 923 consilium
324 866 356 922 et
385 858 553 939 genetivus
583 855 613 919 ei
637 855 760 919 nomini
783 855 970 936 adiunctos)
994 863 1083 921 recte
1107 857 1231 940 signifi·
1357 932 1360 939 ¹

77 987 154 1031 care
184 973 336 1050 possunt,
371 964 427 1029 sed
457 971 601 1042 tantum,
636 963 733 1046 quale
769 962 852 1027 illud
885 964 1056 1029 consilium
1084 986 1148 1030 uno
1178 967 1230 1030 die

75 1073 158 1156 (non
182 1075 314 1154 ceteris)
337 1073 445 1136 fuerit.
497 1072 566 1136 Nec
589 1092 640 1135 me
662 1069 763 1149 fallit,
791 1070 887 1152 vulgo
911 1069 981 1137 haec
1003 1072 1104 1139 verba
1126 1075 1231 1157 accipi

79 1181 118 1246 de
153 1181 291 1247 consilio
325 1182 407 1245 inito
435 1186 503 1245 tres
533 1178 632 1243 urbes
661 1200 727 1244 uno
758 1177 809 1241 die
837 1178 1035 1262 occupandi,
1070 1179 1128 1246 sed
1158 1202 1231 1246 eam

77 1291 275 1355 seutentiam
315 1310 354 1352 ex
393 1288 502 1352 verbis
544 1287 635 1352 salva
674 1286 834 1351 sermonis
874 1294 996 1352 natura
1029 1309 1112 1371 nego
1147 1287 1231 1354 effici

78 1418 190 1481 posse;
219 1417 279 1461 nec
302 1417 435 1461 moveor
458 1393 719 1459 Drakenborchii
742 1393 875 1473 iudicio,
905 1394 947 1460 ad
971 1416 998 1460 c.
1023 1398 1072 1474 31,
1100 1399 1137 1461 13
1161 1396 1231 1461 baec

76 1504 152 1570 aliis
194 1504 350 1585 exemplis
385 1503 557 1567 verborum
592 1504 807 1566 traiectorum
841 1502 910 1567 sine
943 1503 1010 1568 ullo
1045 1503 1230 1569 discrimine

78 1612 297 1677 admisceatis.
356 1609 420 1674 Sed
455 1617 491 1674 ut
525 1610 712 1688 concedam,
745 1610 794 1675 ita
820 1609 965 1694 intellegi
996 1610 1096 1676 verba
1123 1633 1230 1695 posse,

78 1721 218 1803 primum
252 1718 333 1783 nihil
370 1720 500 1782 omnino
530 1724 617 1796 erat,
653 1737 711 1781 cur
745 1739 810 1783 uno
845 1717 897 1782 die
931 1718 1030 1783 urbes
1065 1718 1229 1784 diiunctus

77 1828 234 1911 occupari
256 1826 392 1904 vellent,
427 1847 527 1908 qurum
556 1847 621 1890 uon
651 1826 692 1889 iis
719 1825 868 1889 artificiis
896 1833 1085 1906 uterentur,
1120 1835 1158 1891 ut
1186 1826 1229 1891 ad

74 1934 204 2000 consilii
229 1935 472 1999 exsecutionem
497 1934 695 2016 pertineret,
731 1932 847 1997 eodem
876 1934 1034 2016 temporis
1062 1941 1228 1999 momento

75 2042 226 2107 omnibus
249 2041 330 2106 locis
353 2062 421 2105 rem
445 2043 506 2123 agi.
563 2041 606 2105 Et
635 2041 880 2123 apertissimum
908 2047 958 2106 est
986 2062 1026 2106 ex
1054 2047 1126 2106 tota
1154 2063 1228 2107 nar·

77 2150 213 2228 ratione,
238 2149 319 2212 nihil
342 2148 529 2213 huiusmodi
553 2148 607 2229 (de
631 2169 696 2213 uuo
720 2147 786 2226 die)
810 2149 989 2230 cogitatum
1013 2171 1094 2215 esse.
1127 2151 1228 2217 Lace-

75 2257 224 2323 daemone
254 2257 386 2340 quidem
416 2258 537 2321 sensim
567 2277 604 2320 ac
634 2277 692 2337 per
715 2255 848 2338 longum
872 2263 1001 2340 tempus
1024 2279 1076 2323 res
1100 2281 1227 2342 prapa-

77 2365 181 2430 rauda
204 2372 238 2429 et
261 2366 392 2429 occasio
415 2365 580 2447 captanda
603 2370 689 2442 erat,
723 2369 760 2428 ut
789 2371 900 2428 certus
929 2366 978 2429 rei
1000 2366 1135 2448 agendae
1158 2368 1227 2432 dies

78 2480 154 2537 ante
192 2473 348 2537 constitui
379 2472 470 2535 nullo
500 2471 595 2534 modo
624 2472 771 2553 potuerit
799 2470 883 2554 (cap.
909 2477 947 2537 35
978 2481 1011 2538 et
1040 2474 1104 2555 36).
1161 2474 1229 2540 Nec

78 2581 193 2646 eodem
215 2580 283 2659 die,
319 2580 376 2644 sed
406 2578 550 2643 iisdem
581 2579 723 2642 diebus
747 2577 788 2658 (c.
813 2581 866 2658 37,
897 2580 930 2661 4)
955 2579 1085 2648 Chalcis
1108 2586 1230 2649 tentari

76 2696 193 2771 coepta
224 2695 275 2752 est
305 2696 339 2751 et
368 2689 400 2750 iu
429 2694 548 2751 conatu
578 2685 784 2768 aliquantum
815 2690 971 2770 temporis
1000 2699 1229 2774 consumptum

75 2794 118 2877 (o.
137 2799 177 2859 37
195 2802 230 2860 et
247 2794 310 2876 38).
351 2793 415 2875 (hd
433 2794 502 2857 haec
522 2793 657 2867 accedit,
682 2792 770 2874 quod
787 2796 952 2876 particula
973 2818 1131 2880 quoque
1154 2808 1230 2881 post

72 2905 161 2987 spei
196 2925 259 2968 nou
293 2903 409 2980 habet,
448 2924 512 2983 quo
547 2899 734 2981 referatur.)
792 2901 1001 2968 Manifestum
1036 2913 1086 2970 est
1119 2908 1228 2989 igitur,

72 3017 268 3094 corruptum
292 3031 361 3075 esse
384 3032 461 3074 uno
486 3009 563 3087 die,
597 3009 744 3090 latetque
776 3010 836 3074 sub
864 3008 915 3075 his
943 3011 1064 3078 litteris
1093 3014 1227 3097 aliquid,

73 3118 181 3201 quod,
210 3119 294 3183 sicut
317 3119 466 3200 proxima
489 3118 589 3200 (spei
613 3115 707 3197 cet),
738 3115 997 3197 adnotandum,
1025 3122 1122 3204 quale
1146 3122 1227 3186 illud

60 3225 249 3291 consilium
281 3225 394 3304 luerit,
428 3226 601 3308 pertineat.
665 3223 746 3288 Mihi
780 3225 908 3288 videtur
942 3225 1050 3294 Livius
1082 3230 1227 3295 scribere

64 3334 238 3418 potuisse:
280 3333 405 3397 AEtoli
439 3332 657 3397 consilium
685 3331 740 3393 rel
770 3353 838 3415 spe
869 3355 1027 3416 quoque
1056 3357 1130 3400 non
1159 3358 1227 3401 au·

59 3440 191 3507 <lacis
219 3440 347 3517 mode,
382 3441 450 3506 sed
481 3441 601 3504 etiam
630 3439 876 3523 impudentis
905 3452 1117 3525 oeperunt,
1151 3446 1226 3512 De·

51 3549 326 3627 metriadem,
362 3546 439 3627 Ch,
472 3549 561 3612 Lac.
594 3548 837 3629 occupandi,
871 3549 912 3614 ad
947 3553 1132 3634 genetivum
1165 3556 1223 3618 rei
1242 3585 1312 3651 (41³)

54 3656 282 3741 appositione
315 3656 470 3720 adiuncto
504 3654 654 3738 gerundii
689 3656 850 3737 genetivo.
907 3657 961 3723 Sic
997 3662 1082 3725 enim
1115 3662 1226 3729 Livius

48 3760 241 3829 interdum
264 3764 414 3845 gerundii
436 3785 502 3828 uon
525 3763 705 3828 ablativum
728 3762 834 3827 solum
854 3764 892 3845 (1,
917 3770 966 3846 56,
990 3772 1019 3847 2,
1043 3769 1099 3835 ubi
1123 3771 1227 3837 Weis-
1308 3801 1314 3814 ·

42 3870 272 3936 senbornius
299 3870 358 3950 VI,
395 3875 448 3948 ll,
484 3875 502 3934 9
533 3870 676 3951 citavit),
711 3870 769 3935 sed
803 3872 903 3937 etiam
937 3877 1159 3942 accusativum
1194 3887 1227 3944 et

39 3980 262 4061 genetivum
294 3980 400 4062 ponit,
429 3981 652 4043 accusativum
681 3977 773 4052 XXI,
804 3985 837 4057 4,
874 3984 891 4043 3
923 3989 954 4046 ct
984 3982 1092 4062 XXII,
1128 3990 1161 4063 8,
1197 3992 1224 4066 5,

35 4086 259 4167 genetivum
282 4085 324 4164 Il,
347 4090 399 4165 47,
426 4091 464 4151 12
488 4086 708 4167 (immemor
732 4087 833 4164 eius,
865 4088 969 4171 quod
992 4090 1113 4157 initio
1138 4113 1225 4159 con-

38 4193 237 4259 eulaeus
261 4193 488 4274 imbiberat,
517 4193 820 4258 reconciliandi
844 4197 997 4262 animos
1021 4200 1169 4283 plebis)
1193 4212 1227 4268 et

36 4286 209 4379 XXXII,
236 4304 285 4379 19,
311 4306 324 4363 1
352 4303 424 4381 (rei
446 4301 611 4365 maioris
634 4321 736 4382 spes,
759 4301 992 4368 Achaeorum
1015 4317 1227 4388 gentem—

964 4427 996 4478 33
