2994 5108
173 517 236 573 Lib.
255 517 327 571 XLI.
721 505 784 566 606

262 688 341 773 Cap.
376 693 404 769 9,
441 693 477 753 11
508 687 579 770 (ubi
603 697 737 755 senatus
761 688 911 755 consulto
933 694 1065 753 cautum
1097 693 1257 753 narratur
1290 686 1335 752 de

176 798 246 864 iure
269 797 409 863 iurando
431 799 466 862 in
493 798 749 863 manumissione
778 794 951 880 exigendo)
985 795 1149 861 edebatur
1176 795 1336 861 ecodiee

177 907 250 991 (qui
272 906 325 971 hic
355 907 421 971 iem
455 907 600 990 incipit):
632 911 676 971 ut
709 905 907 984 dictator,
942 904 1096 984 consul,
1128 904 1331 982 interrex,

177 1035 333 1093 censor,
358 1019 517 1097 praetor,
545 1014 611 1096 qui
638 1034 739 1079 nunc
767 1019 889 1092 esset,
916 1011 1021 1097 apud
1049 1033 1184 1078 eorum
1214 1032 1334 1094 quem

177 1130 255 1202 cet,
289 1143 376 1187 nune
404 1121 575 1201 scribitur,
609 1128 646 1186 ut
669 1120 820 1204 Sigonius
854 1121 954 1185 scribi
986 1121 1096 1186 iussit:
1132 1121 1201 1204 qui
1234 1125 1333 1185 tune

177 1237 294 1295 esset.
340 1229 404 1295 Sed
427 1230 473 1295 sic
496 1250 626 1313 quoque
649 1230 682 1293 in
706 1229 836 1295 obviam
863 1229 969 1305 eundo
997 1229 1107 1293 fraudi
1121 1248 1197 1321 ¹per
1218 1226 1335 1311 plures

178 1339 244 1403 iem
266 1359 369 1403 annos
390 1336 541 1420 gliscenti
563 1338 764 1421 ineptissime
793 1344 928 1402 cavetur
951 1337 992 1402 de
1019 1338 1117 1402 unius
1147 1335 1225 1401 illus
1253 1335 1331 1400 unni

143 1514 144 1519 ,
178 1445 426 1530 magistratibus
449 1444 567 1525 (etita
589 1452 736 1525 cavetur,
760 1453 797 1510 ιιι
820 1451 1059 1524 enumerentur,
1082 1445 1140 1528 qui
1162 1443 1222 1509 illo
1245 1463 1333 1508 nunc

177 1576 243 1620 non
265 1553 412 1633 fuerunt,
440 1553 584 1618 dictator
612 1560 647 1631 et
673 1554 842 1635 interrex),
864 1555 899 1618 in
926 1553 1074 1618 futurum
1095 1551 1179 1617 nihil
1202 1551 1331 1637 prospi-

180 1663 274 1727 citur.
319 1662 404 1726 Nem
427 1660 515 1743 quod
544 1659 830 1727 Drakenborohius
865 1663 933 1744 qui
964 1666 1058 1726 tuno
1087 1666 1199 1726 esset
1233 1661 1282 1725 sic
1313 1678 1334 1724 e

181 1769 272 1834 livio
296 1770 441 1851 positum
464 1775 567 1851 putet,
590 1777 628 1835 ut
649 1770 772 1854 inipso
796 1770 1098 1835 senatusconsulto
1120 1768 1337 1852 intellegetur

179 1877 294 1943 fuisse:
319 1879 386 1961 qui
407 1898 511 1941 nunc
534 1884 594 1942 est
617 1879 768 1961 quique
791 1877 963 1961 posthac
985 1879 1074 1957 erit,
1095 1876 1130 1941 id
1148 1878 1230 1959 (etsi
1247 1876 1335 1941 idem

180 1985 263 2050 elios
286 1986 425 2050 sensisse
449 1983 611 2068 suspicor)
634 1992 703 2050 tom
731 1991 782 2051 est
811 1985 991 2051 absurdum
1020 1993 1053 2050 et
1079 1985 1277 2065 ridiculum,
1299 1989 1338 2049 ut

179 2093 262 2157 nihil
284 2094 388 2176 msgis
412 2114 482 2159 esse
505 2095 628 2177 possit3
661 2116 738 2159 nom
765 2100 862 2158 tune
894 2095 929 2158 in
956 2093 1122 2159 narrando
1144 2094 1206 2158 uni
1228 2112 1338 2158 nune

180 2201 215 2265 in
238 2208 371 2266 senatus
394 2200 545 2267 consulto
568 2201 756 2286 respondet.
801 2202 910 2266 Livius
943 2200 978 2266 id
1006 2202 1114 2286 ipsum
1141 2201 1337 2285 scripserat,

181 2308 269 2394 quod
284 2307 570 2374 Drakenborchius
593 2309 700 2374 audiri
721 2310 838 2375 voluit:
862 2310 929 2391 qui
946 2317 1043 2376 tune
1061 2316 1174 2375 esset
1191 2310 1345 2388 quiqu

180 2417 336 2497 posthac
369 2416 522 2479 iuturus
556 2423 668 2495 csset3
702 2417 844 2482 alterum
877 2418 1037 2483 orationis
1070 2417 1261 2484 membrum
1296 2417 1343 2485 ob

180 2523 268 2588 idem
290 2523 425 2588 verbum
448 2524 499 2589 bis
523 2527 667 2608 positum
695 2526 832 2605 excidit,
862 2527 983 2591 erroris
1012 2547 1128 2610 genere
1157 2527 1193 2590 in
1220 2525 1279 2592 his
1301 2525 1348 2592 li-

180 2631 249 2697 bris
271 2632 503 2714 perfrequenti.
549 2633 597 2697 De
620 2633 746 2716 reliquo
774 2634 847 2700 loco
876 2639 1006 2698 tuntum
1040 2633 1113 2700 dico
1142 2635 1196 2698 ius
1225 2635 1370 2700 iuruuae

182 2738 274 2817 dum,
298 2747 414 2803 contre
442 2762 480 2804 oc
509 2738 681 2805 Creverius
711 2761 849 2824 eumque
877 2743 979 2806 secuti
1008 2741 1065 2805 alii
1092 2742 1365 2821 existimarunt,

182 2849 366 2912 necessario
390 2855 539 2912 exectum
563 2869 633 2913 esse
656 2871 676 2913 a
698 2850 944 2928 manumissore,
968 2871 1032 2913 non
1051 2849 1092 2913 eb
1116 2871 1165 2929 ee,
1191 2852 1252 2934 qui
1272 2872 1372 2916 ms*

181 2957 431 3035 numid-eretur,
465 2978 541 3019 nem
576 2963 609 3021 et
643 2956 683 3020 de
710 2958 959 3022 manumissoris
988 2944 1095 3022 auimo
1130 2964 1164 3021 et
1199 2959 1480 3024 consiliw‘

97 3065 168 3134 (498)
187 3064 257 3148 ipse
280 3065 389 3128 iurare
413 3064 569 3141 debebat,
593 3070 626 3128 ct
653 3063 734 3129 fides
764 3064 880 3129 haberi
902 3064 1014 3148 aliqua
1034 3069 1168 3149 poterut
1204 3068 1272 3132 civi
1294 3069 1483 3132 iul

183 3173 285 3251 renti,
311 3174 356 3250 ci,
380 3172 450 3253 qui,
480 3172 543 3235 nisi
566 3173 705 3250 iuraret,
730 3194 842 3236 servus
865 3194 1038 3237 mensurus
1062 3179 1149 3252 erat,
1173 3173 1286 3256 nulla,
1311 3170 1486 3240 eff

183 3301 253 3344 rem
276 3279 406 3344 conficit
428 3280 642 3362 grammatico
664 3280 766 3359 rstic3
789 3281 822 3343 in
846 3279 953 3344 alters
971 3282 1056 3345 enim
1073 3283 1242 3347 sententia
1259 3305 1328 3349 non
1472 3279 1488 3291 ’

183 3389 251 3470 qui
280 3409 365 3450 eum
398 3388 708 3452 manumitteret
735 3387 833 3451 scribi
856 3387 978 3468 debuit,
1003 3388 1076 3453 sed:
1101 3391 1236 3474 quise
1261 3399 1489 3484 mu(

182 3497 431 3559 numitterct.
477 3494 608 3576 Itaque,
633 3496 660 3558 si
683 3502 793 3560 cetera
817 3517 899 3560 sene
922 3503 1012 3576 sunt,
1036 3496 1225 3563 subiectum
1250 3499 1330 3565 verb
1396 3522 1418 3537 ·
1452 3493 1489 3539 '3

184 3601 300 3666 deret
323 3603 511 3667 continetur
532 3602 593 3667 hoo
617 3604 795 3668 sententis:
818 3604 885 3685 qui
908 3626 995 3669 eum
1017 3602 1490 3672 manumittere&

182 3717 336 3793 recteque
360 3732 443 3775 eum
466 3710 608 3775 refertur
631 3711 673 3775 ad
696 3712 763 3792 qui
787 3712 1032 3794 (interpositum
1048 3733 1069 3777 e
1087 3710 1246 3778 Creverio
1264 3735 1327 3798 pos
1354 3692 1488 3806 ⁴⁴⁵ss

184 3819 290 3901 apud
313 3840 443 3882 eorum
467 3817 602 3899 quern),
627 3824 664 3882 ιιι
682 3819 744 3883 hoc
762 3820 795 3882 in
813 3820 1020 3902 impeditiore
1041 3826 1177 3884 senatus
1197 3813 1482 3887 consult-,41¹

184 3927 333 3990 oratione
363 3932 395 3988 et
417 3923 570 3989 liberiore
594 3928 830 3991 sententiarum
853 3928 1084 3993 coniunctione
1108 3929 1176 3992 fere
1199 3952 1263 4013 pro
1288 3929 1320 3995 si
1401 3972 1407 3979 ·
1446 3937 1478 3953 ⁶

184 4035 277 4114 quis
309 4034 500 4114 accipiatur.
545 4034 608 4097 Sed
632 4034 666 4097 id
688 4034 757 4097 ficri
781 4037 895 4117 nequit
924 4037 957 4100 in
987 4035 1055 4100 his:
1090 4038 1158 4119 qui
1194 4038 1234 4101 id
1264 4032 1467 4103 nod¹

184 4140 359 4218 iuraret,
389 4162 473 4203 eum
496 4163 612 4205 manu
629 4143 870 4207 mittendum
891 4164 968 4207 non
992 4151 1260 4224 censuerunt,
1283 4119 1459 4209 uir-’¹'

184 4249 371 4310 necessario
396 4270 480 4312 eum
503 4250 545 4312 ed
569 4251 633 4329 qui
657 4250 807 4314 refertur.
848 4250 969 4315 Verum
992 4252 1026 4315 in
1049 4252 1164 4317 codice
1188 4254 1237 4317 ito
1260 4239 1442 4317 ἤιξ’

183 4352 288 4416 bitur:
311 4389 354 4396 —
376 4376 489 4418 manu
520 4379 596 4420 non
625 4358 816 4420 mitterem
851 4359 948 4440 quid
977 4381 1056 4423 non
1084 4361 1224 4433 iurare
1253 4363 1420 4426 cuz!²
