2994 5108
559 446 620 509 367
964 479 966 482 ⁴
1001 458 1064 514 Lib.
1081 457 1168 513 XXV.

34 639 253 717 receperant,
283 632 433 699 adsecuti
461 637 587 711 essent,
617 637 688 696 tum
711 630 839 696 demum
862 631 1031 697 incursare
1053 631 1086 696 in
1110 652 1168 697 eos

35 748 204 826 oeperunt.
259 741 376 826 Itaque
410 741 676 806 incursantes
704 760 778 804 cum
805 739 871 805 alio
900 738 1002 805 verbo
1032 740 1166 805 coniun-

35 848 153 915 endnm
190 855 255 929 est,
294 871 360 933 quo
400 847 536 914 effectus
574 848 809 913 incursationis
848 846 1061 930 significetur.
1128 847 1167 913 Id

35 957 147 1024 erbum
174 958 401 1023 nanciscemur
423 956 598 1040 omniaque
621 960 703 1039 apta
725 976 875 1039 nexaque
898 954 1076 1021 efficiemus
1097 978 1166 1022 nna

35 1072 124 1134 ttera
151 1071 297 1132 mutata:
330 1064 432 1130 Ante
462 1069 623 1129 noctem
652 1062 842 1129 adsecuti
871 1063 1064 1147 (Romanos)
1087 1063 1166 1129 Nu·

35 1174 141 1254 ridae,
172 1194 277 1240 nunc
309 1174 357 1239 ab
391 1179 505 1255 tergo
536 1187 641 1236 nunc
668 1171 708 1235 in
737 1172 875 1237 latera
902 1173 1166 1239 incursantes

35 1283 247 1349 onsistere
291 1283 506 1362 coegerunt
550 1300 595 1346 ao
633 1281 767 1345 tutari
806 1300 954 1364 agmen.
1022 1279 1169 1364 Coepit

35 1388 152 1475 repit)
185 1412 244 1475 pro
279 1390 413 1473 coegit
445 1389 481 1453 in
509 1386 534 1451 P
562 1394 596 1453 et
632 1387 798 1471 plerisque
826 1387 901 1453 aliis
928 1390 1086 1473 scriptum
1116 1396 1167 1454 est

35 1498 112 1563 b'am
133 1497 251 1577 XXIX,
281 1502 331 1577 29,
355 1501 386 1576 9,
409 1496 468 1562 sed
490 1502 619 1561 mature
643 1502 838 1561 correctum.
889 1496 1015 1576 Restat,
1044 1499 1077 1562 in
1101 1518 1166 1579 quo

35 1626 75 1670 rm
116 1601 287 1671 Creverius
325 1626 495 1689 nuperque
535 1604 823 1670 Weissenbornius
862 1604 1042 1683 haeserunt,
1082 1605 1167 1670 illud

35 1718 100 1779 uto
123 1719 167 1779 ut
189 1713 307 1779 simul
329 1719 567 1797 pugnarent,
590 1712 648 1777 nbi
669 1734 735 1778 non
756 1705 865 1778 'solum
888 1734 1167 1797 supervacaneum

35 1826 59 1887 rt
98 1827 189 1887 tuto
223 1818 276 1902 (eo
311 1822 412 1886 etiam
450 1820 524 1887 loco
559 1822 718 1904 positum,
762 1822 858 1904 quasi
897 1822 930 1886 in
963 1841 1002 1886 eo
1036 1821 1166 1904 pondus

35 1930 181 1995 ententiae
215 1929 380 2011 singulare
396 1927 486 2011 sit),
521 1929 580 1994 sed
613 1930 909 2013 perversissimum,
943 1950 1050 2012 neque
1078 1931 1165 1994 enim

35 2095 38 2103 .
74 2059 203 2104 summo
236 2036 385 2121 periculo
418 2036 557 2116 milites,
596 2044 633 2102 ut
665 2044 738 2103 tuto
772 2044 933 2121 pugnent,
968 2036 1165 2103 cohortandi

35 2153 99 2228 mt3
133 2166 334 2229 quamquam
367 2144 448 2229 quid
483 2146 527 2211 sit
559 2151 633 2211 tuto
668 2166 816 2229 pugnare
850 2144 905 2227 (de
939 2146 1076 2229 singulis
1104 2147 1165 2210 mi-

35 2253 152 2336 dbus),
185 2275 321 2337 prorsus
354 2255 476 2319 nescio.
534 2252 599 2319 Sed
627 2252 720 2319 salva
748 2275 800 2319 res
829 2260 889 2319 est.
947 2253 1163 2319 Scribendum

35 2364 93 2429 rim
134 2361 305 2429 lenissima
342 2362 542 2428 mutatione:
583 2360 785 2438 Quantum
825 2370 995 2447 possent
1028 2369 1163 2428 tamen

35 2469 98 2551 ltl,
134 2476 180 2535 ut
213 2469 333 2535 simul
361 2475 590 2554 pugnarent
618 2470 990 2555 procederentque,
1024 2471 1163 2554 Scipio

35 2577 266 2669 artabatur.
328 2578 398 2644 lam
437 2578 643 2661 aptissimum
676 2578 777 2643 etiam
811 2578 894 2642 illud
928 2580 970 2644 ad
1004 2578 1164 2645 nitendi

35 2687 161 2753 rbum:
191 2691 384 2769 quantum
411 2692 592 2769 possent.
645 2684 780 2770 Syllaba
802 2687 841 2750 ni
865 2687 906 2751 ob
930 2686 1120 2771 praecedens
1144 2691 1183 2749 ιι·

35 2802 144 2875 ruste,
178 2815 217 2859 ex
250 2794 333 2859 tiut
365 2793 559 2877 geminando
593 2800 702 2860 ortum
736 2800 828 2859 tuto
864 2801 922 2875 ut,
964 2816 1163 2879 quamquam

35 2907 109 2971 iam
133 2922 192 2987 per
214 2921 249 2967 se
271 2903 312 2966 ni
334 2902 368 2966 in
390 2908 432 2967 tu
453 2902 598 2967 transire
621 2908 769 2986 poterat,
794 2902 851 2970 cfr.
876 2924 903 2967 c.
929 2906 979 2983 20,
1005 2909 1032 2967 5.

91 3009 174 3095 Cep.
204 3014 260 3091 36,
298 3014 336 3074 10
366 3008 422 3091 (de
449 3009 569 3074 Poenis
599 3032 657 3093 per
687 3008 835 3077 obiectas
864 3032 884 3075 a
914 3012 1072 3076 Romanis
1100 3033 1162 3096 pro

35 3121 90 3188 llo
126 3117 266 3184 clitellas
294 3139 368 3184 cum
398 3118 553 3183 oneribus
579 3119 667 3183 viam
696 3119 759 3183 sibi
787 3119 1016 3200 facientibus):
1053 3126 1162 3185 oete·

35 3250 89 3296 rm
113 3247 242 3311 neque
265 3226 484 3295 transilire
507 3247 579 3291 neo
602 3227 736 3292 moliri
759 3248 880 3292 onera
904 3227 1066 3293 obiecta
1087 3251 1159 3295 neo
1178 3239 1249 3309 (301)

35 3336 164 3405 edere
202 3335 383 3419 stipatas
423 3334 606 3400 clitellas
645 3335 834 3418 ipsisque
869 3336 1042 3403 obrutas
1077 3360 1163 3404 sar-

35 3444 110 3513 nis
139 3441 264 3509 facile
294 3448 385 3509 erat
412 3442 679 3508 traditisdibi
707 3464 792 3508 cum
815 3444 975 3509 amoliti
998 3445 1165 3512 obiecta

35 3574 133 3622 rere
166 3553 339 3617 armatis
369 3550 586 3617 dedissent
614 3553 726 3630 viam,
755 3551 1031 3636 pluribusque
1059 3553 1164 3618 idem

35 3659 197 3729 trtibns
220 3658 354 3741 fieret,
376 3665 497 3744 capta
518 3662 595 3725 iam
613 3659 793 3743 undique
808 3667 950 3728 ,castra
966 3671 1084 3727 erant
1102 3668 1163 3727 cet.

35 3767 111 3850 cP3
130 3767 409 3833 exMtraditis
432 3768 489 3832 ibi
512 3768 700 3848 adnotatur,
725 3789 763 3832 ex
787 3768 860 3833 aliis
883 3770 1058 3834 traditis
1081 3770 1164 3850 diu,

35 3876 168 3945 noliti
197 3897 320 3943 omnes.
379 3875 465 3941 Olim
495 3876 654 3941 edebant:
685 3911 729 3921 -
755 3875 881 3941 facile
909 3883 1008 3942 erat.
1065 3877 1164 3942 Tar-

35 3986 117 4054 rtis
151 3983 220 4050 diu
252 4006 370 4068 quum
404 3985 575 4050 amolita
608 3984 773 4050 obiecta
806 3991 883 4065 cet,
919 3987 1069 4050 oratione
1097 4007 1163 4049 non

35 4116 92 4161 »na
127 4090 177 4174 (in
212 4092 340 4171 dativo,
379 4094 413 4157 in
446 4093 619 4158 amolita
651 4095 782 4176 passive
816 4092 955 4177 posito),
997 4093 1163 4157 sententia

35 4202 111 4284 dla3
151 4201 240 4286 qnod
279 4203 366 4266 enim
405 4202 569 4284 sequitur:
611 4200 716 4266 idem
748 4200 888 4280 fieret,
930 4199 1076 4265 ostendit
1108 4198 1162 4262 hio
