2994 5108
685 473 744 532 571
1153 486 1215 541 Lib.
1234 486 1292 540 XL.

134 643 305 712 Ciceronis
328 649 419 714 locos
442 673 502 734 pro
526 653 622 717 Rosc.
645 655 715 718 Am.
735 659 785 733 27,
811 659 850 719 73
875 662 908 721 et
930 678 990 741 pro
1015 655 1145 721 Cluent:
1168 661 1218 735 24,
1243 662 1292 735 65,

135 773 276 836 quorum
298 757 332 820 in
354 757 460 823 altero
483 767 600 841 postea
622 762 770 827 codicum
794 765 935 828 occessit
957 764 1184 845 auotoritas.¹)

223 860 302 946 Cep.
329 869 376 943 16,
400 869 418 928 6
442 867 513 945 (ubi
535 868 645 932 Livius
667 869 824 951 Ligurum
845 870 909 935 du'o
937 871 1041 935 millio
1062 878 1177 936 narrat
1201 892 1220 934 a
1243 871 1286 935 M.
1307 876 1379 946 (466)

134 967 309 1049 Marcello,
332 974 389 1052 qui
413 972 555 1038 Galliam
583 976 769 1057 obtinebat,
793 979 964 1061 petivisse,
997 986 1035 1043 ut
1056 981 1292 1062 reciperentur,

134 1074 331 1142 Marcellum
355 1088 505 1144 senatum
524 1083 564 1146 de
584 1102 623 1146 ee
640 1105 675 1147 re
695 1085 927 1166 consuluisse):
953 1085 1126 1150 Senatus
1143 1087 1291 1149 rescri-

133 1183 233 1250 bere
262 1185 305 1250 M.
331 1186 541 1269 Ogulnium
575 1200 788 1273 praetorem
821 1193 1020 1257 Marcello
1054 1194 1194 1270 iussit,
1224 1214 1290 1257 ve·

134 1293 222 1357 rius
244 1293 396 1374 luisse,
425 1298 627 1377 consules,
652 1319 818 1380 quorum
847 1300 1060 1382 provincia
1089 1307 1198 1364 esset
1221 1300 1291 1381 (Li-

133 1399 254 1482 gnrie),
283 1421 396 1481 quam
425 1424 480 1481 se,
505 1405 598 1487 quid
628 1427 645 1469 e
673 1427 713 1469 re
744 1430 775 1489 p.
800 1413 922 1484 esset,
946 1407 1184 1486 decernere,
1208 1414 1291 1471 tum

134 1527 294 1590 quoque
317 1530 392 1574 non
416 1510 591 1593 placere,
617 1514 650 1577 si
667 1534 737 1596 per
760 1513 1010 1578 deditionem
1035 1513 1205 1596 Ligures
1229 1535 1290 1577 re-

134 1615 273 1697 cipiet,
291 1619 470 1700 receptis
494 1621 750 1693 ermoadimi,
774 1629 896 1704 etque
920 1642 987 1684 eos
1011 1620 1059 1684 ad
1083 1620 1291 1685 consulem

135 1723 247 1787 mitti
277 1730 460 1788 senatum
489 1747 640 1809 aequum
669 1731 843 1792 censere.
892 1726 944 1791 Sic
968 1727 1124 1792 Gelenius
1148 1730 1181 1790 in
1204 1729 1290 1790 anti-

133 1830 209 1912 quie
231 1830 342 1903 libris,
370 1833 404 1896 id
433 1839 483 1896 est
504 1833 551 1912 M,
575 1835 675 1899 luisse
703 1843 847 1900 testatur
881 1842 915 1899 et
948 1837 994 1899 sic
1024 1834 1133 1899 editur
1161 1834 1236 1897 inde
1271 1855 1291 1897 a

118 2090 121 2096 ’
157 2102 183 2161 ι)
201 2100 311 2155 Eodem
338 2123 398 2173 cap.
419 2103 434 2173 ξ
458 2107 474 2157 4
500 2105 603 2158 frustra
620 2104 865 2159 Weissenbornius
894 2105 1044 2160 defendere
1071 2105 1132 2159 hrec
1160 2109 1289 2158 conetur:

202 2191 239 2240 ut
265 2189 433 2259 indignus
462 2196 494 2243 te
521 2195 631 2258 petre,
659 2191 824 2260 indignus
853 2193 1009 2262 omnibus
1036 2190 1171 2255 ridear,
1198 2205 1289 2257 neque

203 2272 278 2327 enim
301 2291 364 2329 cum
386 2276 516 2329 omnibus
540 2275 701 2330 hominibus
729 2276 795 2329 talis
820 2282 879 2330 eret
897 2275 1041 2329 Demetrio
1060 2276 1237 2339 coniunctio,
1258 2281 1291 2327 ut

204 2357 239 2410 iis
258 2375 288 2411 ee
307 2360 423 2429 dignum
440 2365 578 2429 proesture
596 2360 726 2429 deberet;
745 2378 836 2431 neque
854 2362 984 2414 omnibus
1002 2361 1135 2428 indignus
1154 2360 1290 2413 continuo

204 2449 277 2510 erut,
305 2447 352 2513 qui
369 2461 437 2513 rege
462 2451 545 2514 patre
572 2463 629 2499 non
648 2446 749 2516 dignus
768 2453 834 2500 eret.
871 2450 930 2500 Aut
957 2464 1020 2500 cum
1048 2444 1190 2499 Gronoiio
1218 2445 1287 2498 seri·

204 2527 329 2583 bendum
347 2536 402 2584 est:
421 2530 587 2599 indignus
605 2536 638 2584 te
656 2536 764 2600 patre,
783 2532 943 2599 indignus
960 2531 1151 2584 maioribus
1170 2529 1290 2582 videar

204 2618 265 2666 eut:
284 2615 451 2684 indignus
475 2621 507 2668 te
525 2621 625 2684 petre
646 2617 801 2670 omnibus
818 2617 948 2669 videar.
975 2615 1033 2684 [Sic
1047 2613 1190 2683 Beuerus]
1217 2614 1289 2667 Tum

112 2734 118 2748 .
205 2702 299 2752 eutem
309 2697 367 2768 (ξό)
376 2700 472 2766 miror,
482 2719 567 2768 quum
576 2702 633 2754 iem
647 2700 879 2754 Drakenborchio
889 2717 986 2754 verum
997 2702 1026 2755 in
1035 2705 1158 2753 mentem
1168 2699 1290 2752 venisset

204 2783 266 2849 (sed
291 2785 401 2838 incerto
428 2791 457 2838 et
473 2784 644 2852 fluctuanti),
662 2785 787 2840 nondum
810 2787 972 2839 restitutum
1001 2802 1061 2839 esse
1089 2802 1104 2837 e
1131 2783 1288 2839 codicibus:

203 2867 336 2922 idenim
352 2870 454 2923 vitiis
469 2872 561 2937 meis,
577 2888 644 2924 non
659 2871 805 2925 cedendi
821 2872 947 2939 (sicLov.
959 2874 983 2936 3,
1001 2869 1102 2935 Mead,
1121 2869 1225 2921 Goertn.
1236 2885 1289 2937 pro

204 2952 371 3024 cedendo,
391 2956 426 3010 de
444 2957 474 3009 M
491 2954 622 3021 taceturl,
641 2956 694 3009 cui
712 2956 764 3009 ius
782 2955 904 3025 fasque
927 2961 995 3020 est,
1019 2953 1190 3008 modestia
1209 2969 1291 3004 con·

203 3054 328 3106 sequar
346 3041 419 3107 (edd.
439 3047 539 3095 contre
557 3042 680 3097 codices:
699 3057 769 3094 non
786 3041 955 3094 modestia
971 3038 1185 3107 consequar).
1204 3037 1289 3090 Vitiis

203 3130 280 3177 recte
306 3141 362 3178 une
389 3128 532 3179 contraria
558 3128 675 3195 ponitur
702 3125 851 3180 cedendi
878 3124 1066 3191 modestis,
1094 3124 1184 3176 minus
1213 3128 1291 3175 recte

204 3208 361 3264 cedendo
380 3216 414 3263 et
432 3198 612 3266 modestis.
650 3211 773 3281 Propter
789 3212 892 3264 vitiis
911 3211 1050 3278 seriptum
1070 3213 1113 3262 est
1132 3206 1288 3261 cedendo

205 3311 263 3348 non
290 3296 485 3350 animadverso
510 3297 659 3350 verborum
687 3296 866 3352 coherentia.
902 3295 1038 3348 Extremo
1068 3293 1160 3361 cupite
1186 3288 1216 3358 (ξ
1246 3290 1290 3353 16)

175 3386 180 3396 “
205 3379 429 3448 obtemperatum
449 3384 576 3450 oportuit
589 3381 829 3447 Drakenborchio,
849 3381 896 3449 qui
915 3397 965 3449 pro
985 3396 1027 3446 eo,
1047 3377 1122 3447 quod
1140 3395 1215 3430 nuno
1235 3376 1291 3428 edi·

206 3468 317 3531 tur:-,
336 3467 395 3535 qui
413 3467 479 3520 iem
498 3485 590 3521 nunc
604 3468 865 3536 sanguinemeo
880 3466 948 3519 sibi
964 3463 1145 3532 indulgeri
1161 3477 1291 3530 {equum

203 3551 361 3613 censetl,
381 3568 395 3603 e
414 3552 542 3605 codicum
565 3553 680 3606 incertis
698 3552 825 3620 vestigiis
848 3550 934 3603 eruit:
955 3549 1156 3618 sanguinem
1184 3563 1290 3601 meum

204 3634 272 3689 sibi
290 3635 466 3703 indulgeri
486 3653 517 3690 ae.
536 3655 559 3691 c.
579 3636 667 3705 (quod
683 3637 776 3704 ipsum
799 3637 829 3689 in
851 3636 978 3703 margine
996 3635 1063 3688 Lov.
1083 3637 1100 3687 2
1123 3633 1287 3685 adnotatum

205 3718 267 3781 est).
302 3720 490 3790 Indulgere
507 3722 612 3776 elicui
632 3722 799 3790 sanguine
818 3719 906 3773 aliove
925 3736 955 3773 re
971 3737 1053 3774 nemo
1067 3719 1151 3783 dixin
1171 3719 1289 3770 alterum

203 3803 285 3858 Livio
304 3822 451 3860 commune
470 3807 524 3860 erit
542 3824 605 3860 cum
623 3807 758 3861 insecutae
777 3806 870 3859 aetetis
884 3805 1086 3873 scriptoribus,
1106 3801 1288 3870 Quintiliano,

204 3888 305 3943 Tacito
324 3891 408 3956 (dnn.
427 3890 462 3957 11,
481 3891 536 3959 38),
556 3889 701 3953 Suetonio,
719 3909 754 3945 ne
773 3894 887 3958 poetas,
902 3891 1024 3944 Statium
1042 3889 1140 3955 (Theb.
1159 3885 1208 3952 IV,
1226 3884 1290 3947 691)

204 3977 236 4028 et
244 3974 350 4037 Silium,
369 3976 520 4042 nominem,
539 3981 571 4030 nt
587 3976 678 4030 multa
696 3977 771 4044 opud
789 3974 870 4028 illum
888 3975 1008 4042 primum
1026 3974 1119 4041 positu
1137 3971 1222 4025 semel
1241 3973 1292 4021 ant

203 4058 307 4113 iterum
324 4061 512 4129 reperiuntur,
531 4078 594 4129 queo
608 4059 684 4129 apud
700 4060 753 4113 hor
768 4061 880 4128 saepiur.
908 4059 950 4113 Ex
968 4058 1165 4126 sanguinein
1183 4071 1290 4108 meum

206 4148 299 4197 ortum
319 4146 486 4215 sunguine
504 4162 622 4211 meum,
642 4149 702 4198 tum
720 4161 800 4198 meo.
829 4145 960 4211 (Poterat
977 4159 1043 4197 sene
1062 4143 1144 4195 etiem
1165 4158 1199 4193 ex
1217 4155 1291 4192 san·

204 4229 312 4297 guine
329 4246 418 4296 mco,
442 4230 527 4284 modo
549 4235 658 4284 rectum
681 4233 768 4296 erret,
793 4230 861 4283 oriri
880 4228 1088 4297 sanguinem
1114 4242 1201 4289 meo,
1229 4229 1291 4277 tum

204 4314 334 4379 meum.)
