2994 5108
640 462 700 523 397
1052 476 1114 530 Lib.
1134 476 1248 532 XXVIL

91 647 257 731 aliquid
293 645 547 712 faciendum?
581 645 794 730 (quamquam
822 649 868 712 sic
897 648 1003 732 accipi
1032 649 1129 730 plane
1157 655 1249 714 vetat

91 755 266 820 verborum
289 754 387 833 ord03
421 774 527 841 neque
558 756 643 818 enim
673 761 813 819 cetere
842 755 958 833 belli,
983 754 1042 821 aut
1064 778 1137 839 quse
1159 757 1248 822 simi·

91 862 168 928 liter
191 864 442 945 coniunguntur,
472 860 581 927 divelli
604 863 756 944 possunt)
817 864 965 948 Apparet
988 853 1161 930 consilium
1184 866 1248 948 sig·

91 970 220 1036 nificari
255 969 295 1036 de
328 969 415 1036 bello
450 971 659 1052 exsequendo
692 993 751 1054 per
785 971 913 1055 reliqua
943 980 976 1037 et
1004 957 1038 1037 in
1067 979 1248 1056 posterum.

92 1078 309 1145 Scribendum
331 1079 447 1162 igitur:
472 1079 647 1144 consilio
670 1080 709 1142 in
734 1088 871 1145 cetera
893 1081 1125 1156 exsequendi
1146 1080 1249 1145 belli

91 1222 135 1232 —
167 1187 402 1271 opportuni.
465 1186 646 1251 Gerundivi
681 1209 777 1253 casus
811 1189 897 1252 male
931 1189 973 1252 ad
1006 1187 1249 1272 praecedentem

93 1316 205 1360 vocem
239 1293 506 1360 accommodatus
536 1301 584 1359 est
613 1293 690 1375 (vid.
713 1318 743 1378 p.
770 1300 809 1360 10
832 1302 866 1360 et
888 1297 975 1378 207).
1030 1296 1069 1361 ln
1092 1296 1248 1380 proximis

91 1403 201 1468 verbis
232 1400 263 1485 (ἓ
293 1408 328 1467 4;
363 1402 693 1482 conferentibus,
729 1404 824 1487 quid
859 1404 899 1468 in
934 1405 1130 1487 cuiusque
1158 1424 1248 1487 pro·

89 1512 237 1575 vinciae
270 1511 440 1593 regione
477 1512 700 1576 animorum
727 1510 924 1595 Hispanis
959 1512 1082 1593 esset)
1113 1533 1248 1595 prorsus

88 1640 154 1684 non
192 1617 364 1702 intellego,
398 1639 470 1701 quae
505 1620 549 1684 sit
582 1621 803 1702 provinciae
839 1621 967 1702 regio,
1002 1641 1108 1704 neque
1142 1621 1249 1703 ipsum

86 1747 258 1810 quaeque
287 1727 499 1810 provincia
527 1726 650 1810 placet3
684 1748 790 1809 neque
819 1729 905 1792 enim
933 1728 1043 1811 plures
1072 1728 1248 1811 provinciae

87 1843 169 1901 aute
199 1834 505 1923 significataesunt.
561 1835 700 1901 Rectum
729 1838 807 1901 erit:
842 1837 938 1917 quid
971 1837 1012 1900 in
1047 1837 1248 1919 cuiusque

81 1944 310 2026 provincia
351 1952 390 2009 et
422 1945 591 2026 regione
625 1946 852 2009 animorum
887 1944 1088 2028 Hispanis
1123 1948 1247 2009 esset.

83 2049 232 2116 Addidit
252 2051 364 2117 Livius
393 2057 432 2116 et
454 2053 634 2134 regione,
669 2053 757 2133 quod
781 2052 975 2135 Hispaniam
997 2050 1248 2135 Carthaginien·

78 2158 177 2224 sium
214 2160 248 2224 in
282 2165 390 2224 comas
424 2161 609 2243 provincias
644 2160 685 2224 ad
719 2160 901 2225 Romanam
935 2159 1073 2225 formam
1107 2160 1245 2225 divisam
1263 2169 1334 2238 (324)

75 2262 193 2333 fuisse
215 2289 282 2332 non
305 2267 490 2333 constabat.
535 2268 666 2333 Erroris
689 2290 791 2351 genus
813 2268 967 2352 frequens
991 2270 1087 2349 est.¹)

74 2451 321 2463 Α--ι

123 2567 147 2634 ¹)
164 2571 229 2642 Cap.
248 2574 291 2640 22,
308 2575 336 2626 6:
372 2573 510 2627 Additoe
536 2578 569 2627 et
592 2573 632 2627 ad
649 2573 849 2643 praesidium
866 2575 1058 2642 provincioe
1078 2575 1244 2643 qninqua-

159 2658 259 2726 ginta
280 2675 386 2714 naves
409 2665 461 2714 cet.
503 2658 597 2712 Minus
620 2664 697 2712 recte
716 2659 750 2712 ad
768 2659 931 2729 praesidinm
950 2660 1092 2729 legionum
1109 2659 1153 2726 (id
1171 2660 1247 2714 euim

158 2743 284 2814 intellegi
298 2761 411 2799 necesse
427 2744 479 2812 est)
490 2762 576 2798 naves
587 2744 692 2799 additae
702 2745 758 2798 dici
768 2744 907 2798 ridentur.
931 2745 986 2799 Sed
997 2746 1108 2801 codices
1122 2745 1162 2812 (P,
1172 2745 1246 2812 alii):

156 2829 318 2885 Additum
351 2834 385 2883 et
416 2828 457 2883 ad
483 2830 701 2900 proesidium3
734 2829 865 2883 efficitur:
898 2829 1064 2884 Additum
1091 2836 1125 2884 et
1152 2828 1247 2883 aliud

155 2915 359 2983 praesidium
391 2916 596 2985 provincia,
634 2916 892 2984 quinquaginta
923 2933 1040 2982 neves,
1076 2931 1160 2982 quas
1192 2921 1245 2969 cet.

156 2999 258 3068 (1868.)
299 2999 365 3068 Gap.
384 3003 426 3068 25,
454 3004 484 3056 13
502 3006 579 3056 recte
596 2999 744 3069 Ussingius
762 2999 995 3055 consederunt
1012 3018 1064 3069 pro
1084 2999 1245 3054 consede·

155 3090 251 3152 rant;
274 3086 581 3156 plusquamperfectum
604 3103 720 3154 prorsus
742 3104 860 3155 pravum
879 3091 929 3139 est.
966 3083 1065 3152 (1863.)
1109 3083 1185 3153 [Gap.
1204 3086 1246 3150 28,

151 3172 188 3236 7,
215 3170 292 3240 quod
317 3173 384 3226 1863
407 3172 565 3242 suspicatus
591 3188 680 3239 eram,
708 3172 860 3225 delendum
885 3189 946 3225 esse
967 3169 1118 3237 milites,
1144 3185 1248 3238 praeoe-

145 3263 238 3325 Jrerat
262 3258 294 3309 A.
313 3255 440 3311 Kochius
465 3255 550 3325 1860]
597 3257 661 3326 Gap.
681 3259 729 3324 30,
756 3259 773 3311 ὓ
800 3256 879 3324 (non
904 3260 1006 3311 tanta
1032 3272 1092 3325 pro
1119 3253 1247 3309 AEtolis

145 3357 239 3396 <rura
275 3347 368 3410 erat,
407 3341 593 3396 ferocioris
635 3360 734 3410 quam
769 3360 831 3411 pro
867 3342 1011 3411 ingenio
1048 3340 1247 3395 Graecorum

137 3428 285 3496 gentis,
309 3444 407 3496 quam
426 3426 494 3493 cet.)
512 3427 660 3497 illepidum
679 3434 707 3482 et
725 3428 871 3497 inelegans
890 3427 990 3481 merito
1010 3425 1137 3480 Creverio
1155 3425 1247 3480 visum

36 3568 45 3572 ,
135 3517 213 3581 est,
245 3513 322 3582 quod
349 3513 417 3566 olim
443 3514 679 3567 substituebatur:
709 3512 947 3568 ferocioribus
979 3529 1080 3581 quam
1107 3528 1171 3580 pro
1198 3511 1249 3564 in·

130 3599 262 3666 genio
280 3597 476 3652 Graecorum
499 3599 628 3667 gentis,
653 3603 780 3652 extremo
802 3599 939 3652 vocabulo
958 3597 1038 3667 qnasi
1057 3597 1091 3650 de
1109 3596 1249 3650 industrie

125 3682 270 3739 abacto
297 3681 335 3738 ad
361 3681 539 3737 efficiendum
566 3699 629 3736 enm
655 3683 733 3737 inani
762 3683 937 3737 abundantia
964 3683 1160 3753 genetivorum
1178 3698 1246 3736 con·

124 3780 279 3824 trunsum.
331 3766 387 3822 Sed
419 3768 495 3837 quod
521 3766 752 3823 Weissenbomio
782 3769 814 3822 in
845 3773 969 3823 mentem
994 3767 1085 3832 seuit,
1118 3765 1248 3822 codicum

124 3848 331 3924 ecripturam
357 3854 397 3908 sic
423 3852 544 3907 fortasse
570 3852 683 3908 defendi
709 3871 791 3923 posse
815 3853 903 3922 (quod
925 3853 994 3906 mihi
1017 3849 1128 3920 quoque
1151 3850 1246 3905 adule-

120 3940 248 3995 tuenti
275 3939 414 4009 placuisse
439 3938 581 4004 memini),
612 3944 645 3993 ut
675 3940 824 4008 genetivus
851 3939 966 3993 liberius
993 3938 1171 4006 appositione
1196 3937 1246 3991 ad·

121 4016 273 4079 iunctus
291 4028 409 4094 putetur
426 4024 468 4077 illi
485 4040 549 4092 pro
567 4022 710 4090 AEtolis‚
734 4024 815 4092 qnasi
835 4024 972 4092 scriptum
992 4023 1030 4074 sit
1046 4020 1247 4089 AEtolorum‚

120 4109 237 4164 trulla
265 4109 323 4163 eius
350 4108 491 4164 libertatis
520 4109 550 4161 in
577 4109 656 4162 brevi
678 4113 708 4162 et
729 4109 806 4163 facili
829 4108 966 4162 orationis
989 4106 1080 4161 forma
1103 4108 1247 4162 excusatio

123 4195 317 4265 excogitari
342 4197 453 4263 potest,
485 4209 570 4262 quum
601 4193 714 4248 licuerit
739 4195 799 4247 sine
827 4193 980 4247 offensione
1007 4196 1084 4247 recte
1111 4193 1247 4247 scribere:
