2994 5108
598 476 657 539 631
1032 489 1093 544 Lib.
1112 488 1200 544 XLH.

47 681 96 726 re
130 642 290 727 Romam
323 663 511 728 venisset.
558 659 683 727 Codex:
717 683 840 746 super
863 683 941 745 qua
962 684 1002 726 re
1026 683 1105 747 prae
1128 663 1202 728 Ro·

51 790 153 835 mam
186 771 380 835 venisset.
425 769 579 836 Potuitne
613 772 659 835 sio
681 771 802 835 mutari
829 771 915 854 ipse
944 769 1059 852 (Rom.
1083 771 1201 851 ven.)?

51 877 220 944 Praeterea
247 879 358 962 potius
387 878 555 943 librarium
585 886 840 961 expromeret
872 900 932 963 pro
968 899 1202 963 expromere

48 987 225 1070 scripsisse
247 991 360 1069 putem
379 994 514 1070 propter
529 987 797 1071 responderet
820 996 853 1052 et
876 986 1016 1051 mallet
1033 1007 1132 1070 quam
1149 986 1202 1051 Li·

53 1095 142 1161 vium
165 1096 198 1159 in
220 1095 282 1159 hac
305 1096 474 1159 sententia
498 1095 754 1161 conformatione
777 1095 847 1159 haec
870 1097 1032 1159 variasse:
1067 1095 1202 1159 Inter-

48 1203 192 1286 rogari
216 1202 252 1266 G.
276 1202 434 1285 placuit
454 1238 498 1247 —
520 1209 592 1267 aut
614 1209 886 1288 expromeret,
909 1203 1046 1268 moleste
1070 1203 1203 1268 oblitte-

48 1317 128 1376 rato
152 1312 322 1375 sententiae
345 1311 508 1393 primariae
526 1319 559 1376 et
571 1312 840 1377 secundariamm
853 1311 1046 1376 discrimine.
1070 1311 1203 1376 Minime

53 1438 132 1484 raro
155 1419 189 1482 in
213 1418 282 1483 cod.
307 1417 550 1485 Vindobonensi
573 1427 607 1485 et
629 1441 728 1504 prave
761 1418 919 1484 infinitivo
951 1419 1089 1484 adhaesit
1115 1426 1143 1495 t,
1167 1424 1205 1483 ut

54 1528 89 1591 in
111 1526 175 1591 hoc
197 1526 281 1590 libro
305 1547 331 1589 o.
356 1530 405 1605 25,
434 1531 469 1590 11
500 1526 709 1609 (deberet),
735 1548 761 1592 c.
786 1532 838 1607 29,
863 1532 881 1592 3
906 1525 1203 1611 (exspectaret),

50 1655 81 1699 c.
106 1637 157 1707 31,
182 1638 200 1696 6
225 1634 582 1717 (recognosceret),
606 1657 632 1700 o.
658 1640 707 1715 37,
731 1640 749 1698 2
773 1636 971 1716 (tentaret
1003 1671 1046 1680 —
1078 1634 1204 1719 perli-

50 1742 192 1824 ceret),
217 1763 243 1807 c.
267 1747 358 1820 45,5
389 1742 568 1827 (posset),
602 1745 740 1828 aliisque
774 1744 854 1809 locis
878 1743 933 1824 (—
955 1764 982 1808 c.
1007 1747 1099 1822 624
1133 1744 1205 1806 im-

52 1858 224 1934 poneret
258 1859 292 1914 et
325 1859 434 1916 esset
463 1854 631 1932 scribitur,
665 1854 827 1918 retinetur
862 1851 1003 1916 medium
1037 1850 1205 1916 eredere

50 1958 121 2039 -),
157 1966 190 2023 et·
218 1959 422 2024 coniunctivo
446 1959 629 2025 detractum
652 1970 718 2039 est,
741 1968 777 2025 ut
802 1961 833 2025 b.
852 1960 908 2025 lib.
933 1981 958 2024 c.
983 1964 1031 2038 25,
1058 1963 1096 2023 10
1119 1979 1205 2042 pro-

53 2065 169 2164 bare⁸
187 2066 302 2145 XLIII,
323 2072 350 2144 1,
375 2072 393 2131 9
414 2067 559 2148 dicere,
576 2071 747 2152 aperire,
771 2074 799 2148 7,
822 2067 998 2145 8fuisse,
1022 2066 1132 2139 XLIV,
1156 2071 1205 2146 28,

53 2178 75 2240 8
98 2195 202 2255 esse;
225 2174 305 2239 alibi
327 2184 372 2240 nt
394 2176 553 2256 additum,
577 2185 614 2242 ut
636 2198 662 2242 c.
682 2181 730 2256 24,
753 2181 772 2241 8
791 2184 1022 2243 statuerent
1044 2197 1103 2259 pro
1128 2183 1206 2242 sta·

52 2288 170 2348 tuere
211 2283 281 2364 (cir.
326 2283 368 2347 ad
400 2284 511 2365 XLIV,
546 2289 574 2364 2,
610 2285 653 2367 5).
698 2287 745 2351 Ne
780 2306 806 2350 o.
848 2289 897 2363 39,
933 2290 951 2348 6
980 2283 1111 2367 quidem
1148 2282 1206 2346 du·

54 2390 126 2457 bito
171 2392 249 2475 quin
288 2391 470 2458 Gronovius
513 2401 602 2459 recte
641 2395 739 2459 scribi
774 2394 926 2459 voluerit:
969 2392 1100 2475 legati
1144 2390 1207 2454 uel

51 2520 141 2565 cum
163 2500 302 2564 tribus
335 2502 470 2567 venire
505 2502 703 2568 iubebant
735 2502 797 2567 vel
826 2503 859 2567 si
887 2507 1043 2566 tantum
1067 2519 1205 2582 agmen

53 2609 308 2687 traduceret,
343 2608 503 2676 obsides
527 2611 620 2677 dare
644 2611 728 2692 (cod.
752 2619 785 2676 et
814 2611 886 2675 edd.
917 2610 1062 2691 daret),
1097 2606 1206 2672 nihil

52 2714 218 2781 fraudis
241 2715 326 2781 fore
360 2719 398 2781 in
434 2718 650 2802 colloquio.
696 2719 790 2803 (Cap.
816 2724 864 2797 56,
891 2725 905 2783 1
936 2740 1031 2783 nemo
1061 2717 1207 2782 defendit

52 2825 168 2890 iusso
194 2827 384 2908 peteret.)
413 2827 516 2892 Nimis
529 2849 614 2910 saepe
633 2828 804 2911 elegantiae
822 2827 906 2892 falsa
918 2828 1045 2910 species
1058 2825 1207 2891 obtendi-

54 2938 112 2998 tur
134 2932 345 2998 librariorum
369 2937 544 3011 erroribus
579 2942 616 2999 ut
644 2938 755 3000 statim
778 2957 804 3000 c.
829 2939 879 3013 24,
904 2938 932 3014 9,
962 2941 1099 3017 excepto
1124 2931 1207 2996 Bek-

56 3038 147 3119 kero,
157 3063 269 3107 omnes
281 3052 416 3126 propter
428 3044 528 3108 talem
537 3045 679 3126 speciem
692 3049 885 3126 spreverunt
896 3043 1117 3105 necessariam
1127 3040 1208 3105 Gro-

56 3152 145 3216 novii
169 3151 445 3216 emendationem:
470 3173 540 3216 nec
562 3173 683 3216 novos
708 3159 893 3216 statuere
916 3148 1021 3213 lines
1046 3149 1115 3213 sed
1142 3169 1207 3213 ve·

55 3265 166 3324 teres
189 3259 414 3324 observare
449 3261 522 3343 (pro
547 3260 772 3339 observari)
807 3261 843 3323 in
879 3259 1010 3323 animo
1044 3254 1207 3320 habere.

54 3367 101 3433 In
123 3368 256 3432 animo
279 3367 408 3432 habeo
431 3367 535 3432 fines
559 3368 769 3433 observari
787 3389 846 3452 pro
865 3388 913 3445 eo,
937 3365 1089 3448 quodest
1107 3363 1208 3443 v010,

56 3476 195 3555 iubeo,
221 3476 374 3540 Latinum
396 3499 462 3541 non
485 3483 543 3542 est.

145 3581 224 3667 Cap.
249 3587 299 3663 25,
322 3591 342 3647 4
366 3584 414 3665 (in
437 3587 583 3651 oratione
605 3586 704 3649 trium
732 3563 1011 3667 legatorum,¹qui
1040 3583 1073 3646 in
1101 3582 1209 3645 Mace-

56 3691 193 3758 doniam
215 3691 257 3756 ad
280 3713 332 3756 res
356 3693 550 3776 repetendae
572 3695 661 3758 missi
678 3694 816 3771 luerent,
838 3695 872 3757 in
891 3692 1021 3771 senatu)
1039 3692 1073 3753 in
1097 3688 1209 3753 codice

55 3801 230 3865 scribitur:
256 3799 340 3864 Suae
363 3803 561 3867 orationis
586 3824 774 3866 summam
797 3792 935 3878 luisse,
957 3798 1100 3863 foedus
1126 3817 1210 3860 cum

56 3907 250 3991 Philippo
272 3909 395 3974 ictum
420 3931 461 3974 se
486 3931 570 3974 oum
592 3911 680 3993 ipso
704 3931 748 3975 eo
772 3918 863 3994 post
885 3914 1051 3973 mortem
1075 3905 1208 3989 patris

53 4028 305 4082 renovatum.
352 4017 456 4082 Scribi
491 4017 602 4083 debet:
639 4017 782 4083 foedus
812 4039 838 4082 c.
862 4016 919 4081 Ph.
954 4019 1078 4080 ictum
1112 4034 1209 4090 esse,

53 4145 146 4190 cum
168 4126 256 4207 ipso
280 4146 388 4189 eo-
416 4135 662 4192 renovatum.
709 4126 805 4207 (Edd.
834 4126 995 4199 foedus,
1029 4143 1111 4186 oum
1146 4121 1209 4186 Ph.

48 4234 198 4312 ictum,
227 4254 313 4297 cum
341 4234 428 4316 ipso
457 4256 500 4299 eo
530 4240 590 4298 cet.
619 4234 738 4315 XLIII,
764 4239 791 4312 1,
815 4240 833 4298 7
857 4232 926 4297 cod.
956 4233 994 4295 in
1022 4229 1210 4294 Macedo-

55 4344 167 4407 niam
191 4362 232 4406 se
256 4363 316 4425 pro
340 4343 379 4405 in
398 4342 671 4407 Macedoniam
695 4344 811 4425 esse.)
845 4340 910 4406 Sed
927 4341 1076 4424 graviore
1092 4338 1211 4403 mendo
1309 4375 1312 4381 ·
