2994 5108
677 519 739 581 707
1102 534 1164 589 Lib.
1185 533 1284 588 XLIV.

132 707 259 773 nullum
281 705 524 792 praepositionis
547 702 666 786 (post)
694 705 867 786 vestigium
895 711 946 770 est
974 706 1137 789 nimisque
1162 705 1289 771 infinite

134 823 167 881 et
188 815 333 880 brevitor
365 819 459 897 post
492 797 697 877 sermones
733 811 854 877 dieitur
887 812 928 877 de
958 813 1201 879 consultatione
1231 814 1291 879 ali·

135 923 291 1009 quamdiu
314 922 443 998 habita,
471 918 668 1002 videturque
691 919 802 985 Livius
837 920 929 985 aliud
964 922 1137 1006 scripsisse
1174 922 1292 1004 (velutz

134 1031 227 1097 Tum
250 1036 392 1095 eontra
420 1027 659 1093 huiusmodi
687 1028 924 1110 sermones);
952 1028 1035 1095 illud
1057 1031 1191 1113 quidem
1214 1051 1291 1096 oon-

135 1146 212 1219 stat,
237 1138 445 1205 scribendum
466 1157 554 1202 esse:
577 1134 693 1199 talen
717 1128 861 1202 consul
885 1138 1114 1203 orationem
1137 1138 1291 1203 babuit.

135 1248 279 1315 Tamen
302 1245 468 1331 particula
489 1265 625 1328 prorsus
648 1245 761 1329 inepta
782 1252 833 1311 est
856 1245 899 1310 ad
921 1247 1163 1329 sententiam.¹)

222 1353 301 1439 Cap.
327 1358 376 1434 39,
403 1359 417 1416 l
454 1351 502 1434 (in
532 1352 679 1417 oratione
702 1351 826 1416 AEmilii
854 1352 1011 1435 consulis,
1046 1355 1102 1420 ubi
1137 1356 1293 1437 ostendit,

136 1486 235 1549 quam
257 1465 370 1546 iniqua
392 1461 583 1528 condicione
600 1460 740 1525 Romani
762 1463 933 1545 superiore
951 1462 1003 1528 die
1025 1467 1205 1547 pugnaturi
1221 1463 1292 1530 fue·

135 1573 232 1655 rint):
255 1573 304 1638 At
326 1570 494 1636 hercule
517 1570 647 1635 aciem
675 1570 835 1653 quidem
862 1570 1116 1637 inconditam
1137 1573 1293 1638 inordi-

137 1682 354 1765 natamque
377 1677 669 1757 habuissemus,
692 1686 831 1744 oastra
854 1676 931 1762 [scr.
952 1679 1022 1745 sed
1045 1680 1195 1764 eastra]
1219 1703 1293 1747 mu·

140 1791 234 1870 nita,
258 1788 464 1874 provisam
488 1787 758 1871 aquationem,
781 1793 913 1853 tutum
933 1788 980 1853 ad
999 1810 1083 1854 eam
1100 1790 1181 1856 iter
1199 1812 1293 1873 prae·

137 1899 258 1964 sidiis
281 1894 504 1981 impositis,
529 1895 747 1979 explorata
779 1895 892 1960 eirea
924 1897 1074 1978 omnia;
1107 1919 1155 1962 an
1187 1897 1292 1962 nibil
1360 1946 1361 1950 ,

137 2008 271 2072 nostri
304 2005 502 2070 habentes
536 2009 686 2087 praeter
718 2003 864 2067 nudum
903 2025 1097 2088 eampum,
1137 2006 1178 2072 in
1213 2028 1294 2092 quo

137 2113 432 2200 pugnaremus?
482 2111 572 2177 Scire
611 2111 780 2194 pervelim,
819 2112 907 2194 quod
945 2133 1041 2179 nemo
1074 2113 1286 2180 indicandum
1304 2117 1379 2187 (58⁷)

139 2225 275 2311 putavit,
298 2221 462 2307 quodnam
484 2221 620 2286 verbum
641 2219 772 2285 finitum
793 2219 836 2284 ad
857 2221 1059 2305 particulam
1087 2242 1135 2286 an
1157 2222 1292 2288 audien·

139 2334 216 2400 dum
239 2333 381 2397 editores
404 2330 560 2413 putarint,
583 2329 901 2411 qua‘interrogando
918 2351 995 2395 vera
1015 2329 1102 2396 fietis
1126 2332 1294 2397 contraria

138 2447 322 2528 ponuntur;
358 2439 476 2521 (mixta
503 2445 554 2503 est
582 2438 668 2502 enim
689 2437 759 2502 haeo
782 2437 902 2517 oratio,
924 2445 962 2502 ut
982 2437 1026 2503 ad
1048 2435 1228 2518 XXXVIII,
1253 2443 1292 2504 59

138 2573 169 2636 p.
194 2555 256 2615 450
280 2548 429 2632 exposui,
453 2567 493 2611 ex
519 2547 627 2612 ironia
656 2552 690 2612 et
718 2545 823 2611 altero
853 2546 1001 2612 membro
1022 2548 1293 2630 interrogationis

139 2657 351 2736 disiunctivae,
374 2656 471 2740 quasi
494 2655 638 2720 dicatur:
661 2652 802 2719 Utrum
825 2660 963 2719 eastra
985 2657 1142 2721 munita
1163 2692 1204 2701 —
1227 2655 1293 2722 ha-

138 2767 368 2834 buissemus
391 2786 503 2829 -an
531 2762 635 2827 nihil
662 2762 799 2827 nostri
827 2763 914 2843 eet.).
959 2761 1041 2828 Mihi
1064 2785 1164 2829 unum
1188 2766 1294 2848 repeti

138 2895 237 2960 posse
259 2874 389 2939 videtur
421 2872 712 2937 habuissemus.
760 2868 838 2946 Quae
867 2876 944 2934 sunt
965 2871 1066 2952 igitur
1088 2871 1138 2935 hae
1162 2872 1291 2937 sordes:

141 3004 190 3048 an
218 2980 324 3046 nihil
354 2981 486 3045 nostri
518 2979 716 3044 habentes
750 2985 900 3061 praeter
931 2979 1078 3043 nudum
1113 3000 1294 3064 eampum

140 3088 450 3156 habuissemus?
483 3087 634 3167 (Rectum
656 3086 803 3151 futurum
825 3092 907 3162 erat,
930 3108 1013 3152 novo
1032 3087 1131 3153 verbo
1150 3087 1291 3154 adscito:

142 3219 189 3264 an
222 3199 325 3262 nihil
358 3196 487 3261 nostri
521 3195 717 3260 habentes
756 3216 810 3277 pr.
845 3217 876 3258 n.
912 3216 939 3260 e.
973 3197 1293 3279 pugnassemus?

143 3305 208 3372 Sed
230 3306 264 3371 id
286 3327 328 3370 ne
350 3326 460 3370 errore
491 3303 624 3387 quidem
652 3304 815 3368 memoria
844 3303 1053 3369 obversatum
1076 3303 1160 3369 Livii
1183 3306 1292 3371 animo

143 3414 321 3481 ostendunt
354 3412 496 3478 adiecta:
537 3413 577 3476 in
616 3433 691 3493 quo
730 3412 1023 3495 pugnaremus.)
1078 3412 1195 3496 Itaque
1229 3415 1293 3478 nisi

141 3523 240 3608 plura
263 3525 419 3605 corrupta
441 3528 533 3599 sunt,
567 3520 659 3585 ouius
686 3522 734 3585 rei
756 3520 881 3585 nullum
905 3526 955 3585 est
977 3521 1147 3599 indicium,
1175 3520 1292 3586 tollen·

143 3630 222 3695 dum
244 3638 295 3696 est
316 3628 530 3707 babentes,
560 3628 708 3693 additum
731 3628 773 3693 ab
796 3629 922 3710 alique,
957 3629 1014 3712 qui
1043 3629 1205 3694 orationis
1228 3626 1293 3693 for·

141 3759 230 3804 mam
252 3759 317 3803 non
340 3718 577 3802 intellexerat
601 3737 640 3801 In
663 3737 778 3803 eadem
802 3737 949 3802 oratione
973 3735 989 3819 ἓ
1013 3741 1031 3800 7
1056 3744 1090 3802 et
1111 3741 1131 3801 8
1153 3736 1225 3801 haee
1247 3736 1293 3802 le-

144 3891 369 3899 -——-—.--

166 3970 190 4036 ¹)
210 3969 266 4039 [Sio
284 3971 340 4025 iam
356 3970 489 4025 Ruellius.
526 3969 684 4026 Gronovius
702 3972 790 4027 hano
809 3973 928 4027 consul
947 3973 1105 4042 suspicatus
1121 3978 1188 4028 arat.
1218 3971 1294 4041 Seyf-

158 4052 162 4057 ’
211 4054 298 4109 fertus
318 4056 438 4125 dubitat,
459 4062 549 4110 utrum
567 4055 775 4126 praeferendum
792 4058 837 4124 sit,
856 4063 885 4111 at
901 4059 992 4128 magis
1011 4059 1101 4113 credit
1119 4059 1208 4112 hanc
1227 4059 1294 4113 scri·

211 4141 335 4196 bendum
361 4158 429 4195 essa.
465 4140 582 4209 Vellem,
610 4143 744 4212 inspeetis
771 4141 880 4197 duobus
906 4143 980 4197 Livii
1006 4144 1087 4211 loeis,
1114 4142 1147 4210 V,
1175 4147 1199 4212 3,
1225 4148 1237 4197 l
1266 4149 1294 4198 st

213 4225 311 4295 XLIV,
331 4229 373 4294 22,
394 4230 417 4295 l,
437 4226 537 4294 simul,
567 4227 633 4296 quid
660 4234 735 4281 esset
762 4228 792 4283 in
817 4228 975 4284 litterarum
1000 4230 1208 4298 permutatione
1229 4246 1294 4299 pro·

213 4311 317 4380 babile,
336 4313 553 4367 considerasset.
591 4311 617 4382 (ξ
638 4316 670 4367 10
687 4315 717 4368 in
740 4314 904 4382 parenthesi
927 4312 1111 4386 significanda
1130 4316 1311 4370 necessario.

213 4396 372 4451 addendum
391 4414 467 4451 nem
484 4403 533 4452 aut
551 4399 655 4464 enim.)
690 4396 775 4467 1864]

1013 4503 1063 4555 45*
1085 4492 1087 4496 ‘
