2994 5108
217 496 279 552 nia.
298 495 425 550 sarni
763 480 825 541 486

218 668 341 751 ipsum,
369 668 518 749 raptim
540 686 685 749 capere
709 685 819 728 arma
841 665 964 729 iussis
986 662 1189 727 militibus
1212 662 1370 743 (dimidia

218 774 306 838 illius
340 776 462 857 partis,
504 794 576 855 qnae
616 775 649 837 in
689 773 805 837 castris
844 770 1076 851 remanserat),
1115 769 1370 851 infrequenti
1405 754 1409 760 ’

219 882 376 964 agmine
400 890 520 964 porta
543 880 937 962 egressum—aciem
960 879 1221 943 instruxisse.
1252 878 1369 962 Itaque

219 989 398 1072 deprauata
431 989 501 1053 haec
535 1009 607 1052 esse
641 994 779 1051 constat.
843 987 881 1051 Id
920 985 1044 1050 iactum
1085 993 1135 1051 est
1168 1007 1271 1068 quum
1305 985 1370 1050 alio

219 1098 345 1162 minore
380 1117 508 1172 errore,
548 1104 618 1159 tum
660 1096 880 1176 geminatione
920 1093 1060 1177 quadam
1101 1102 1134 1159 et
1172 1093 1370 1177 repetitione

220 1204 359 1268 duarum
388 1224 513 1268 vocum.
571 1203 681 1266 Livius
718 1203 803 1266 enim
832 1205 878 1266 sie
908 1203 1100 1283 scripserat:
1134 1201 1196 1265 Ibi
1226 1207 1371 1281 parte·

219 1310 421 1373 dlnrldlan
456 1312 680 1387 exercitus,
716 1309 873 1372 dlrlsnrn
908 1294 1128 1386 trifariam,
1164 1315 1203 1372 et
1237 1328 1371 1373 omnes

219 1420 378 1501 equites
421 1419 654 1482 discurrere
688 1452 731 1462 -
763 1417 889 1481 iubet.
952 1402 1142 1498 (Dimidiam
1176 1424 1304 1498 partem
1339 1416 1371 1479 in

219 1528 337 1591 castris
367 1527 563 1591 remansisse
594 1547 653 1607 per
675 1546 709 1589 se
732 1525 894 1608 apparet.)
944 1527 1010 1588 Aut
1038 1545 1076 1588 ex
1106 1523 1176 1589 solo
1208 1522 1372 1588 scribendi

220 1655 330 1699 errore
361 1634 582 1716 (dimissam
616 1655 675 1715 pro
710 1631 896 1711 diuisam)
926 1640 1040 1696 natum
1074 1639 1122 1696 est
1150 1633 1282 1697 initium
1310 1631 1372 1696 loci

219 1741 448 1823 corrumpendi
482 1747 540 1804 aut
571 1739 659 1822 quod
689 1739 844 1803 distincte
873 1739 912 1803 de
941 1747 1083 1821 utraque
1112 1739 1249 1804 dimidia
1278 1746 1372 1822 parte

220 1849 284 1913 dici
316 1848 471 1912 librarius
505 1847 623 1928 aliquis
658 1846 770 1910 voluit.
832 1838 983 1910 Ceterun'r
1017 1868 1117 1930 prope
1152 1854 1280 1911 eertum
1313 1854 1373 1923 est,

218 1956 344 2020 Livium
372 1957 406 2019 in
434 1955 497 2019 hac
520 1955 765 2018 enumeratione
789 1953 889 2017 trium
912 1974 1064 2036 agrorum
1087 1976 1152 2019 non
1175 1955 1372 2036 elegantiam

218 2063 531 2145 inelegantissinram
563 2068 714 2142 captasse
750 2082 790 2124 ex
818 2061 976 2124 varianda
1004 2061 1067 2125 hoc
1095 2062 1193 2127 modo
1223 2063 1373 2126 oratione

219 2169 266 2252 (in
304 2170 490 2234 nominibus
525 2189 658 2252 prorsus
695 2167 841 2232 eiusdem
870 2169 1029 2249 generisl:
1063 2168 1372 2233 Pellenensium

219 2277 532 2360 Sicyoniumque
566 2296 686 2357 agros
722 2282 759 2337 et
788 2274 1026 2354 Phliasium,
1061 2276 1119 2341 sed
1149 2284 1209 2339 aut
1237 2274 1374 2340 Pelle·

219 2404 380 2448 nensem
414 2384 599 2465 scripsisse,
638 2390 675 2446 ut
709 2382 772 2446 lac.
805 2382 990 2446 Gronovius
1024 2383 1123 2448 scribi
1157 2381 1277 2463 voluit,
1316 2389 1373 2447 aut

219 2490 584 2573 Sicyoniorumque
606 2524 650 2534 —
673 2495 711 2552 et
733 2488 1051 2581 Phliasiorum.¹)

305 2595 382 2681 Cap.
409 2602 462 2676 IS,
492 2603 526 2660 7:
562 2595 754 2660 Omnibus
784 2618 827 2659 ex
856 2597 1062 2679 praesidiis
1091 2597 1373 2662 —devocatis

219 2711 258 2769 et
288 2705 334 2768 ab
364 2707 455 2788 ipsa
478 2703 741 2768 Stratonicea
764 2702 1051 2768 Thessalorum
1080 2705 1372 2769 auxiliaribus.

218 2812 321 2875 Nimis
351 2812 436 2875 nude
468 2832 601 2874 omnes
625 2810 778 2873 dicuntur
802 2812 1021 2894 contrariique
1044 2822 1212 2894 ponuntur
1235 2811 1374 2875 auxilia·

218 2917 317 2981 ribus.
377 2917 452 2981 Sine
483 2917 582 2982 dubio
613 2917 835 2981 scribendum:
872 2919 1056 2982 omnibus
1087 2918 1310 3002 praesidiis,
1339 2924 1374 2982 ut

217 3025 361 3105 undique
384 3032 455 3089 tota
479 3025 631 3106 praesidia
655 3025 813 3089 devocata
836 3025 1080 3107 intellegantur.
1117 3025 1242 3107 (1863.)
1278 3023 1294 3106 ξ
1321 3029 1374 3088 16:

218 3132 294 3194 Diu
318 3128 466 3214 anceps
491 3153 619 3214 pugna
643 3134 763 3196 stetit
785 3132 1000 3212 (Rhodiorum
1024 3141 1057 3197 et
1080 3133 1278 3197 Achaeorum
1302 3153 1374 3196 cum

217 3238 453 3302 Macedonibus
483 3260 584 3321 prope
614 3238 810 3318 Alabanda).
869 3239 1044 3304 Numero
1079 3240 1228 3318 Achaei,
1264 3239 1373 3304 mille

133 3357 202 3420 (aas)
223 3352 260 3407 et
289 3346 385 3426 ipsi,
421 3345 743 3426 quadringentos
778 3345 868 3410 loco
897 3347 1092 3429 pepulere
1123 3347 1184 3427 (sie
1212 3355 1305 3411 recte
1333 3346 1372 3424 B3

219 3449 411 3530 expulere
435 3452 482 3526 Μ,
518 3452 635 3516 saltem
665 3452 847 3533 ed.l10g.).
901 3453 1029 3518 l'iiosa
1058 3455 1167 3519 oratio
1196 3462 1264 3533 est:
1298 3474 1373 3518 nam

219 3565 257 3619 et
280 3558 360 3638 ipsi
384 3557 562 3639 siguificat,
592 3559 785 3623 Achaeorum
815 3559 955 3622 eundem
978 3561 1077 3624 fuisse
1101 3582 1289 3638 numerum,
1320 3561 1373 3645 qui
1426 3616 1433 3623 .

218 3663 480 3728 adversariorum
515 3667 662 3746 proxime
697 3666 859 3729 indicatus
896 3667 947 3729 sit.
1004 3668 1047 3730 At
1075 3689 1182 3749 neque
1214 3667 1373 3751 praecedit
1407 3688 1433 3730 J

218 3771 362 3852 proxime
387 3772 650 3835 adversariorum
668 3774 795 3835 numeri
813 3774 936 3837 mentio
955 3782 988 3837 et
1006 3796 1046 3837 ea
1063 3776 1136 3856 ipsa
1154 3797 1256 3841 causa
1275 3776 1373 3840 fuisse
1384 3796 1433 3839 ε

218 3877 353 3953 dicitur,
388 3899 446 3942 our
471 3877 579 3941 Achaei
608 3880 788 3952 vincerent,
824 3880 912 3962 quod
941 3881 1004 3963 ipsi
1028 3881 1157 3963 plures,
1191 3882 1433 3947 adversariis

218 3989 347 4048 tantum
371 3984 426 4048 CD
450 3983 578 4048 fuerint.
614 3985 650 4048 In
673 3986 699 4047 B
724 3986 894 4050 scribitur:
919 3986 1050 4052 Achaei
1073 3997 1110 4053 et
1135 3992 1230 4073 ipsi,
1256 3991 1433 4054 omisso

247 4232 305 4298 Ἡ
332 4236 348 4284 7
376 4235 404 4285 in
432 4251 521 4287 meam
555 4235 778 4292 emendationem
806 4237 856 4302 (ab
886 4239 1043 4307 Cleonis,
1079 4240 1182 4311 Opnsc.
1206 4241 1237 4296 11
1264 4260 1290 4311 p.
1314 4241 1433 4295 soff

287 4323 385 4381 postea
404 4317 652 4371 Weissenbornius
671 4321 779 4376 incidit.
