3000 5116
680 457 739 518 145
1172 470 1234 526 Lib.
1253 470 1285 525 V.

126 642 230 726 paulo
254 648 331 708 ante
355 642 558 723 dictasunt,
593 662 836 726 supervacanea
865 647 916 707 est
946 650 979 708 et
1007 643 1089 708 nihil
1112 644 1155 708 ad
1176 642 1285 708 locum

124 749 354 816 definiendum
393 752 539 834 pertinet
570 749 625 831 -)
668 756 726 813 aut
760 771 779 814 a
813 750 963 816 codicum
1002 752 1151 833 vestigiis
1190 751 1286 835 longe

126 859 315 939 discedunt,
336 858 496 944 pleraque
520 864 662 942 utroque
681 858 714 922 in
732 879 851 942 genere
869 858 1163 944 reprehenduntur.
1199 859 1286 936 Quo·

128 969 219 1033 niam
247 989 342 1034 nemo
371 988 430 1050 per
457 966 613 1050 populum
642 967 786 1050 aliquem
807 966 908 1050 Alpes
937 969 1169 1033 transcendere
1197 976 1287 1034 recte

125 1077 267 1156 dicitur,
296 1074 432 1155 nedum,
460 1075 516 1156 qui
539 1096 556 1139 e
579 1074 689 1140 Gallia
715 1076 839 1154 veniat,
869 1097 928 1159 per
950 1075 1127 1157 Taurinos,
1155 1078 1212 1159 qui
1240 1077 1282 1142 ab
1302 1096 1374 1166 (123)

124 1186 257 1250 oriente
280 1184 413 1268 Alpium
434 1183 599 1262 habitant,
624 1183 811 1248 necessario
835 1205 906 1267 per
929 1184 1129 1250 Taurinos
1153 1186 1288 1251 saltus

124 1292 360 1375 coniungenda
382 1296 467 1356 sunt.
519 1291 636 1375 Itaque
666 1291 825 1356 excidisse
853 1292 985 1357 videtur
1007 1315 1125 1358 nomen
1148 1294 1290 1358 alterum

127 1407 207 1467 ante
236 1423 320 1486 que.
375 1400 414 1465 In
438 1399 620 1478 codicibus,
656 1400 712 1481 qui
741 1405 943 1464 momentum
970 1400 1109 1481 iaciunt,
1145 1401 1193 1483 (et
1220 1402 1288 1467 fere

127 1511 249 1576 ceteris
277 1509 421 1592 quoque)
444 1509 479 1573 id
502 1516 568 1588 est,
598 1507 686 1590 quod
709 1508 911 1591 praescripsi,
939 1509 1002 1573 nisi
1029 1509 1118 1591 quod
1140 1511 1165 1575 P
1188 1511 1290 1575 habet

127 1619 244 1684 Iuliae
274 1618 356 1682 alte
379 1617 512 1700 Alpis,
544 1616 731 1681 litterarum
755 1616 974 1697 geminatione
998 1625 1121 1697 ortum,
1155 1618 1205 1682 Hl
1231 1641 1289 1683 au-

127 1734 197 1792 tem
230 1727 345 1791 iuriae
373 1725 508 1809 Alpis,
542 1726 576 1789 in
611 1746 677 1806 quo
711 1725 779 1788 veri
813 1725 987 1806 vestigium
1022 1732 1188 1791 servatum
1217 1747 1289 1791 esse

129 1842 228 1920 puto;
263 1834 392 1899 Livium
431 1834 518 1898 enim
560 1833 730 1916 scripsisse
772 1833 937 1916 suspicor:
977 1856 1048 1918 per
1087 1833 1289 1899 Taurinos

126 1944 265 2009 saltus
312 1941 543 2025 vallemque
586 1941 721 2005 Duriae
765 1941 888 2024 Alpes
934 1942 1288 2007 transcenderunt.

128 2051 259 2116 Vallem
294 2049 459 2132 significat
492 2049 603 2113 Duriae
636 2048 799 2127 fluminis,
839 2070 897 2132 per
937 2071 1037 2131 quarn
1077 2050 1119 2115 ab
1153 2050 1290 2132 Alpibus

129 2157 338 2224 Centrouicis
386 2159 437 2240 (le
481 2164 594 2223 mont
633 2155 768 2240 Cenis)
814 2157 856 2221 ad
896 2157 1025 2222 Padum
1071 2158 1289 2223 descenditur.

129 2267 252 2334 Strabo
285 2266 331 2331 IV
364 2289 395 2351 p.
426 2270 489 2330 203
523 2266 662 2331 Duriam
696 2265 989 2349 septentrionalem
1023 2266 1210 2347 significare
1244 2268 1290 2331 vi·

129 2376 236 2456 detur,
265 2374 422 2459 quoniam
446 2395 521 2438 cum
545 2373 686 2439 Salassis
711 2374 891 2456 coniungit,
916 2374 974 2439 sed
997 2375 1085 2457 quod
1109 2374 1290 2440 Centrones

128 2489 368 2550 commemorat
395 2489 429 2547 et
456 2482 653 2548 Druentiam
681 2503 698 2546 e
721 2481 851 2547 Gallica
878 2489 974 2566 parte
1003 2484 1175 2549 adversam
1199 2506 1216 2549 e
1239 2505 1290 2549 re-

125 2594 228 2677 gione
251 2611 325 2657 esse
348 2590 480 2669 scribit,
515 2596 629 2675 aperte
660 2589 702 2654 ad
732 2590 950 2655 meridianum
978 2612 1106 2656 amnem
1135 2593 1289 2676 pertinet.

127 2701 182 2766 Ea
203 2707 315 2766 autem
336 2701 390 2764 via
413 2697 527 2763 Gallos
550 2705 779 2781 transgressos
803 2720 883 2777 esse,
907 2720 1018 2763 omnes
1042 2702 1263 2766 consentiunt,

219 2807 298 2892 Cap.
323 2811 372 2887 35,
400 2811 415 2870 l
440 2814 474 2872 et
498 2812 532 2870 2:
567 2806 658 2871 Alia
681 2807 856 2871 subinde
880 2829 1018 2872 manus
1045 2805 1291 2874 Cenomano-

128 2939 280 2997 rum—‚
298 2937 414 2999 quum
431 2915 771 2980 transcendisset
788 2914 919 2999 Alpes,
942 2915 1010 2979 ubi
1029 2936 1132 2979 nunc
1150 2916 1292 2981 Brixia

126 3046 177 3091 ac
204 3025 362 3090 Verona
394 3023 516 3088 urbes
551 3029 655 3103 sunt,
689 3021 817 3103 (locos
841 3028 1010 3088 tenuere
1033 3023 1168 3105 Libui)
1200 3046 1292 3088 oon-

129 3133 279 3200 sidunt.
325 3133 422 3197 Post
448 3132 520 3197 hos
544 3131 719 3196 Salluvii
746 3152 871 3215 prope
895 3133 1108 3215 antiquam
1131 3139 1292 3215 gentem

128 3242 268 3307 Laevos
290 3240 476 3324 Ligures,
510 3240 741 3305 incolentes
776 3240 890 3304 eirca
918 3238 1102 3304 Ticinum
1131 3261 1291 3304 amnem.

128 3350 186 3416 Sic
218 3349 306 3434 apud
329 3347 637 3414 Drakenborchium
665 3353 742 3432 post
770 3347 852 3412 alios
882 3348 1038 3412 scribitur
1067 3370 1128 3413 noc
1152 3350 1293 3415 discedit

128 3458 436 3537 Weissenbornius‚
470 3458 533 3521 nisi
563 3455 651 3539 quod
676 3455 853 3520 Salluvii
883 3454 980 3539 [qui]
1009 3480 1138 3542 prope
1163 3459 1293 3541 scribit3

128 3588 209 3633 nam
239 3566 369 3632 codices
401 3571 477 3649 post
506 3563 683 3630 Salluvii
713 3564 851 3629 habent:
886 3564 919 3627 M
949 3566 1019 3647 qui
1047 3573 1165 3649 prote
1194 3570 1294 3633 anti-

128 3696 248 3759 quam
261 3673 345 3756 (m.2
358 3675 425 3759 qui
442 3672 584 3758 pretii),
603 3673 744 3737 eodllh.
758 3674 825 3757 qui
845 3678 998 3755 praeter
1016 3680 1105 3752 ant,
1118 3675 1293 3759 Pnfflro)

126 3784 202 3868 qui
229 3803 354 3867 prope
385 3786 465 3846 ant.
527 3782 668 3846 Pravum
697 3787 748 3846 est
775 3787 944 3845 tenuero
974 3781 1013 3845 de
1044 3784 1189 3864 antiquis
1218 3791 1295 3850 ante

127 3890 248 3958 Gallos
289 3890 407 3956 incolis
449 3889 522 3972 (hos
569 3890 656 3953 enim
705 3889 829 3953 Libuos
876 3889 1025 3972 intellegi
1069 3891 1195 3973 volunt)
1234 3913 1293 3974 pro

127 3999 340 4066 tenebant.
373 3997 437 4077 ,Et
464 3998 561 4063 Libui
589 3999 653 4082 ipsi
681 3998 768 4062 inter
799 3997 912 4062 Gallos
937 3996 1122 4082 Cisalpinos
1153 4021 1294 4065 comme-

127 4114 306 4174 morantur
333 4106 426 4187 XXI,
463 4111 502 4171 38
531 4113 564 4171 et
592 4106 751 4185 XXXIII,
787 4110 838 4186 37,
873 4105 934 4171 hoc
967 4107 1100 4189 quidem
1128 4108 1200 4173 1000
1230 4130 1296 4172 uua

128 4237 210 4281 cum
234 4215 348 4279 Laevis.
403 4214 507 4280 Iidem
531 4214 621 4298 apud
642 4214 816 4298 Polybium
838 4214 885 4292 ΙΙ,
918 4219 955 4280 17
980 4236 1054 4279 cum
1079 4216 1183 4279 Laris
1217 4217 1296 4280 item

126 4323 305 4389 coniuncti
328 4328 362 4388 et
383 4323 467 4388 Padi
489 4323 637 4388 fontibus
663 4323 867 4407 Liguriaeque
892 4323 1018 4388 admoti
1040 4331 1162 4404 Λεβέκιοι
1184 4324 1296 4409 appel·

1034 4444 1067 4496 10
