2994 5108
159 512 165 522 .
217 474 279 528 Lib.
297 475 396 528 XXIV.
766 463 828 525 348

133 653 206 720 (284)
225 647 520 726 Weissenbornius,
545 653 582 712 ut
599 669 638 713 ex
651 648 707 712 illo
726 646 1127 713 uiraliiudioioestet
1144 647 1304 712 retineret
1322 647 1379 712 iu·

219 755 342 833 dicio,
376 755 465 836 quod
494 760 603 831 ortum
633 765 685 821 est
712 758 887 840 perspicue
916 778 955 820 ex
978 754 1114 820 divulsis
1137 754 1258 819 litteris
1280 776 1377 820 voca·

218 864 287 927 buli
311 862 482 927 aliunde
505 863 575 944 (ali
598 864 700 943 iude,
724 863 850 942 deinde,
876 885 975 947 quum
998 862 1074 927 iud.
1098 883 1158 945 pro
1182 862 1378 945 compendio

221 971 301 1035 satis
334 970 498 1053 frequenti
531 971 681 1037 habitum
716 980 817 1049 esset,
852 972 907 1036 ali
941 970 1097 1035 iudicio
1133 968 1181 1052 e);
1221 991 1377 1037 revocare

219 1084 400 1143 tentantem
433 1079 595 1145 debuerat
622 1080 672 1146 vel
700 1102 821 1165 pravus
849 1079 931 1146 ordo
961 1079 1136 1145 verborum
1163 1085 1248 1144 stet
1276 1101 1378 1145 sem·

220 1207 289 1268 per
312 1186 491 1263 aliunde,
519 1189 663 1272 pondere
686 1190 720 1252 in
744 1195 827 1254 stet
849 1188 1018 1266 inclinato,
1043 1186 1130 1269 quod
1153 1187 1187 1251 in
1211 1186 1378 1252 aliunde

220 1315 291 1358 esse
322 1293 435 1373 debet,
471 1302 505 1360 et
533 1317 702 1379 semper,
735 1297 825 1381 quod
849 1316 1021 1361 commune
1043 1295 1216 1377 utriusque
1238 1294 1377 1359 membri

221 1409 284 1480 est,
318 1404 405 1467 inter
435 1424 532 1469 voces
554 1406 673 1488 prioris
696 1403 834 1469 membri
858 1404 964 1469 medio
986 1403 1194 1487 interposito.
1255 1400 1321 1466 Sed
1344 1403 1377 1466 in

220 1511 445 1594 superioribus
470 1512 671 1578 Gronovium
700 1534 812 1577 verum
840 1534 905 1576 non
933 1512 1112 1590 invenisse,
1139 1509 1245 1575 multa
1268 1517 1379 1576 osten·

221 1618 317 1698 dunt,
346 1620 509 1703 turpius
533 1620 695 1686 inutiliter
718 1621 876 1700 additum,
904 1618 1096 1684 videatur
1117 1639 1254 1700 prorsus
1277 1639 1379 1701 preve

221 1727 261 1791 de
290 1748 325 1791 re
355 1728 540 1792 certissima
572 1731 731 1825 positum,
766 1749 952 1813 perversum
986 1726 1117 1791 dicendi
1150 1745 1255 1807 genus
1284 1746 1378 1810 pro·

222 1835 416 1900 ditionem
462 1836 621 1902 referre
660 1837 841 1920 proditis
881 1837 969 1916 (nam
1010 1827 1179 1911 refertur,
1212 1832 1276 1899 hoc
1318 1841 1377 1921 est,

219 1943 360 2007 iteratur
382 1944 543 2027 proditio,
572 1968 639 2010 non
662 1945 761 2009 alicui
784 1943 950 2025 refertur),
981 1943 1076 2008 olim
1101 1943 1205 2008 otiose
1228 1949 1377 2007 extremo

221 2050 293 2114 loco
323 2050 509 2132 adhaerens,
544 2053 683 2118 confusa
712 2056 744 2117 in
774 2058 1026 2135 resurgeret,
1059 2048 1264 2129 rideatur,
1293 2056 1379 2114 stet

221 2159 378 2241 temporis
401 2160 530 2224 notatio
554 2160 644 2240 (nam
668 2161 708 2226 de
731 2182 781 2239 eo,
810 2160 898 2242 quod
920 2180 1007 2224 nunc
1028 2160 1135 2242 ipsum
1158 2157 1203 2236 fit,
1233 2179 1378 2241 praesens

220 2287 281 2349 pro
310 2267 501 2350 imperfecto
531 2289 570 2332 ex
600 2271 750 2334 oratione
779 2275 871 2333 recta
897 2275 1061 2333 retentum
1089 2271 1282 2331 constanter
1310 2287 1378 2331 ser·

221 2375 290 2436 vari
321 2374 449 2454 debet),
484 2383 651 2458 postremo
681 2377 828 2441 codicum
857 2376 1003 2459 vestigia.
1060 2374 1194 2438 Initium
1222 2372 1377 2438 emenda·

219 2480 319 2545 tionis
342 2481 467 2546 factum
491 2483 563 2559 erit,
587 2483 614 2547 si
637 2484 904 2565 intellexerimus,
928 2483 1119 2547 videatur
1141 2482 1310 2564 pertinere
1333 2480 1376 2546 ad

219 2589 415 2653 sententiam
444 2590 485 2653 de
514 2612 549 2655 re
572 2592 722 2656 Romana
750 2594 950 2675 resurgenti,
985 2589 1075 2673 quod
1102 2590 1137 2653 in
1166 2610 1224 2671 epe
1249 2595 1285 2654 et
1305 2590 1376 2673 opi·

218 2696 314 2759 uione
338 2698 481 2778 positum
504 2706 586 2762 erat.
645 2699 698 2764 Sic
727 2703 813 2765 enim
836 2701 946 2764 Livius
976 2699 1122 2780 scripsit:
1157 2705 1255 2775 tum,
1285 2718 1376 2780 quo·

165 2887 168 2893 -
218 2805 321 2867 niam
355 2806 415 2881 (sic
449 2805 497 2868 W.
532 2812 620 2871 recte
655 2830 716 2890 pro
751 2808 881 2891 quom)
916 2829 979 2871 res
1013 2807 1188 2870 Romana
1228 2811 1376 2868 contra

218 2933 326 2994 spem
372 2920 546 2997 votaque
594 2917 680 2979 eius
728 2934 927 2995 resurgere
973 2914 1119 2976 rlrlbus
1165 2911 1374 2977 rideatur.

157 3075 163 3087 .
217 3041 357 3084 novam
398 3021 556 3086 referre
596 3024 867 3107 proditionem
907 3023 1086 3107 proditis
1119 3019 1374 3100 polliccatur,

217 3128 384 3192 aliunde
413 3136 495 3194 stet
525 3152 696 3213 semper,
727 3131 896 3195 aliunde
927 3131 1094 3201 sentiat,
1125 3127 1282 3193 infidus
1311 3149 1373 3192 so·

218 3237 318 3313 cius,
346 3257 472 3300 vanus
502 3238 643 3302 hostis.
704 3238 873 3302 Postrema
895 3239 964 3303 haec
987 3237 1153 3302 sententia
1174 3242 1264 3300 recte
1288 3235 1373 3301 rele-

216 3345 282 3407 tivo
313 3365 378 3408 nou
406 3345 547 3427 repetito
578 3351 727 3416 ἀσυνδὲτως
757 3346 904 3424 additur,
938 3346 1144 3428 superiorum
1173 3345 1373 3408 sententiam

216 3451 361 3515 breviter
395 3451 560 3535 colligens.
623 3454 722 3518 Verbi
761 3453 1028 3536 polliceatur,
1069 3451 1159 3534 quod
1194 3453 1304 3516 oratio
1338 3458 1371 3516 et

218 3561 382 3623 sententia
420 3560 580 3641 postulat,
626 3562 698 3625 dnae
746 3563 857 3644 primm
903 3561 1037 3644 syllabae
1077 3566 1284 3635 manserunt,
1333 3583 1373 3624 ex

217 3666 344 3730 turali
375 3675 482 3731 ortum
510 3668 649 3748 uirali‚
686 3669 803 3733 deinde
832 3690 870 3733 ex
900 3690 969 3734 cea
991 3667 1132 3745 factum,
1166 3668 1370 3749 nescioquo

216 3795 336 3852 errore,
361 3775 429 3837 Vll.
491 3775 698 3841 Polliceor
731 3778 869 3841 facere
903 3798 967 3841 non
1002 3783 1131 3841 tantum
1165 3773 1305 3840 Plautus
1339 3781 1372 3840 et

216 3883 389 3946 Terentius
413 3882 575 3962 dixerunt,
600 3884 657 3948 sed
675 3883 785 3950 Caesar
803 3886 839 3948 B.
859 3886 896 3951 G.
915 3885 968 3961 IV,
994 3889 1029 3946 2]
1057 3888 1091 3946 et
1108 3883 1241 3946 Asinius
1264 3882 1372 3948 Pollio

216 3991 304 4072 apud
339 3990 413 4054 Seu.
442 3990 535 4054 Rhet.
566 4014 596 4074 p.
627 3997 665 4054 41
702 3992 816 4057 Kiessl.
848 3993 924 4074 [Pro
959 4011 1177 4072 resurgere
1212 3990 1373 4056 viribus

215 4098 357 4161 feliciter
384 4099 671 4163 Weissenbornius
701 4122 917 4183 resurgere
947 4100 996 4163 ab
1028 4096 1256 4181 stirpibus]
1307 4099 1372 4162 Ex-

214 4213 319 4270 trema
352 4206 452 4270 verba
485 4208 532 4271 sic
566 4207 719 4271 videntur
747 4209 934 4281 scribenda:
970 4207 1009 4268 ld
1040 4206 1087 4270 ad
1117 4205 1372 4271 Faleriorum

215 4312 444 4396 Pyrrhique
483 4316 738 4398 proditorem
778 4318 945 4380 tertium
979 4313 1212 4395 transfugis
1248 4313 1372 4379 docu-
