2994 5108
261 474 323 529 urs.
342 474 426 530 xus.
547 557 554 571 ,
811 434 899 524 rsa'

263 646 334 712 dari
357 653 480 732 posset.
523 647 649 713 Deinde
672 649 705 713 in
729 667 769 711 ea
786 647 989 726 condicione,
1013 667 1085 728 quae
1107 645 1185 715 huic
1203 647 1318 731 primae
1341 666 1413 711 con·

262 755 368 821 traria
401 776 440 819 ex
474 755 611 821 adverso
645 756 780 839 ponitur
803 755 851 836 (si
882 761 1011 821 autem
1039 754 1126 837 cet),
1156 753 1349 839 adiungitur
1376 754 1412 818 de

261 860 423 928 Antiocho
447 863 494 943 (si
528 869 661 929 autem
685 863 880 928 Antiochi
908 885 984 929 non
1011 861 1187 943 fuisset),
1216 864 1271 927 cui
1300 864 1334 927 in
1356 863 1412 927 hac

174 966 250 1038 (tut)
266 970 348 1036 nihil
370 972 556 1055 respondet.
600 972 764 1037 Praeterea
785 973 819 1036 in
842 971 948 1037 altera
970 978 1063 1055 parte
1085 970 1212 1037 infinito
1238 971 1335 1037 modo
1358 970 1411 1053 (ec

262 1100 308 1144 na
332 1101 362 1164 p.
382 1079 543 1164 quidem
560 1080 730 1145 Romani
750 1079 899 1145 lactum
916 1084 1132 1164 apparere)
1149 1087 1322 1162 tamquam
1342 1101 1411 1145 con·

263 1208 403 1271 sequens
427 1194 460 1253 et
483 1188 572 1272 quod
595 1186 767 1266 efficiatur,
790 1188 824 1253 id
847 1190 990 1272 ponitur,
1014 1187 1103 1270 quod
1126 1189 1160 1252 in
1182 1196 1280 1273 parte
1304 1187 1411 1253 condi·

263 1295 365 1360 aionis
388 1317 461 1362 esse
485 1296 593 1362 debet.
638 1295 722 1361 Nam
744 1295 877 1361 Prusias
899 1297 1070 1378 ignoscere
1098 1295 1257 1376 debebat,
1288 1297 1317 1361 si
1340 1317 1412 1379 ager

262 1401 417 1468 Antiochi
439 1399 505 1470 non
526 1387 636 1471 fuerat
659 1412 692 1470 et
714 1403 788 1469 ideo
819 1404 949 1470 omnino
974 1405 1197 1470 Romanorum
1219 1402 1331 1469 factus
1352 1425 1412 1470 nou
1452 1411 1455 1414 ’

263 1517 351 1591 erat,
375 1518 413 1576 ut
434 1511 516 1577 nihil
539 1511 580 1578 de
603 1533 642 1578 eo
672 1511 845 1578 decernere
873 1518 1022 1595 possent,
1056 1518 1114 1577 aut
1141 1513 1169 1577 si
1192 1512 1411 1577 Romanorum

263 1618 395 1701 quidem
416 1617 533 1700 factus,
557 1620 615 1685 sed
638 1619 734 1685 datus
759 1619 863 1684 Gallis
886 1622 952 1686 iam
975 1628 1055 1686 erat.
1090 1619 1159 1684 Iam
1176 1621 1210 1685 in
1234 1620 1348 1686 codice
1370 1622 1413 1687 sic

264 1726 436 1792 scribitur:
471 1730 503 1794 si
537 1735 670 1794 autem
704 1729 871 1793 Antioci
905 1750 981 1793 non
1015 1729 1259 1813 peruissent
1293 1750 1337 1794 eo
1369 1750 1412 1793 ne

264 1835 406 1918 populi
429 1836 590 1920 quidem
611 1836 779 1901 Romani
803 1835 954 1902 facturn
978 1843 1153 1920 apparat
1181 1841 1252 1901 aut
1280 1834 1413 1902 datum

264 1941 397 2008 Gallis
431 1951 555 2023 esset,
589 1946 827 2028 ignosceret
853 1944 1039 2009 Prusiam
1068 1943 1253 2022 deberet,
1288 1947 1412 2023 sicet,

263 2049 297 2114 in
316 2073 382 2134 qua
398 2053 562 2136 scriptura
577 2053 620 2117 ad
637 2053 695 2118 illa
712 2060 894 2137 apparat
916 2058 985 2117 aut
1007 2052 1144 2117 datum
1163 2053 1293 2118 attendi
1312 2053 1411 2118 velim.

264 2157 392 2224 Livium
425 2161 597 2246 scripsisse
632 2163 764 2245 opinor:
805 2162 839 2226 si
872 2160 908 2226 is
941 2180 1036 2243 ager
1069 2160 1212 2244 populi
1246 2161 1413 2227 Romani

264 2265 400 2333 factus
430 2275 557 2348 esset,
593 2290 714 2352 quum
746 2267 942 2334 Antiochi
969 2289 1047 2334 non
1077 2268 1200 2332 luisse
1228 2275 1263 2332 ct
1298 2290 1343 2334 eo
1371 2289 1412 2335 ne

263 2395 352 2458 pop.
377 2377 538 2458 quidem
564 2377 732 2441 Romani
765 2375 917 2441 facturn
951 2382 1153 2457 appareret
1187 2382 1256 2442 aut
1292 2377 1413 2440 datu

265 2482 395 2548 Gallis
418 2502 509 2563 esse,
531 2485 744 2568 ignoscere
766 2482 952 2550 Prusiam
981 2483 1132 2550 debere
1156 2491 1218 2549 eet.
1265 2484 1410 2567 (Residet

263 2590 446 2675 scrupulus,
470 2613 511 2657 ne
536 2592 614 2677 quid
631 2592 736 2657 lateat
752 2593 785 2656 in
802 2592 859 2657 illo
882 2592 1121 2677 peruissent
1142 2599 1264 2677 praeter
1286 2592 1411 2658 fuisse

263 2698 327 2780 et.)
373 2697 537 2783 [Occurrit
568 2700 690 2765 litteris
730 2701 927 2783 proximum:
961 2701 994 2765 si
1040 2707 1171 2764 autem
1211 2702 1410 2766 Antiocho

262 2810 549 2891 conparuisse
573 2815 613 2873 et
637 2830 681 2873 eo
705 2816 766 2872 eet.
813 2809 969 2872 Retentat
994 2828 1165 2872 assensum
1195 2819 1227 2874 et
1251 2810 1411 2875 Antioci

262 2917 296 2979 in
320 2916 431 2980 codice
456 2918 612 3001 scriptum
635 2923 668 2981 et
691 2916 778 2998 quod
803 2937 861 2999 per
885 2937 919 2980 se
943 2936 1020 2998 ager
1050 2915 1113 2981 hoc
1141 2916 1213 2982 loco
1237 2919 1349 3001 aptius
1371 2920 1412 2982 ri·

264 3023 362 3088 detur
390 3025 543 3090 Antiochi
573 3024 672 3089 fuisse
701 3025 766 3088 dici
796 3045 893 3104 «pram
916 3022 1077 3089 Antiocho
1101 3025 1263 3107 paruisse.
1311 3023 1412 3106 latr]

263 3131 389 3196 Deinde
418 3132 448 3215 (ξ
479 3133 531 3214 13)
560 3134 592 3196 iu
621 3131 672 3196 his
701 3131 822 3209 verbis,
857 3131 976 3214 quibus
1004 3133 1165 3198 transitur
1199 3133 1242 3197 ad
1277 3133 1413 3198 alteram

264 3262 342 3317 rem,
366 3261 465 3324 quam
482 3241 616 3305 Prusias
640 3261 659 3304 a
684 3248 800 3304 senatu
819 3239 995 3321 petiverat:
1020 3239 1158 3305 Facile
1182 3239 1413 3306 Nicomedis

264 3348 651 3413 commendationem
684 3349 890 3429 accipere.
922 3356 1075 3431 apparet,
1098 3347 1305 3427 adverbium,
1331 3348 1414 3433 quod

265 3458 395 3520 omnino
428 3457 590 3520 inutiliter
624 3454 786 3521 abundat.
821 3477 885 3519 uon
920 3458 1064 3538 potuisse
1099 3457 1204 3539 primo
1234 3456 1308 3522 loco
1341 3459 1414 3541 poni

264 3571 342 3628 ante
361 3585 408 3642 eu,
433 3564 550 3644 quibus
569 3583 722 3628 notares
740 3562 990 3644 significaretur.
1025 3562 1062 3626 In
1083 3564 1195 3628 codice
1214 3573 1266 3629 est
1288 3565 1414 3629 felici:

264 3673 423 3755 superiori
446 3672 614 3735 sententiae
639 3670 716 3734 addi
740 3669 822 3734 nihil
846 3681 969 3753 potest3
1003 3670 1211 3753 relinquitur,
1235 3680 1272 3737 ut
1297 3673 1415 3737 scriba·

265 3803 354 3845 mus:
379 3779 455 3844 Fili
480 3778 715 3842 Nicomedis
740 3778 1132 3842 commendationem
1157 3782 1363 3863 accipere.

351 3889 487 3953 Desinet
509 3888 578 3951 lucc
602 3893 714 3951 nostru
738 3907 838 3970 opera
861 3887 893 3949 in
918 3887 1032 3951 eodem
1050 3888 1266 3951 correctionis
1290 3908 1414 3970 genere,

265 4018 368 4077 aquo
387 4017 490 4079 prope
508 4015 583 4058 orsa
601 4001 660 4059 est.
685 3995 818 4059 meliore
837 3996 1073 4059 sententiarum
1091 3995 1312 4060 distinctione.
1336 3996 1416 4060 Nam

266 4104 463 4187 paulopost
488 4102 518 4185 (ξ
546 4102 597 4183 lt)
621 4103 666 4166 sic
697 4102 866 4166 scribitur:
903 4114 943 4166 et
973 4103 1184 4183 (censuerunt
1214 4102 1344 4186 patres)
1377 4112 1416 4166 ut

266 4233 313 4276 ex
343 4212 493 4278 classe.
529 4232 612 4294 qure
644 4209 857 4274 Brundisii
887 4218 1009 4287 esset,
1044 4231 1167 4274 nares
1202 4209 1334 4294 longa
1363 4212 1415 4273 ri-

266 4321 372 4402 ginti
406 4320 728 4402 aclsignareutur
756 4318 892 4398 (Prusia
920 4320 1013 4402 regi),
1048 4318 1196 4402 quibus
1220 4326 1416 4393 uteretur,
