3000 5116
699 468 759 528 505
1098 481 1159 534 Lib.
1178 479 1305 534 XXXIV.

153 651 295 734 optimi
323 649 486 733 generis
514 650 687 715 militum
710 648 903 730 habebat,
926 649 988 715 hoc
1011 658 1072 731 est,
1096 652 1303 736 supplemen-

151 765 221 822 tum
231 779 271 822 ex
280 758 395 841 optimi
407 758 537 841 generis
551 757 711 822 militibus
723 763 887 822 constans.
903 757 989 841 [vid.
998 757 1304 841 tamenAddenda.]

239 862 404 949 Cap.'37,
440 871 454 929 l
483 864 710 949 recipiendum
739 871 835 947 puto,
869 864 959 947 quod
988 873 1021 931 et
1050 866 1304 949 Bambergensis
1385 870 1394 883 '

152 971 256 1039 codex
278 971 381 1037 habet
402 979 436 1038 et
457 971 608 1056 vulgares
631 970 949 1051 (Drakenborchiani
973 994 1039 1051 sex,
1068 979 1190 1055 praeter
1212 973 1305 1051 duos,

153 1081 218 1163 qui,
248 1100 347 1162 quum
370 1081 495 1163 primo
518 1080 656 1145 oculos
678 1079 832 1157 habeant,
855 1079 942 1144 idem
964 1079 1179 1163 significantl:
1214 1079 1305 1144 Haeo

154 1188 261 1252 inter
296 1207 335 1252 se
371 1188 499 1270 primo
529 1188 709 1251 circulos
737 1192 921 1251 serentes
951 1185 1142 1267 fremere;
1176 1187 1306 1251 videtur

154 1295 255 1374 euim,
289 1315 389 1377 quum
417 1315 583 1359 sermones
612 1315 720 1358 serere
749 1300 782 1358 et
813 1315 921 1358 serere
950 1295 1076 1377 aliquid
1099 1294 1305 1359 sermonibus

154 1400 329 1481 diceretur,
359 1401 477 1466 deinde
500 1403 599 1466 etiam
623 1400 833 1483 colloquia
856 1400 985 1482 (XXIV,
1015 1406 1064 1480 31,
1089 1401 1132 1483 3),
1156 1403 1305 1486 potuisse

154 1510 254 1574 etiam
288 1509 353 1574 dici
386 1509 566 1574 circulos
594 1530 780 1574 sermonum
809 1528 908 1573 causa
935 1530 1086 1588 serere;
1120 1531 1242 1592 neque,
1277 1512 1305 1575 si

153 1616 286 1701 paulum
309 1615 436 1700 aliquid
457 1617 615 1680 novitatis
638 1623 699 1695 est,
727 1615 761 1680 id
786 1616 1019 1680 multominus
1043 1623 1103 1694 est,
1132 1639 1232 1702 quum
1256 1618 1305 1682 di·
1407 1675 1409 1681 .

155 1726 242 1790 citur
263 1725 303 1788 in
327 1724 500 1788 circulis
523 1745 659 1788 serere
682 1724 852 1806 aliquid.

240 1829 318 1915 Cap.
337 1835 387 1910 38,
411 1837 429 1895 5
448 1830 502 1911 (de
520 1831 556 1894 T.
576 1830 728 1907 Quinctio
746 1830 900 1915 Spartam
925 1832 1167 1914 oppugnante):
1193 1830 1305 1909 Quod

153 1938 315 2004 roboris
337 1939 378 2002 in
401 1940 588 2003 exercitu
611 1946 714 2016 erat,
747 1938 954 2003 trifariam
983 1940 1156 2004 divisum
1186 1946 1306 2023 parte

153 2067 232 2111 una
261 2066 281 2110 a
308 2045 511 2125 Phoebeo,
545 2047 678 2111 altera
706 2067 725 2110 a
749 2047 992 2130 Dictynneo‚
1025 2049 1154 2112 tertia
1184 2047 1230 2111 ab
1260 2068 1306 2111 eo

151 2154 260 2232 loco,
306 2174 420 2236 quem
464 2153 742 2237 Heptagonias
784 2154 1016 2237 appellant,
1055 2155 1306 2238 —aggredi

152 2262 276 2327 iubet.
327 2261 433 2339 Dure,
462 2261 551 2345 quod
580 2262 708 2326 roboris
731 2263 764 2325 in
789 2263 935 2326 exercitu
959 2269 1048 2342 erat,
1079 2263 1200 2327 dicitur
1223 2263 1304 2327 divi-

152 2390 224 2435 sum
248 2388 316 2433 una
338 2367 417 2450 (sui)
439 2375 534 2452 parte
558 2389 578 2433 a
596 2369 749 2434 Phoebeo
771 2370 917 2452 aggredi,
941 2370 1046 2435 altera
1069 2371 1306 2454 aDictynue03

147 2477 249 2560 longe
272 2477 335 2540 erit
357 2477 476 2560 aptius,
499 2476 537 2553 si,
565 2475 687 2540 lineola
709 2477 828 2541 littera
851 2498 879 2539 ιι
903 2479 1026 2543 vicaria
1048 2478 1173 2557 addita,
1205 2479 1306 2560 scrip-

149 2583 308 2649 serimus:
348 2581 459 2659 Quod
488 2583 649 2648 roboris
678 2585 718 2647 in
747 2585 934 2649 exercitu
964 2591 1067 2663 erat,
1102 2585 1306 2650 trifariam

153 2690 342 2771 divisum3
372 2699 527 2774 partem
557 2712 671 2755 unam
700 2690 947 2769 aPhoebeo,
975 2693 1149 2756 alteram
1172 2714 1192 2757 a
1215 2692 1305 2755 Dic·

147 2804 319 2882 tynnae,
341 2800 510 2863 tertiam
534 2798 581 2863 ab
606 2820 650 2863 eo
674 2799 776 2875 loco,
800 2821 830 2882 q.
856 2799 895 2876 Η,
920 2820 959 2870 a..
984 2800 1154 2881 aggredi
1177 2799 1305 2864 iubet.

240 2901 320 2987 Cap.
344 2909 395 2984 40,
420 2911 448 2970 5.
499 2907 597 2971 Dum
621 2912 884 2988 oppugnatur
907 2912 1122 2989 tyrannus,
1150 2907 1306 2989 Argivi,

144 3012 313 3077 nuntiis
336 3010 434 3077 aliis
455 3034 580 3097 prope
610 3034 729 3096 super
751 3013 857 3078 alios
881 3013 1186 3091 adferentibus,
1216 3020 1305 3077 tan-

138 3125 233 3184 tum
255 3120 430 3184 uoniam
454 3127 616 3203 captam
639 3120 961 3185 Lacedaemonem
985 3142 1081 3198 esse,
1111 3121 1242 3185 erecti
1266 3125 1307 3183 et

139 3226 234 3310 ipsi
268 3261 312 3271 -
347 3226 581 3310 praesidium
616 3227 871 3310 expulerunt.
927 3228 1003 3292 Iure
1038 3228 1305 3293 Weissenbornio

141 3333 324 3417 displicuit
362 3354 486 3417 prope
526 3334 760 3417 interpositum
800 3334 852 3399 his
893 3333 993 3399 aliis
1029 3356 1151 3417 super
1186 3335 1305 3413 alios3

134 3459 230 3506 :nam
259 3440 305 3518 ei,
339 3461 411 3523 quae
439 3442 472 3505 in
500 3440 551 3505 his
580 3441 689 3506 verbis
718 3443 816 3520 inest,
850 3442 1028 3506 celerrimae
1057 3448 1090 3506 et
1117 3464 1182 3507 non
1205 3443 1306 3506 inter-

138 3553 263 3633 ruptae
284 3549 502 3614 successionis
524 3547 754 3631 significationi
778 3570 903 3633 prope
926 3556 1104 3632 repugnat;
1138 3550 1195 3615 sed
1219 3550 1306 3631 quod

139 3657 183 3722 oi
205 3654 349 3721 fortasse
373 3655 638 3721 substituendum
661 3677 732 3722 esse
754 3678 926 3741 propere
949 3657 1134 3739 suspicatus
1158 3663 1217 3731 est,
1241 3677 1306 3721 non

133 3763 271 3829 vitavit
292 3762 432 3828 alteram
454 3763 759 3847 reprehensionem
793 3785 869 3829 nam
897 3765 945 3828 ita
967 3765 1030 3829 hoc
1053 3764 1174 3828 dicitur·
1197 3764 1306 3828 alius

138 3890 278 3954 snper
304 3869 447 3950 alium,
480 3877 517 3936 ut
544 3871 625 3935 nihil
656 3873 820 3955 interponi
848 3873 969 3955 possit3
1004 3854 1132 3953 (itaque
1162 3870 1227 3934 dici
1251 3871 1305 3934 de·

132 3972 264 4056 bebat,
294 3977 322 4042 si
345 3999 471 4062 prope
494 3985 621 4043 rectum
644 3985 740 4058 esset,
764 3999 891 4062 prope
913 3979 1012 4043 aliis
1035 3999 1156 4062 super
1178 3977 1305 4059 alios).

138 4082 219 4150 Sed
254 4083 438 4149 tollendum
472 4106 610 4169 prorsus
639 4091 689 4149 est
717 4107 859 4169 prope,
894 4086 982 4167 quod
1011 4085 1094 4149 Livii
1120 4085 1229 4150 verbis
1258 4087 1306 4149 in-

138 4199 279 4257 sertum
314 4196 381 4270 est,
419 4213 521 4274 quum
560 4199 648 4257 esset
686 4193 889 4276 adscriptum
928 4194 1169 4276 interpretandi
1203 4214 1302 4258 eausa
1322 4210 1393 4277 (406)
