3000 5116
195 490 257 545 Lib.
276 488 401 546 XXXVI.
742 478 803 539 518

195 662 324 728 iuturus
348 671 448 742 esset,
472 663 581 744 gratia
602 669 661 727 aut
684 661 783 728 fauor.
829 662 954 746 Opiuor
975 663 1077 745 igitur
1101 663 1230 727 Livium
1253 664 1358 748 scrip·

196 770 294 836 sisse:
329 769 400 836 His
431 772 490 835 ita
518 771 557 834 iu
586 778 734 836 senatu
763 771 857 832 naue
886 769 1011 848 adid,
1040 791 1125 853 quae
1150 772 1265 835 euius
1290 770 1358 852 (rel

195 879 306 962 potius
330 880 543 963 cuiusque,
566 885 602 944 ut
621 879 800 962 Rupertius
825 877 970 960 scripsit)
995 879 1213 961 provincia
1236 877 1357 955 foret,

195 985 378 1050 decretis
414 986 513 1068 (ohne
541 986 723 1051 Riicksieht
758 985 891 1061 darauf,
925 985 1046 1051 welche
1075 986 1213 1051 Prorinz
1243 986 1359 1070 jedem

195 1092 254 1158 der
270 1092 417 1158 'Consule
436 1094 575 1159 zufallen
594 1093 729 1174 wiirde).
763 1094 846 1158 Nam
864 1094 1043 1158 violentum
1061 1101 1126 1158 est:
1150 1096 1188 1158 in
1208 1102 1358 1167 senatu

196 1199 243 1264 ab
273 1200 442 1282 ignaris,
471 1222 553 1286 quae
583 1204 779 1285 cuiusque
803 1209 864 1266 cet.
918 1200 1024 1277 Quam
1046 1201 1143 1266 facile
1166 1201 1276 1266 haud
1299 1201 1358 1267 ille

195 1306 266 1372 loce
291 1309 442 1375 excidere
465 1311 620 1393 potuerit,
644 1316 792 1394 apparet.

280 1415 358 1500 Cap.
383 1424 418 1497 4,
451 1423 482 1481 l:
517 1417 598 1484 Sub
636 1417 739 1481 idem
770 1424 927 1500 tempus
955 1417 1087 1499 legati
1115 1417 1162 1480 ab
1193 1416 1357 1482 duobus

194 1524 375 1607 regibus,
399 1525 591 1609 Philippo
614 1524 863 1590 Macedoniae
888 1532 926 1589 et
948 1525 1165 1590 Ptolemaeo
1190 1524 1358 1608 AEgypti

193 1654 296 1715 rege,
319 1634 480 1699 Romam
504 1625 713 1711 uenerunt,
743 1633 989 1716 pollicentes
1013 1632 1063 1697 ad
1084 1631 1239 1696 bellum
1264 1653 1358 1697 aux·

194 1740 321 1805 iliaet
343 1741 558 1824 pecuniam
582 1746 619 1805 et
641 1739 902 1819 frumentum,
927 1741 973 1804 ab
993 1740 1211 1805 Ptolemaeo
1231 1741 1360 1804 etiam

193 1848 305 1913 mille
328 1847 461 1932 pendo
486 1848 585 1926 auri,
610 1850 758 1931 viginti
780 1849 911 1912 millia
934 1847 1067 1931 pende
1090 1849 1260 1929 argenti
1286 1848 1359 1913 ad·

192 1954 289 2021 lata.
345 1957 424 2021 llaec
458 1977 524 2020 uon
552 1957 599 2021 ita
630 1977 650 2021 a
677 1957 768 2020 Lirio
798 1957 922 2039 scripta
952 1976 1038 2033 esse,
1072 1955 1224 2019 nonnihil
1254 1956 1360 2020 etiam

193 2064 353 2130 orationis
383 2063 489 2129 ferma
517 2064 641 2145 arguit,
675 2066 708 2128 in
743 2065 885 2147 repetito
920 2069 995 2146 post
1023 2060 1192 2145 regibus
1216 2063 1359 2128 nemine

193 2192 287 2254 rege
310 2172 441 2251 vitiosa,
476 2171 536 2237 sed
563 2171 667 2236 multo
697 2173 801 2253 magis
825 2171 968 2248 codices,
1003 2170 1166 2251 aquibus
1190 2170 1359 2247 omnibus,

194 2285 332 2362 excepto
356 2301 421 2345 une
446 2278 742 2362 interpolatissimo
766 2278 855 2361 apud
879 2277 1077 2356 Creverium,
1107 2277 1205 2342 abest
1227 2278 1359 2344 blace-

194 2387 323 2451 doniae
346 2386 380 2467 (a
402 2387 429 2451 B
453 2387 554 2452 etiarn
577 2393 624 2466 et,
648 2393 686 2451 ut
708 2386 888 2451 scribatur:
917 2386 1108 2469 Philippo
1133 2384 1357 2451 Ptolemaeo

192 2493 358 2577 AEgypti
381 2493 498 2576 rege).
554 2494 671 2577 ltaque
695 2494 893 2571 Gronovius,
927 2514 1028 2577 quum
1058 2500 1117 2557 aut
1145 2493 1180 2556 in
1208 2499 1355 2578 utreque

193 2606 252 2690 aut
275 2602 309 2665 iu
331 2608 448 2667 neutro
472 2603 563 2683 regui
585 2623 706 2666 nornen
730 2601 916 2666 addendum
939 2606 1043 2679 esset,
1079 2600 1181 2665 scribi
1203 2600 1354 2665 uolebat:

193 2742 236 2753 —
264 2707 444 2791 regibus,
477 2708 674 2793 Philippo
706 2717 744 2774 et
774 2708 1010 2789 Ptolemaeo,
1040 2709 1204 2773 Romam
1233 2729 1353 2773 sene·

192 2822 296 2880 runt.
339 2814 402 2881 Sed
425 2818 458 2880 in
482 2817 595 2881 codice
620 2816 715 2899 longe
739 2818 874 2899 optimo,
899 2816 940 2894 Μ,
965 2824 1127 2899 praeterea
1150 2834 1211 2898 pro
1234 2813 1349 2898 polli-

192 2930 333 2989 centes
369 2925 525 2988 scribitur
552 2923 745 3006 Philippo
782 2924 1020 3006 pollicente,
1056 2945 1122 3004 quo
1152 2922 1227 2987 lece
1257 2941 1346 2986 nemo

193 3036 251 3094 aut
277 3031 364 3095 inter
393 3040 590 3096 venerunt
619 3039 652 3096 et
681 3031 931 3114 pollicentes
960 3031 1134 3095 additurus
1159 3029 1341 3112 Philippo

192 3145 266 3203 erat
289 3139 328 3203 de
351 3160 411 3203 suo
435 3147 494 3203 aut
517 3138 769 3222 pollicentes
793 3146 989 3202 mutaturus.
1040 3137 1201 3221 Apparet,
1225 3137 1336 3220 opinor,

192 3253 264 3323 aut,
305 3245 435 3311 adscita
473 3247 629 3313 Gronorii
673 3248 876 3323 coniectura,
924 3246 970 3310 sie
1010 3245 1222 3310 scribendum
1261 3262 1330 3308 esse:

105 3353 328 3435 (417)legati
357 3353 404 3418 ab
436 3353 595 3419 duobus
624 3353 808 3435 regibus,
840 3352 1032 3436 Philippo
1056 3360 1095 3417 et
1118 3352 1326 3421 Ptolemae.

192 3460 352 3525 Romam
380 3468 597 3540 veneruut3
631 3459 826 3543 Philippo
855 3460 1082 3542 pollicente
1112 3461 1187 3543 (per
1209 3453 1324 3538 legatos)

192 3567 241 3631 ad
269 3567 422 3632 bellum
450 3569 606 3633 auxilia
636 3575 675 3632 et
704 3568 922 3651 pecuniam
946 3575 986 3631 et
1009 3567 1262 3642 frumentum,
1288 3559 1323 3624 eb

190 3673 411 3740 Ptolemaeo
443 3677 566 3740 etiam
596 3675 829 3759 (praeterquam
857 3676 945 3758 quod
973 3677 1088 3740 eadem
1117 3663 1323 3759 pollicebatur)

190 3781 305 3847 mille
334 3782 468 3865 pondo
498 3784 591 3848 auri
612 3818 655 3828 -
678 3782 836 3862 adlata,
865 3789 923 3848 aut
951 3785 1061 3865 petius
1085 3776 1322 3864 intellegendum.

191 3911 292 3973 quum
320 3890 369 3954 ita
391 3889 502 3953 Livius
532 3891 737 3973 scripsisset,
773 3898 808 3954 ut
836 3890 969 3954 uomina
998 3911 1112 3972 regum
1141 3912 1207 3955 non
1234 3879 1321 3951 statim

190 3997 369 4062 coniuncta
402 4004 554 4080 poneret,
589 3997 648 4063 sed
684 3999 863 4080 separatim
900 3997 1092 4062 subiiceret:
1133 3993 1256 4079 legati
1286 3978 1320 4046 ab

190 4103 352 4170 duobus
380 4105 547 4186 regibus
571 4105 733 4170 Romam
757 4113 970 4184 venerunt,
1004 4105 1200 4189 Philippo
1222 4089 1318 4183 polli-

82 4282 87 4289 ,
189 4218 310 4276 cente
340 4211 391 4276 ud
419 4211 573 4276 bellum
601 4233 629 4276 u.
655 4234 681 4276 e.
705 4235 736 4296 p.
761 4235 787 4277 e.
812 4213 873 4290 fr,
902 4211 949 4276 ab
977 4211 1197 4278 Ptolemaeo
1224 4203 1316 4272 etium

38 4452 226 4814 t.

189 4324 270 4398 eet,
297 4352 340 4362 —
365 4341 467 4403 quum
490 4321 547 4397 sic,
571 4321 719 4404 inquam,
757 4321 866 4384 Livius
891 4320 1092 4402 scripsisset,
1121 4319 1227 4384 aliena
1246 4319 1317 4378 ment
