2994 5108
205 469 268 525 lab
287 467 335 523 111.
762 453 805 517 82

206 643 370 708 rationem
392 639 505 707 habet.
551 631 768 705 Scribendum
790 639 939 719 pulsor,
968 659 1008 703 ex
1030 660 1096 723 quo
1119 643 1258 723 propter
1279 660 1366 724 pra-

206 750 377 815 cedentem
398 749 546 814 litteram
568 751 721 813 rnatum
743 753 795 812 est
817 746 1002 812 remissa.
1049 745 1156 828 1861.)

291 854 388 941 *Cap
418 860 474 937 65,
508 860 527 920 5
561 877 663 940 quum
690 856 725 920 iu
753 853 923 921 codicibus
950 852 1016 919 fide
1044 854 1152 939 dignis
1180 855 1362 922 scribat-ur:

205 965 358 1045 deinde,
381 971 426 1029 ut
448 963 688 1030 obtinentes
710 963 840 1029 locum
857 963 968 1027 vires
984 960 1185 1043 ferebant,
1208 963 1367 1049 audent

204 1072 318 1139 ultro
347 1072 503 1137 inferre
531 1071 714 1154 gradum,
748 1075 783 1135 et
804 1092 904 1154 quum
925 1069 1083 1152 Romani,
1116 1071 1174 1154 qui
1195 1069 1364 1138 inlocum

204 1181 355 1263 iniquum
386 1179 566 1245 subeuntes
593 1178 669 1245 telis
698 1178 843 1244 hostium
872 1177 1014 1261 desuper
1036 1178 1131 1244 iactis
1153 1177 1284 1245 turbati
1305 1200 1365 1263 pe·

206 1287 279 1352 dem
296 1286 419 1352 referre
440 1292 627 1371 coeperant,
648 1285 766 1351 deinde
783 1292 904 1365 autem,
922 1283 1079 1351 hortante
1094 1286 1240 1367 consula,
1258 1286 1365 1353 obsti·

203 1397 292 1461 natis
310 1396 428 1460 animis
445 1395 647 1473 restiterant,
665 1393 834 1477 aptissime
847 1392 1000 1459 dicantur
1015 1392 1146 1460 locum
1164 1393 1364 1477 obtinere,

204 1509 347 1587 apparet
364 1503 403 1568 de
421 1502 545 1567 viribus
564 1501 684 1567 stando
703 1500 745 1565 ad
762 1522 883 1566 novum
902 1506 1056 1567 conatum
1074 1502 1181 1585 captis
1199 1502 1254 1586 agi
1271 1523 1364 1583 man·¹

205 1610 389 1692 dosumque
423 1631 495 1675 esse
528 1608 736 1686 ferebant,
777 1609 933 1692 quoniam
967 1629 1074 1692 neque
1107 1610 1219 1675 vires
1252 1607 1365 1677 ferre

204 1717 337 1797 dicitur,
377 1718 430 1782 cui
465 1722 682 1796 renovantur,
721 1736 827 1798 neque
860 1717 946 1780 vires
981 1737 1180 1801 quemquam
1216 1723 1364 1785 stantem

135 1840 187 1907 atr)
206 1826 352 1890 ferunt.
415 1824 630 1889 Perlustratis
669 1831 779 1889 autem
819 1822 972 1889 omnibus
1010 1824 1064 1889 vix
1096 1824 1278 1909 quidquam
1310 1847 1365 1892 re·

203 1935 326 2018 perias,
360 1931 451 2016 quod
480 1931 544 1996 dici
567 1932 730 2015 potuerit,
763 1931 828 1995 uisi
850 1929 1116 2011 reficiebant,
1150 1933 1245 1999 ouius
1268 1933 1365 2000 verbi

203 2042 310 2123 prima
346 2038 475 2123 syllaba
508 2045 585 2122 post
616 2039 725 2104 vires
758 2036 856 2103 facile
885 2037 1035 2103 excidere
1063 2045 1205 2123 poterat.
1261 2040 1365 2123 (Anto

202 2147 440 2212 refecerant
468 2147 686 2225 conieceram,
716 2147 750 2210 in
781 2145 870 2230 quod
890 2145 986 2211 video
1010 2147 1111 2211 etiam
1133 2146 1364 2216 Weissenbor-

202 2255 293 2318 nium
316 2253 480 2318 incidisse.
515 2252 748 2337 Imperfectum
769 2274 838 2317 rom
861 2252 983 2318 sensim
1004 2252 1128 2320 factam
1150 2255 1340 2340 significat.)

685 2444 777 2526 Lib.
809 2443 879 2526 ΠΙ.

288 2575 367 2661 Cap.
394 2584 421 2658 1,
452 2580 479 2640 5.
530 2576 604 2643 Non
633 2576 742 2641 miuus
772 2576 898 2641 aLivii
927 2598 989 2642 usu
1018 2598 1117 2660 quam
1145 2575 1362 2646 aOiceronis

202 2685 257 2767 (de
287 2707 352 2768 quo
382 2683 451 2748 dixi
481 2683 601 2769 Opusc.
625 2685 726 2749 Acad.
750 2683 766 2747 Ι
795 2707 825 2768 p.
851 2687 1019 2749 333-338
1048 2691 1083 2749 at
1112 2685 1155 2750 ad
1183 2684 1289 2753 libros
1317 2685 1361 2765 ds

199 2792 270 2857 Fin.
295 2817 326 2876 p.
352 2792 428 2874 562)
457 2792 636 2859 abhorrere
658 2792 789 2856 videtur
811 2790 881 2855 haec
902 2792 1001 2856 trium
1023 2791 1234 2875 (pluriumve)
1256 2814 1362 2860 mem·

200 2901 335 2968 brorum
359 2920 426 2965 una
449 2903 532 2966 serie
556 2907 589 2965 et
613 2920 707 2982 aequo
731 2899 836 2982 gradu
859 2899 1109 2965 coniunctorum
1133 2902 1359 2967 enumeratio:

199 3011 377 3088 Antium,
411 3010 699 3093 propinquam,
734 3010 1004 3089 opportunam
1038 3011 1077 3071 et
1109 3008 1361 3077 maritimam

199 3117 353 3196 urbem,
388 3117 589 3200 interposita
621 3114 707 3178 inter
741 3114 814 3179 sola
847 3120 995 3179 extrema
1022 3115 1188 3198 particula
1217 3121 1257 3180 et
1286 3114 1361 3198 (ao,

199 3224 345 3308 atque).
402 3223 486 3288 Nam
520 3229 554 3288 et
586 3222 744 3306 perpauci
779 3220 867 3303 apud
896 3242 970 3286 eum
998 3226 1074 3286 sunt
1101 3222 1200 3288 buius
1227 3225 1361 3307 generis

198 3332 272 3410 loci,
295 3333 323 3396 si
346 3353 421 3396 cum
442 3330 710 3412 frequentissima
730 3329 778 3393 ita
801 3327 930 3393 dicendi
954 3332 1203 3412 opportunitate
1225 3336 1260 3397 et
1282 3352 1361 3399 oum

199 3439 273 3504 aliis
314 3440 380 3504 tria
418 3438 555 3523 plurave
593 3436 742 3502 membra
780 3435 998 3519 coniungendi
1037 3437 1146 3503 modis
1179 3437 1360 3523 (asyndeto

199 3545 402 3630 particulare
437 3547 557 3629 saepius
591 3545 716 3628 posita,
757 3545 898 3608 maxime
938 3543 1071 3626 quidem
1104 3545 1194 3629 apud
1227 3546 1361 3614 Livium

199 3673 275 3736 que
297 3689 340 3697 —
364 3652 417 3734 et)
442 3658 690 3736 comparantur,
720 3658 754 3716 et
780 3651 815 3715 hi
838 3652 901 3735 ipsi
924 3672 1076 3734 magnam
1098 3658 1229 3737 partem
1250 3676 1363 3739 nuper

198 3783 216 3824 e
239 3759 409 3826 codicibus
433 3759 613 3839 emendati,
647 3760 750 3824 ceteri
777 3758 845 3823 fere
875 3758 917 3823 ob
946 3758 1030 3824 alias
1058 3780 1176 3826 causas
1199 3768 1259 3828 aut
1280 3783 1359 3846 per·

198 3869 312 3953 spicue
335 3867 531 3932 emendandi
555 3874 614 3932 aut
637 3866 738 3931 dubii.
790 3865 947 3932 Indicabo
972 3888 1098 3946 omnes,
1129 3890 1223 3951 quos,
1252 3890 1361 3954 quum

196 3997 262 4042 non
285 3975 497 4059 indiligenter
520 3973 738 4051 attenderem,
772 3979 893 4056 praeter
915 3995 999 4053 eum,
1032 3996 1131 4059 quem
1153 3978 1360 4064 praescripsi,

197 4084 362 4149 adnotari.
396 4083 455 4160 111,
481 4087 529 4161 17,
554 4086 588 4146 3;
612 4081 803 4165 luppiter
825 4083 1000 4163 optimus
1023 4084 1228 4163 maximus,
1253 4072 1358 4154 Iuno

195 4194 342 4273 regina
382 4198 422 4256 et
453 4191 651 4266 Minerva,
691 4187 766 4253 alii
804 4188 862 4251 dii
894 4188 1057 4269 deaeque
1097 4189 1357 4259 obsidentur.

195 4298 270 4363 Etsi
297 4298 397 4381 paulo
427 4298 513 4362 alius
541 4297 671 4380 generis
698 4294 752 4359 bic
779 4295 872 4361 locus
895 4302 960 4374 est,
995 4296 1084 4379 quod
1107 4319 1173 4364 non
1197 4299 1359 4368 subsistit

196 4406 400 4471 enumeratio
435 4406 469 4469 in
503 4404 663 4484 Minerva,
695 4409 806 4468 tamen
839 4404 893 4468 vix
928 4402 1073 4469 dubitari
1106 4409 1235 4489 potest,
1269 4408 1357 4493 quin
