2994 5108
222 512 290 568 mu
309 512 344 567 11.
784 499 825 559 ⁷4

158 697 213 766 (60)
317 683 396 770 Cap.
421 688 477 764 33,
506 689 525 748 7
553 683 611 749 ubi
639 684 749 766 agitur
772 682 812 747 de
836 679 893 746 On.
916 681 1040 747 Marcio
1062 681 1096 746 in
1118 678 1267 748 Coriolos
1291 685 1384 769 oppi-

228 794 306 858 dum
328 794 541 878 irrumpente,
567 791 701 871 frustra,
731 791 858 875 opinor,
875 789 1058 856 defendere
1081 789 1224 856 editores
1248 791 1384 859 student

227 902 312 967 hano
350 901 525 968 verborum
564 900 843 966 coniunctionem:
889 897 1081 981 caedeque
1121 898 1160 963 in
1200 901 1383 981 proxima

227 1009 343 1075 urbis
371 1008 502 1089 sacta;
534 1029 642 1093 neque
663 1015 790 1088 tamen,
824 1007 882 1091 qui
904 1006 1068 1090 corrigere
1089 1007 1279 1090 voluerunt,
1307 1031 1383 1094 pro·

123 1152 126 1157 >
227 1117 351 1183 babilia
385 1117 623 1200 excogitarunt.
679 1115 760 1180 Mihi
794 1135 862 1179 una
894 1133 957 1179 vox
986 1114 1203 1199 (caedeque)
1227 1138 1287 1183 suo
1310 1117 1382 1184 loco

227 1232 318 1290 mota
347 1234 381 1290 et
409 1227 516 1290 alieno
544 1225 670 1289 inserta
692 1225 837 1303 addetur,
871 1244 938 1308 qua
969 1223 1118 1308 reposita
1151 1224 1198 1288 sic
1231 1223 1384 1290 decurret

227 1334 297 1399 sine
325 1333 395 1399 ulla
425 1331 603 1398 offensione
632 1332 755 1397 oratio:
789 1331 904 1397 ferax
936 1331 1091 1415 irrupit
1122 1332 1164 1396 in
1195 1334 1383 1416 proxima

227 1440 358 1520 urbis,
387 1442 575 1526 caedeque
603 1440 714 1506 faeta
742 1440 875 1523 ignem
897 1445 1050 1506 temere
1073 1439 1289 1524 abreptum
1311 1442 1382 1513 im·

225 1549 475 1615 minentibus
503 1571 615 1614 muro
646 1547 840 1636 aedificiis
869 1547 1022 1613 iniecit.
1074 1545 1153 1629 (cn.
1178 1550 1381 1633 prooemium

226 1683 257 1742 p.
283 1656 346 1739 12.)
403 1657 467 1723 Sed
496 1679 556 1742 pro
587 1657 799 1740 abreptum
828 1655 927 1721 scribi
957 1655 1058 1722 debet
1086 1663 1309 1741 arreptum,
1344 1664 1383 1723 ut

225 1774 303 1831 ante
336 1766 500 1831 Drakenb.
536 1765 707 1831 edebatur.
764 1762 849 1828 Nam
883 1765 1006 1848 ignem,
1043 1765 1100 1847 qui
1134 1764 1192 1829 ubi
1225 1766 1282 1844 sit,
1316 1786 1382 1832 non

226 1875 360 1954 (licitur,
395 1875 511 1958 arripit
539 1873 691 1938 alicunde
720 1873 856 1956 aliquis,
885 1879 922 1936 ut
951 1892 1012 1956 pro
1033 1873 1101 1938 telo
1123 1873 1382 1940 instrumentove

224 1988 348 2063 utatur,
373 2003 437 2047 non
461 1981 594 2066 abripit.
635 1981 711 2045 ltlox
728 1979 745 2063 ξ
764 1987 794 2061 8,
816 1980 874 2046 ubi
891 1981 924 2044 in
943 1979 1113 2047 codicibus
1131 1988 1195 2048 est:
1220 1978 1381 2049 Clamor

224 2091 318 2155 inde
364 2089 662 2175 oppidanorum
707 2090 857 2154 mixtus
902 2088 1381 2175 muliebri-puerilique

224 2198 392 2282 ploratu
427 2197 475 2262 ad
503 2204 718 2278 terrorem,
746 2203 791 2263 ut
821 2197 943 2276 solet,
972 2197 1100 2281 primo
1131 2204 1220 2263 ortu
1244 2204 1282 2264 et
1304 2199 1381 2264 Ro·

224 2307 352 2370 manis
382 2306 497 2370 auxit
525 2306 701 2370 animum
730 2311 807 2385 cet,
834 2325 900 2369 non
923 2325 998 2369 oum
1022 2304 1186 2371 Gronorio
1208 2307 1381 2390 primum

225 2419 341 2479 ortus
370 2412 469 2479 scribi
498 2412 611 2493 debet,
639 2413 697 2478 sed
719 2413 886 2497 primum
910 2419 1006 2478 orto.
1062 2412 1147 2479 Nam
1168 2434 1230 2478 nee
1251 2420 1380 2480 utrum-

224 2542 287 2604 que
310 2521 522 2605 participium
545 2520 710 2602 (mixtus
730 2518 921 2601 ...ortus)
944 2521 1113 2587 commode
1136 2521 1179 2586 ad
1202 2522 1380 2589 clamorem

223 2628 366 2694 refertur
400 2637 434 2694 et
465 2630 634 2695 muliebris
667 2629 868 2713 puerilisque
902 2629 1050 2712 ploratus
1086 2630 1138 2695 vel
1166 2631 1307 2696 maxime
1336 2633 1380 2698 ad

224 2737 364 2820 primum
386 2744 546 2803 terrorem
570 2739 648 2802 oriri
672 2739 765 2803 solet.
812 2736 934 2819 (1861.)

308 2844 387 2930 Cap.
402 2849 451 2927 36,
464 2850 482 2911 2
495 2845 542 2928 (in
554 2846 671 2925 verbis,
689 2867 762 2929 quae
776 2846 811 2909 T.
825 2845 976 2910 Latinius
993 2845 1026 2909 in
1045 2846 1170 2911 somnio
1188 2846 1303 2911 audire
1315 2847 1379 2913 sibi

221 2954 310 3019 visus
335 2953 399 3036 est)
417 2955 590 3038 geminatis
616 2955 744 3019 duabus
762 2954 882 3019 litteris
902 2951 1109 3017 scribendum
1128 2953 1273 3018 videtur:
1297 2954 1379 3020 iret

222 3069 261 3127 et
279 3061 352 3146 (pro
370 3063 462 3142 iret)
480 3084 527 3128 ea
546 3062 790 3127 consulibus
807 3061 1026 3141 nuntiaret,
1044 3060 1133 3145 quod
1151 3062 1229 3126 etin
1242 3062 1379 3147 obliqua

221 3172 369 3235 oratioue
388 3171 434 3236 sic
451 3169 515 3235 dici
534 3170 627 3249 solet,
646 3169 780 3234 sublata
791 3176 889 3234 rectae
901 3168 1085 3234 vehementi
1096 3168 1266 3250 brevitate,
1287 3169 1378 3254 [oon-

219 3282 273 3341 tra
290 3276 600 3360 tamenVIl,6,10,]
621 3285 654 3342 et
672 3278 762 3360 quod
780 3277 927 3360 alioquin
948 3298 1013 3342 non
1032 3283 1121 3342 recte
1141 3277 1278 3361 erigitur
1296 3301 1377 3345 sono

221 3405 400 3468 pronomen
423 3385 513 3467 ea.¹)
555 3385 635 3467 (Sed
659 3387 791 3469 gravius
809 3385 964 3450 mendum
981 3385 1132 3469 proxima
1148 3385 1280 3465 insidet,
1303 3384 1320 3469 ἓ
1342 3391 1376 3452 3:

249 3606 271 3668 ¹)
289 3604 332 3657 De
350 3622 372 3658 o.
392 3607 440 3671 40,
463 3609 480 3659 3
503 3605 571 3674 quid
588 3607 734 3674 sentirem,
757 3606 911 3675 significari
930 3623 1017 3676 supra
1034 3624 1060 3675 p.
1083 3608 1121 3661 13.
1162 3605 1195 3660 In
1214 3604 1313 3660 eodem
1331 3622 1376 3660 ca·

288 3689 346 3757 pite
355 3689 432 3744 aliud
441 3691 472 3746 in
480 3697 645 3746 transcursu
655 3690 800 3760 attingam.
828 3691 916 3746 Miror
924 3692 1007 3759 enim,
1018 3692 1066 3760 qui
1074 3690 1180 3746 lactum
1190 3690 1235 3759 sit,
1245 3695 1278 3744 ut
1286 3691 1374 3746 bomo

288 3774 386 3829 doctus
405 3782 433 3830 et
450 3776 586 3847 prudens,
610 3777 757 3830 meliorum
776 3776 903 3831 codicum
923 3781 1055 3843 sectator,
1078 3776 1214 3842 Hertzius,
1238 3793 1324 3845 quum
1342 3777 1375 3832 in

287 3861 417 3915 omnibus
444 3860 539 3929 codd,
569 3878 686 3930 quorum
715 3862 772 3915 nlla
799 3867 842 3916 est
872 3862 1024 3917 auotoritas
1056 3861 1217 3930 (MPLIHI,
1244 3860 1320 3915 Flor.
1346 3861 1372 3915 S.

287 3945 388 4014 Marci,
415 3946 552 4014 Rottend,
580 3947 696 4001 Helmst.
720 3946 795 4017 apud
828 3945 922 4015 Gron.)
956 3953 984 4002 et
1010 3949 1040 4001 in
1073 3946 1260 4002 deterioribus
1287 3945 1374 4000 etiam

287 4030 396 4100 aliquot
413 4031 503 4098 (Voss.
521 4034 543 4098 l,
561 4030 675 4097 Laida)
694 4033 831 4101 scriptum
849 4033 946 4087 sciret:
964 4049 1032 4087 non
1050 4032 1254 4087 inviderunt
1272 4030 1373 4086 lande

287 4133 344 4170 sua
361 4116 575 4183 mulieribus,
599 4134 632 4170 ea
649 4120 799 4184 structura,
818 4136 901 4186 quarn
920 4116 1029 4173 Seneca
1047 4119 1092 4186 (de
1107 4118 1175 4173 Vita
1187 4118 1275 4172 Beata
1292 4119 1326 4172 23
1344 4123 1372 4171 et

285 4199 340 4268 24),
362 4201 562 4269 Quintilianus,
590 4201 697 4256 Plinius
726 4208 853 4272 uterque,
879 4203 993 4258 Tacitus
1012 4205 1102 4259 secuti
1121 4208 1201 4269 sunt,
1228 4201 1314 4271 idque
1336 4202 1372 4255 ab

285 4286 462 4342 Alschefskio
494 4292 523 4341 et
550 4287 778 4342 Weissenbornio
811 4289 975 4343 restitutum
1001 4295 1089 4356 esset,
1122 4305 1157 4342 ex
1183 4287 1371 4342 deterioribus

284 4370 430 4426 codicibus
452 4373 574 4442 primum
595 4372 717 4428 landes
741 4391 816 4429 suas
838 4379 984 4430 revocaret
1002 4375 1110 4442 (ortum
1127 4390 1162 4427 ex
1180 4372 1372 4442 geminatione
