2994 5108
211 489 273 542 Lib.
292 489 349 543 XL.
759 480 820 541 570

298 659 377 745 Cap.
403 668 450 741 15,
488 669 566 728 let
596 669 614 727 2
644 662 827 744 (incudem
856 662 1015 728 Demetrii
1048 659 1230 742 oratione:
1262 660 1361 737 Quin

212 774 270 839 tu,
295 770 445 834 omissa
468 771 547 834 ista
568 777 769 834 nocturna
790 770 942 848 fabula,
965 768 1016 833 ad
1038 767 1088 847 id,
1112 766 1221 850 quod
1239 766 1360 846 doles,

211 877 316 957 quod
339 876 534 940 invidiam
557 879 651 956 urit,
673 878 924 942 reverteris?
950 876 1045 956 „Cur
1062 894 1233 957 usquam
1250 874 1363 956 regni

210 983 270 1047 tui
295 986 446 1048 mentio
468 983 528 1057 fit,
551 985 755 1049 Demetri?
789 983 865 1049 Cur
887 984 1049 1066 dignior
1071 982 1206 1066 patris
1229 981 1363 1048 fortu-

210 1110 266 1153 nae
295 1111 513 1155 successor
546 1091 789 1175 quibusdam
824 1092 983 1157 videris
1007 1110 1123 1173 quam
1146 1089 1244 1170 ego?
1289 1087 1365 1153 Gur

210 1218 319 1279 spem
343 1220 467 1262 meam
489 1233 522 1243 —
551 1199 714 1263 dubiam
738 1208 776 1263 et
798 1200 1020 1264 sollicitam
1043 1196 1189 1262 facisl“
1216 1195 1366 1260 Primum

210 1308 396 1370 necessario
421 1328 437 1369 e
461 1305 555 1370 codd.
581 1328 695 1370 novem
713 1306 974 1372 Drakenborchii
997 1305 1052 1384 (de
1068 1304 1102 1368 M
1120 1304 1268 1384 tacetur)
1286 1304 1367 1368 scri·

211 1410 355 1475 bendum
378 1413 549 1489 invidia,
573 1414 716 1478 ablativo
740 1435 834 1491 casu;
862 1434 968 1497 neque
991 1413 1076 1477 enim
1099 1411 1209 1475 uritur
1232 1410 1368 1488 invidia,

211 1519 269 1583 sed
291 1520 478 1584 incenditur
501 1529 534 1585 et
556 1520 793 1600 inflammatum
827 1523 901 1604 ipsa
922 1522 998 1585 urit.
1043 1517 1170 1584 Deinde
1199 1539 1267 1584 non
1297 1519 1368 1583 sine

210 1646 312 1691 causa
336 1626 519 1692 Gronovius
542 1627 677 1693 haesisse
699 1630 829 1693 videtur
862 1630 895 1692 in
930 1628 987 1692 illo
1016 1627 1129 1710 regni
1161 1625 1243 1702 tui3
1279 1623 1369 1707 quod

195 1741 246 1797 -ut
279 1734 492 1817 intellegatur
515 1734 556 1799 de
584 1736 695 1800 futuro
719 1743 752 1801 et
782 1743 920 1819 sperato·
942 1734 1102 1799 Demetrii
1136 1753 1255 1815 regno,
1285 1753 1370 1816 prae-

209 1847 360 1921 terquam
384 1842 473 1924 quod
497 1842 612 1906 durum
637 1850 695 1921 est,
713 1844 810 1908 nimis
829 1850 943 1926 aperte
966 1849 1090 1907 etcum
1109 1839 1295 1906 offensione
1313 1860 1372 1904 no·

209 1949 362 2027 minatur,
385 1950 473 2031 quod
499 1950 616 2014 deinde
639 1951 814 2014 verborum
836 1951 1031 2033 ambagibus
1057 1947 1267 2032 significatur
1293 1949 1372 2031 (pa-

125 2055 292 2133 (466)tris
320 2057 495 2120 fortunae
524 2077 736 2123 successor
769 2094 811 2102 -
845 2079 951 2142 spem
978 2055 1132 2135 meam);
1166 2076 1278 2139 neque
1314 2055 1373 2120 ad·
1438 2082 1454 2091 ·

208 2164 340 2228 modum
363 2170 478 2248 aptum
501 2185 670 2245 usquam
693 2165 883 2230 adverbium
906 2164 1052 2243 videtur;
1074 2164 1189 2246 itaque
1213 2161 1289 2227 fieri
1313 2185 1372 2246 po·
1413 2188 1461 2201 -

208 2277 283 2350 test,
308 2279 345 2336 ut
366 2271 476 2336 Livius
500 2273 669 2354 scripserit
691 2279 835 2336 tantum:
866 2271 943 2337 Gur
965 2291 1130 2352 usquam
1153 2270 1203 2347 (in
1226 2269 1300 2335 ulla
1322 2266 1469 2352 rem

209 2380 267 2443 tui
291 2381 441 2442 mentio
464 2379 525 2458 lit,
555 2379 756 2444 Demetri?
789 2379 922 2443 Nullam
945 2380 1032 2442 enim
1055 2378 1186 2442 omnino
1204 2371 1475 2444 Demetrii-‘ti

209 2472 373 2551 rationem
394 2486 509 2550 haberi
533 2488 770 2551 mentionemve
799 2485 870 2551 fieri
892 2486 1015 2551 Persea
1036 2484 1119 2549 velle
1148 2483 1393 2565 significatur-
1414 2503 1477 2545 τ’.

209 2591 340 2658 Certior
362 2601 471 2657 tamen
495 2601 544 2657 est
561 2595 720 2659 correctio
739 2593 928 2658 adhibenda
949 2593 1143 2677 paulopost
1164 2589 1198 2673 (ἓ
1225 2593 1293 2673 10),
1317 2594 1391 2660 ιι1)’ῑ
1399 2587 1482 2656 cri

210 2702 257 2766 sic
280 2701 403 2764 editur:
440 2699 479 2764 Si
508 2702 605 2765 mihi
639 2709 759 2784 pater
782 2706 1057 2778 succenseret,
1089 2706 1144 2776 te,
1167 2701 1482 2766 maiorem

208 2808 395 2885 fratrom,
421 2830 490 2890 pro
515 2811 666 2872 minore
690 2808 908 2891 deprecari
933 2806 1168 2890 oportebat,
1199 2814 1238 2872 te
1276 2809 1354 2873 ndo
1420 2829 1482 2868 «r-

209 2917 434 2992 lesoentife,
459 2924 496 2979 te
521 2917 651 2979 errori
674 2918 829 2979 veniam
852 2918 1087 2999 impetrare.
1133 2913 1177 2976 ln
1208 2935 1272 2985 eo.
1304 2917 1353 2981 ub
1409 2915 1478 2975 mi

209 3024 444 3107 praesidium
479 3044 567 3087 esse
602 3024 833 3106 oportebat,
862 3024 921 3087 ibi
953 3023 1120 3087 exitium
1144 3028 1218 3086 est.
1265 3024 1422 3089 Manli
1446 3021 1477 3082 l·

209 3131 293 3195 festo
317 3132 469 3194 vitiosum
494 3138 544 3193 est
578 3132 615 3195 in
650 3152 693 3195 eo
727 3167 769 3175 -
803 3131 877 3210 ibi.;
912 3132 1023 3213 itaque
1053 3128 1227 3194 Creverius
1257 3133 1299 3195 in
1329 3153 1347 3196 e
1422 3147 1475 3189 20

209 3238 282 3301 tolli
306 3239 452 3315 volebat,
476 3238 624 3301 Bauerus
655 3259 714 3320 pro
738 3261 775 3302 eo
800 3239 899 3303 scribi
928 3258 1041 3302 nunc.
1087 3236 1201 3301 Livius
1226 3240 1471 3321 scripser-

208 3352 277 3409 rat:
312 3353 350 3408 te
375 3347 504 3409 errori
539 3347 691 3409 veniam
721 3347 947 3427 impetrare
976 3364 1065 3408 neu
1110 3342 1188 3408 Ubi
1223 3346 1423 3429 prasii:
1446 3341 1472 3404 i·

212 3453 319 3516 dium
343 3460 402 3516 cet.
438 3453 563 3516 Eadem
587 3455 789 3516 correctione
813 3453 910 3532 (mco
934 3472 994 3536 pro
1017 3453 1056 3516 in
1080 3451 1138 3531 eo)
1157 3451 1238 3517 olim
1258 3474 1397 3519 saner*
1409 3449 1469 3513 „vi

278 3739 378 3774 unum
406 3720 507 3789 diem,
531 3740 598 3776 non
616 3723 746 3776 milites
766 3739 856 3776 meos
876 3723 1132 3788 abstinuissem,
1151 3723 1313 3778 tollendum
1332 3728 1463 3779 30⁸3

278 3807 411 3860 milites
429 3807 502 3860 male
522 3808 647 3862 additum
673 3808 708 3860 ad
727 3825 885 3876 pronomen
912 3826 1002 3862 meos
1027 3808 1157 3861 absolute
1180 3809 1309 3877 positum
1328 3804 1458 3863 ‹ble-

279 3890 448 3944 clnrandum.
486 3891 686 3959 Significantur
709 3893 790 3945 amici
810 3893 948 3948 Demetrii
967 3899 996 3948 et
1019 3892 1139 3948 sodales.
1176 3893 1286 3949 Milites
1305 3905 1454 3949 sua-lot

278 3976 331 4028 nisi
350 3977 504 4045 imperator
522 3983 570 4029 aut
589 3977 740 4044 preelectus
765 3996 986 4034 commemorare
1008 3997 1067 4033 non
1085 3983 1191 4048 potest.
1229 3978 1334 4048 §esc-
1376 3975 1444 4027 *rb

278 4059 400 4112 bendum
425 4061 547 4114 videtur:
574 4091 609 4099 —
635 4064 822 4116 miscueris.
863 4066 907 4117 At
932 4065 1073 4134 explica
1096 4069 1149 4118 cet.
1169 4064 1326 4133 (vulgozn
1411 4066 1439 4112 vl

280 4144 378 4212 expl.)
414 4144 512 4212 Neque
531 4147 605 4199 enim
623 4146 678 4200 hoc
697 4147 810 4200 additur
828 4148 864 4201 ad
883 4167 975 4204 caussa
994 4148 1159 4202 mixtionem
1185 4148 1321 4204 refellend
1357 4161 1428 4197 am

278 4228 360 4295 (aut,
390 4230 416 4281 si
443 4231 590 4284 miscere
616 4232 681 4296 vis,
702 4232 858 4299 explica),
878 4234 928 4287 sed
947 4233 981 4286 ad
1001 4250 1105 4287 novum
1119 4234 1168 4287 rei
1186 4235 1277 4288 totins
1294 4232 1418 4287 ficte

278 4319 473 4378 argumentum
492 4317 637 4369 transitur.
661 4314 746 4383 1865]
