<?xml version="1.0" encoding="UTF-8"?>
<!DOCTYPE html PUBLIC "-//W3C//DTD XHTML 1.0 Transitional//EN"
    "http://www.w3.org/TR/xhtml1/DTD/xhtml1-transitional.dtd">
<html xmlns="http://www.w3.org/1999/xhtml" xml:lang="en" lang="en">
 <head>
  <title>
</title>
<meta http-equiv="Content-Type" content="text/html;charset=utf-8" />
  <meta name='ocr-system' content='tesseract 3.04.00' />
  <meta name='ocr-capabilities' content='ocr_page ocr_carea ocr_par ocr_line ocrx_word'/>
</head>
<body>
  <div class='ocr_page' id='page_1' title='image "./emendationesliv00madvgoog_0077.png"; bbox 0 0 2994 5108; ppageno 0'>
   <div class='ocr_carea' id='block_1_1' title="bbox 213 457 823 554">
    <p class='ocr_par' dir='ltr' id='par_1_1' title="bbox 213 457 823 554">
     <span class='ocr_line' id='line_1_1' title="bbox 213 457 823 554; baseline -0.007 -32"><span class='ocrx_word' id='word_1_1' title='bbox 213 467 287 554; x_wconf 69' lang='grc'><strong>411.</strong></span> <span class='ocrx_word' id='word_1_2' title='bbox 306 468 327 522; x_wconf 87' lang='grc'><strong>1</strong></span> <span class='ocrx_word' id='word_1_3' title='bbox 780 457 823 518; x_wconf 82' lang='grc'><strong>64</strong></span> 
     </span>
    </p>
   </div>
   <div class='ocr_carea' id='block_1_2' title="bbox 141 640 1405 3975">
    <p class='ocr_par' dir='ltr' id='par_1_2' title="bbox 141 640 1405 3975">
     <span class='ocr_line' id='line_1_2' title="bbox 225 640 1390 726; baseline 0.001 -19"><span class='ocrx_word' id='word_1_4' title='bbox 225 642 342 708; x_wconf 91' lang='lat' dir='ltr'><strong>urbem</strong></span> <span class='ocrx_word' id='word_1_5' title='bbox 364 642 545 726; x_wconf 88' lang='lat' dir='ltr'><strong>ingressum</strong></span> <span class='ocrx_word' id='word_1_6' title='bbox 568 661 641 706; x_wconf 87' lang='lat' dir='ltr'><strong>esse</strong></span> <span class='ocrx_word' id='word_1_7' title='bbox 663 648 792 722; x_wconf 81' lang='lat' dir='ltr'><strong>narrat3</strong></span> <span class='ocrx_word' id='word_1_8' title='bbox 826 640 965 708; x_wconf 87' lang='lat' dir='ltr'><strong>eundem</strong></span> <span class='ocrx_word' id='word_1_9' title='bbox 987 648 1064 708; x_wconf 91' lang='lat' dir='ltr'><strong>ante</strong></span> <span class='ocrx_word' id='word_1_10' title='bbox 1087 641 1219 725; x_wconf 82' lang='lat' dir='ltr'>(XXXI,</span> <span class='ocrx_word' id='word_1_11' title='bbox 1247 647 1300 723; x_wconf 79' lang='lat'><strong>50,</strong></span> <span class='ocrx_word' id='word_1_12' title='bbox 1324 642 1390 724; x_wconf 94' lang='grc'><strong>11)</strong></span> 
     </span>
     <span class='ocr_line' id='line_1_3' title="bbox 146 742 1379 836; baseline 0.001 -20"><span class='ocrx_word' id='word_1_13' title='bbox 146 742 147 745; x_wconf 45' lang='lat'>&#39;</span> <span class='ocrx_word' id='word_1_14' title='bbox 224 748 283 817; x_wconf 83' lang='lat' dir='ltr'><strong>Cn.</strong></span> <span class='ocrx_word' id='word_1_15' title='bbox 318 749 503 816; x_wconf 83' lang='lat' dir='ltr'><strong>Cornelium</strong></span> <span class='ocrx_word' id='word_1_16' title='bbox 537 749 713 816; x_wconf 81' lang='lat' dir='ltr'>Lentulum</span> <span class='ocrx_word' id='word_1_17' title='bbox 746 749 986 836; x_wconf 79' lang='lat' dir='ltr'><strong>appellaverat3</strong></span> <span class='ocrx_word' id='word_1_18' title='bbox 1019 752 1132 836; x_wconf 84' lang='lat' dir='ltr'><strong>itaque</strong></span> <span class='ocrx_word' id='word_1_19' title='bbox 1165 751 1228 818; x_wconf 92' lang='lat' dir='ltr'><strong>hoc</strong></span> <span class='ocrx_word' id='word_1_20' title='bbox 1259 774 1379 819; x_wconf 92' lang='lat' dir='ltr'><strong>nomen</strong></span> 
     </span>
     <span class='ocr_line' id='line_1_4' title="bbox 224 856 1379 927; baseline 0 0"><span class='ocrx_word' id='word_1_21' title='bbox 224 881 339 927; x_wconf 90' lang='lat' dir='ltr'><strong>omnes</strong></span> <span class='ocrx_word' id='word_1_22' title='bbox 368 858 445 924; x_wconf 93' lang='lat' dir='ltr'><strong>inde</strong></span> <span class='ocrx_word' id='word_1_23' title='bbox 468 857 510 923; x_wconf 89' lang='lat' dir='ltr'><strong>ab</strong></span> <span class='ocrx_word' id='word_1_24' title='bbox 532 856 617 924; x_wconf 87' lang='lat' dir='ltr'><strong>Aldo</strong></span> <span class='ocrx_word' id='word_1_25' title='bbox 640 866 717 925; x_wconf 89' lang='lat' dir='ltr'><strong>ante</strong></span> <span class='ocrx_word' id='word_1_26' title='bbox 738 857 926 925; x_wconf 89' lang='lat' dir='ltr'><strong>Bekkerum</strong></span> <span class='ocrx_word' id='word_1_27' title='bbox 948 860 1049 925; x_wconf 90' lang='lat' dir='ltr'><strong>etiam</strong></span> <span class='ocrx_word' id='word_1_28' title='bbox 1071 861 1105 926; x_wconf 91' lang='lat' dir='ltr'><strong>in</strong></span> <span class='ocrx_word' id='word_1_29' title='bbox 1126 860 1212 927; x_wconf 91' lang='lat' dir='ltr'><strong>libro</strong></span> <span class='ocrx_word' id='word_1_30' title='bbox 1234 860 1379 927; x_wconf 87' lang='lat' dir='ltr'>XXXIH</span> 
     </span>
     <span class='ocr_line' id='line_1_5' title="bbox 226 966 1378 1054; baseline 0 -19"><span class='ocrx_word' id='word_1_31' title='bbox 226 968 481 1036; x_wconf 78' lang='lat' dir='ltr'><strong>substituerunt.</strong></span> <span class='ocrx_word' id='word_1_32' title='bbox 535 966 607 1032; x_wconf 87' lang='lat' dir='ltr'><strong>Lib.</strong></span> <span class='ocrx_word' id='word_1_33' title='bbox 637 966 775 1048; x_wconf 87' lang='lat' dir='ltr'>XXXV,</span> <span class='ocrx_word' id='word_1_34' title='bbox 809 972 851 1033; x_wconf 90' lang='grc'><strong>20</strong></span> <span class='ocrx_word' id='word_1_35' title='bbox 885 968 1012 1049; x_wconf 83' lang='lat' dir='ltr'><strong>Livius,</strong></span> <span class='ocrx_word' id='word_1_36' title='bbox 1045 975 1224 1054; x_wconf 88' lang='lat' dir='ltr'><strong>postquam</strong></span> <span class='ocrx_word' id='word_1_37' title='bbox 1256 967 1287 1054; x_wconf 64' lang='grc' dir='ltr'><strong>(ξ</strong></span> <span class='ocrx_word' id='word_1_38' title='bbox 1323 969 1378 1052; x_wconf 88' lang='grc'><strong>10)</strong></span> 
     </span>
     <span class='ocr_line' id='line_1_6' title="bbox 225 1075 1379 1163; baseline 0.001 -20"><span class='ocrx_word' id='word_1_39' title='bbox 225 1083 315 1143; x_wconf 89' lang='lat' dir='ltr'><strong>recto</strong></span> <span class='ocrx_word' id='word_1_40' title='bbox 336 1076 374 1142; x_wconf 79' lang='lat' dir='ltr'><strong>A.</strong></span> <span class='ocrx_word' id='word_1_41' title='bbox 397 1075 499 1142; x_wconf 80' lang='lat' dir='ltr'><strong>Atilio</strong></span> <span class='ocrx_word' id='word_1_42' title='bbox 528 1076 662 1161; x_wconf 72' lang='lat' dir='ltr'><strong>praetori</strong></span> <span class='ocrx_word' id='word_1_43' title='bbox 690 1076 830 1142; x_wconf 78' lang='lat' dir='ltr'><strong>classem</strong></span> <span class='ocrx_word' id='word_1_44' title='bbox 860 1082 893 1142; x_wconf 89' lang='lat' dir='ltr'><strong>et</strong></span> <span class='ocrx_word' id='word_1_45' title='bbox 919 1075 1148 1143; x_wconf 88' lang='lat' dir='ltr'><strong>Macedoniam</strong></span> <span class='ocrx_word' id='word_1_46' title='bbox 1177 1078 1379 1163; x_wconf 80' lang='lat' dir='ltr'><strong>provinciam</strong></span> 
     </span>
     <span class='ocr_line' id='line_1_7' title="bbox 224 1183 1379 1270; baseline 0.001 -19"><span class='ocrx_word' id='word_1_47' title='bbox 224 1186 340 1252; x_wconf 91' lang='lat' dir='ltr'><strong>datam</strong></span> <span class='ocrx_word' id='word_1_48' title='bbox 368 1185 516 1270; x_wconf 81' lang='lat' dir='ltr'><strong>scripsit,</strong></span> <span class='ocrx_word' id='word_1_49' title='bbox 548 1183 593 1250; x_wconf 89' lang='grc' dir='ltr'><strong>Μ.</strong></span> <span class='ocrx_word' id='word_1_50' title='bbox 615 1184 727 1251; x_wconf 89' lang='lat' dir='ltr'><strong>Baebio</strong></span> <span class='ocrx_word' id='word_1_51' title='bbox 756 1183 928 1270; x_wconf 81' lang='lat' dir='ltr'>Tamphilo</span> <span class='ocrx_word' id='word_1_52' title='bbox 950 1184 1098 1252; x_wconf 88' lang='lat' dir='ltr'><strong>Bruttios</strong></span> <span class='ocrx_word' id='word_1_53' title='bbox 1132 1184 1236 1270; x_wconf 92' lang='lat' dir='ltr'><strong>(quod</strong></span> <span class='ocrx_word' id='word_1_54' title='bbox 1268 1208 1379 1252; x_wconf 89' lang='lat' dir='ltr'><strong>rerum</strong></span> 
     </span>
     <span class='ocr_line' id='line_1_8' title="bbox 225 1291 1380 1378; baseline 0.001 -18"><span class='ocrx_word' id='word_1_55' title='bbox 225 1300 395 1378; x_wconf 88' lang='lat' dir='ltr'><strong>gestarum</strong></span> <span class='ocrx_word' id='word_1_56' title='bbox 422 1293 570 1359; x_wconf 89' lang='lat' dir='ltr'><strong>narratio</strong></span> <span class='ocrx_word' id='word_1_57' title='bbox 594 1292 795 1375; x_wconf 88' lang='lat' dir='ltr'><strong>confirmat),</strong></span> <span class='ocrx_word' id='word_1_58' title='bbox 828 1299 938 1359; x_wconf 93' lang='lat' dir='ltr'><strong>tamen</strong></span> <span class='ocrx_word' id='word_1_59' title='bbox 961 1291 979 1376; x_wconf 66' lang='grc' dir='ltr'><strong>ξ</strong></span> <span class='ocrx_word' id='word_1_60' title='bbox 1005 1299 1041 1358; x_wconf 96' lang='grc'><strong>11</strong></span> <span class='ocrx_word' id='word_1_61' title='bbox 1067 1299 1180 1376; x_wconf 79' lang='grc'><strong>1112,</strong></span> <span class='ocrx_word' id='word_1_62' title='bbox 1212 1295 1322 1361; x_wconf 87' lang='lat' dir='ltr'><strong>animo</strong></span> <span class='ocrx_word' id='word_1_63' title='bbox 1345 1303 1380 1361; x_wconf 90' lang='lat' dir='ltr'><strong>et</strong></span> 
     </span>
     <span class='ocr_line' id='line_1_9' title="bbox 224 1401 1379 1487; baseline 0.001 -19"><span class='ocrx_word' id='word_1_64' title='bbox 224 1403 354 1468; x_wconf 77' lang='lat' dir='ltr'><strong>calamo</strong></span> <span class='ocrx_word' id='word_1_65' title='bbox 375 1401 567 1482; x_wconf 85' lang='lat' dir='ltr'><strong>aberrante,</strong></span> <span class='ocrx_word' id='word_1_66' title='bbox 597 1403 728 1467; x_wconf 90' lang='lat' dir='ltr'><strong>nomina</strong></span> <span class='ocrx_word' id='word_1_67' title='bbox 750 1403 962 1487; x_wconf 87' lang='lat' dir='ltr'><strong>permutavit,</strong></span> <span class='ocrx_word' id='word_1_68' title='bbox 990 1407 1029 1467; x_wconf 94' lang='lat' dir='ltr'><strong>ut</strong></span> <span class='ocrx_word' id='word_1_69' title='bbox 1049 1402 1150 1468; x_wconf 81' lang='lat' dir='ltr'><strong>Atilio</strong></span> <span class='ocrx_word' id='word_1_70' title='bbox 1173 1404 1207 1469; x_wconf 92' lang='lat' dir='ltr'><strong>in</strong></span> <span class='ocrx_word' id='word_1_71' title='bbox 1228 1403 1379 1470; x_wconf 88' lang='lat' dir='ltr'><strong>Bruttios</strong></span> 
     </span>
     <span class='ocr_line' id='line_1_10' title="bbox 226 1509 1379 1594; baseline 0 -18"><span class='ocrx_word' id='word_1_72' title='bbox 226 1511 376 1577; x_wconf 88' lang='lat' dir='ltr'><strong>decretas</strong></span> <span class='ocrx_word' id='word_1_73' title='bbox 410 1511 554 1594; x_wconf 85' lang='lat' dir='ltr'><strong>legiones</strong></span> <span class='ocrx_word' id='word_1_74' title='bbox 589 1510 728 1589; x_wconf 87' lang='lat' dir='ltr'><strong>diceret,</strong></span> <span class='ocrx_word' id='word_1_75' title='bbox 767 1509 917 1575; x_wconf 86' lang='lat' dir='ltr'><strong>Baebium</strong></span> <span class='ocrx_word' id='word_1_76' title='bbox 956 1532 1056 1576; x_wconf 82' lang='lat' dir='ltr'><strong>naves</strong></span> <span class='ocrx_word' id='word_1_77' title='bbox 1094 1510 1204 1577; x_wconf 86' lang='lat' dir='ltr'><strong>facere</strong></span> <span class='ocrx_word' id='word_1_78' title='bbox 1241 1512 1379 1591; x_wconf 88' lang='lat' dir='ltr'><strong>iussum,</strong></span> 
     </span>
     <span class='ocr_line' id='line_1_11' title="bbox 225 1617 1379 1704; baseline 0 -19"><span class='ocrx_word' id='word_1_79' title='bbox 225 1627 326 1703; x_wconf 90' lang='lat' dir='ltr'><strong>atque</strong></span> <span class='ocrx_word' id='word_1_80' title='bbox 354 1621 389 1685; x_wconf 93' lang='lat' dir='ltr'><strong>in</strong></span> <span class='ocrx_word' id='word_1_81' title='bbox 416 1618 531 1684; x_wconf 90' lang='lat' dir='ltr'><strong>eodem</strong></span> <span class='ocrx_word' id='word_1_82' title='bbox 560 1639 669 1684; x_wconf 88' lang='lat' dir='ltr'><strong>errore</strong></span> <span class='ocrx_word' id='word_1_83' title='bbox 692 1639 887 1703; x_wconf 83' lang='lat' dir='ltr'><strong>permanens</strong></span> <span class='ocrx_word' id='word_1_84' title='bbox 909 1620 1059 1703; x_wconf 85' lang='lat' dir='ltr'><strong>proximo</strong></span> <span class='ocrx_word' id='word_1_85' title='bbox 1082 1619 1191 1704; x_wconf 86' lang='lat' dir='ltr'><strong>capite</strong></span> <span class='ocrx_word' id='word_1_86' title='bbox 1214 1617 1266 1702; x_wconf 93' lang='grc'><strong>(21</strong></span> <span class='ocrx_word' id='word_1_87' title='bbox 1290 1618 1379 1700; x_wconf 89' lang='lat' dir='ltr'><strong>init.)</strong></span> 
     </span>
     <span class='ocr_line' id='line_1_12' title="bbox 224 1726 1380 1812; baseline 0.002 -20"><span class='ocrx_word' id='word_1_88' title='bbox 224 1729 378 1808; x_wconf 81' lang='lat' dir='ltr'><strong>classem,</strong></span> <span class='ocrx_word' id='word_1_89' title='bbox 411 1728 465 1792; x_wconf 91' lang='lat' dir='ltr'><strong>cni</strong></span> <span class='ocrx_word' id='word_1_90' title='bbox 486 1726 619 1793; x_wconf 87' lang='lat' dir='ltr'><strong>Baebius</strong></span> <span class='ocrx_word' id='word_1_91' title='bbox 647 1727 847 1812; x_wconf 87' lang='lat' dir='ltr'><strong>praefuturus</strong></span> <span class='ocrx_word' id='word_1_92' title='bbox 877 1732 980 1806; x_wconf 87' lang='lat' dir='ltr'><strong>esset,</strong></span> <span class='ocrx_word' id='word_1_93' title='bbox 1013 1728 1171 1793; x_wconf 86' lang='lat' dir='ltr'><strong>nominat.</strong></span> <span class='ocrx_word' id='word_1_94' title='bbox 1227 1727 1380 1794; x_wconf 85' lang='lat' dir='ltr'><strong>Editores</strong></span> 
     </span>
     <span class='ocr_line' id='line_1_13' title="bbox 227 1835 1405 1915; baseline -0.002 -14"><span class='ocrx_word' id='word_1_95' title='bbox 227 1837 326 1915; x_wconf 84' lang='lat' dir='ltr'><strong>Livii,</strong></span> <span class='ocrx_word' id='word_1_96' title='bbox 354 1857 419 1901; x_wconf 93' lang='lat' dir='ltr'><strong>non</strong></span> <span class='ocrx_word' id='word_1_97' title='bbox 442 1835 652 1901; x_wconf 81' lang='lat' dir='ltr'><strong>librariorum</strong></span> <span class='ocrx_word' id='word_1_98' title='bbox 674 1857 818 1901; x_wconf 85' lang='lat' dir='ltr'><strong>errorem</strong></span> <span class='ocrx_word' id='word_1_99' title='bbox 841 1842 1068 1915; x_wconf 82' lang='lat' dir='ltr'><strong>correxerunt3</strong></span> <span class='ocrx_word' id='word_1_100' title='bbox 1103 1856 1179 1901; x_wconf 90' lang='lat' dir='ltr'><strong>nam</strong></span> <span class='ocrx_word' id='word_1_101' title='bbox 1200 1835 1266 1902; x_wconf 86' lang='lat' dir='ltr'><strong>illis</strong></span> <span class='ocrx_word' id='word_1_102' title='bbox 1289 1836 1381 1902; x_wconf 91' lang='lat' dir='ltr'><strong>nulla</strong></span> <span class='ocrx_word' id='word_1_103' title='bbox 1403 1895 1405 1899; x_wconf 81' lang='grc'><strong>,</strong></span> 
     </span>
     <span class='ocr_line' id='line_1_14' title="bbox 226 1943 1378 2028; baseline 0.001 -19"><span class='ocrx_word' id='word_1_104' title='bbox 226 1967 279 2010; x_wconf 86' lang='lat' dir='ltr'><strong>res</strong></span> <span class='ocrx_word' id='word_1_105' title='bbox 312 1943 502 2010; x_wconf 90' lang='lat' dir='ltr'><strong>huiusmodi</strong></span> <span class='ocrx_word' id='word_1_106' title='bbox 535 1946 702 2010; x_wconf 94' lang='lat' dir='ltr'><strong>nominum</strong></span> <span class='ocrx_word' id='word_1_107' title='bbox 736 1944 850 2010; x_wconf 86' lang='lat' dir='ltr'><strong>ordine</strong></span> <span class='ocrx_word' id='word_1_108' title='bbox 878 1944 1076 2028; x_wconf 89' lang='lat' dir='ltr'><strong>scriptorum</strong></span> <span class='ocrx_word' id='word_1_109' title='bbox 1104 1944 1378 2028; x_wconf 88' lang='lat' dir='ltr'><strong>permutationem</strong></span> 
     </span>
     <span class='ocr_line' id='line_1_15' title="bbox 141 2053 1323 2137; baseline -0.002 -18"><span class='ocrx_word' id='word_1_110' title='bbox 141 2106 144 2112; x_wconf 94' lang='lat'>.</span> <span class='ocrx_word' id='word_1_111' title='bbox 227 2053 368 2119; x_wconf 89' lang='lat' dir='ltr'><strong>obiicere</strong></span> <span class='ocrx_word' id='word_1_112' title='bbox 391 2057 524 2137; x_wconf 88' lang='lat' dir='ltr'><strong>poterat</strong></span> <span class='ocrx_word' id='word_1_113' title='bbox 546 2059 579 2118; x_wconf 91' lang='lat' dir='ltr'><strong>et</strong></span> <span class='ocrx_word' id='word_1_114' title='bbox 601 2053 645 2118; x_wconf 93' lang='lat' dir='ltr'><strong>ad</strong></span> <span class='ocrx_word' id='word_1_115' title='bbox 667 2053 808 2118; x_wconf 89' lang='lat' dir='ltr'><strong>alterum</strong></span> <span class='ocrx_word' id='word_1_116' title='bbox 829 2053 938 2118; x_wconf 91' lang='lat' dir='ltr'><strong>locum</strong></span> <span class='ocrx_word' id='word_1_117' title='bbox 962 2073 1105 2117; x_wconf 89' lang='lat' dir='ltr'><strong>errorem</strong></span> <span class='ocrx_word' id='word_1_118' title='bbox 1126 2072 1323 2137; x_wconf 85' lang='lat' dir='ltr'><strong>propagare.</strong></span> 
     </span>
     <span class='ocr_line' id='line_1_16' title="bbox 314 2160 1380 2246; baseline -0.001 -19"><span class='ocrx_word' id='word_1_119' title='bbox 314 2160 393 2246; x_wconf 86' lang='lat' dir='ltr'><strong>Gap.</strong></span> <span class='ocrx_word' id='word_1_120' title='bbox 418 2164 469 2239; x_wconf 85' lang='grc'><strong>48,</strong></span> <span class='ocrx_word' id='word_1_121' title='bbox 493 2166 521 2240; x_wconf 87' lang='grc'><strong>6,</strong></span> <span class='ocrx_word' id='word_1_122' title='bbox 543 2160 601 2226; x_wconf 89' lang='lat' dir='ltr'><strong>ubi</strong></span> <span class='ocrx_word' id='word_1_123' title='bbox 622 2162 664 2226; x_wconf 92' lang='lat' dir='ltr'><strong>in</strong></span> <span class='ocrx_word' id='word_1_124' title='bbox 686 2161 830 2227; x_wconf 88' lang='lat' dir='ltr'><strong>collem</strong></span> <span class='ocrx_word' id='word_1_125' title='bbox 851 2160 1150 2242; x_wconf 85' lang='lat' dir='ltr'><strong>Eequiliarium</strong></span> <span class='ocrx_word' id='word_1_126' title='bbox 1173 2160 1291 2240; x_wconf 88' lang='lat' dir='ltr'><strong>editur,</strong></span> <span class='ocrx_word' id='word_1_127' title='bbox 1314 2182 1380 2233; x_wconf 91' lang='lat' dir='ltr'><strong>non</strong></span> 
     </span>
     <span class='ocr_line' id='line_1_17' title="bbox 227 2268 1380 2354; baseline 0 -19"><span class='ocrx_word' id='word_1_128' title='bbox 227 2270 449 2354; x_wconf 85' lang='lat' dir='ltr'><strong>persuadetur</strong></span> <span class='ocrx_word' id='word_1_129' title='bbox 481 2268 578 2348; x_wconf 90' lang='lat' dir='ltr'><strong>mihi,</strong></span> <span class='ocrx_word' id='word_1_130' title='bbox 620 2268 748 2334; x_wconf 84' lang='lat' dir='ltr'><strong>Livium</strong></span> <span class='ocrx_word' id='word_1_131' title='bbox 785 2290 851 2334; x_wconf 94' lang='lat' dir='ltr'><strong>uno</strong></span> <span class='ocrx_word' id='word_1_132' title='bbox 883 2268 957 2333; x_wconf 94' lang='lat' dir='ltr'><strong>loco</strong></span> <span class='ocrx_word' id='word_1_133' title='bbox 991 2289 1085 2333; x_wconf 88' lang='lat' dir='ltr'><strong>usum</strong></span> <span class='ocrx_word' id='word_1_134' title='bbox 1119 2289 1193 2334; x_wconf 87' lang='lat' dir='ltr'><strong>esse</strong></span> <span class='ocrx_word' id='word_1_135' title='bbox 1225 2269 1380 2335; x_wconf 86' lang='lat' dir='ltr'><strong>adiectivi</strong></span> 
     </span>
     <span class='ocr_line' id='line_1_18' title="bbox 227 2375 1379 2461; baseline 0.002 -20"><span class='ocrx_word' id='word_1_136' title='bbox 227 2376 334 2444; x_wconf 90' lang='lat' dir='ltr'><strong>forma</strong></span> <span class='ocrx_word' id='word_1_137' title='bbox 355 2377 519 2456; x_wconf 88' lang='lat' dir='ltr'><strong>inaudita,</strong></span> <span class='ocrx_word' id='word_1_138' title='bbox 553 2399 654 2461; x_wconf 93' lang='lat' dir='ltr'><strong>quum</strong></span> <span class='ocrx_word' id='word_1_139' title='bbox 688 2383 722 2442; x_wconf 89' lang='lat' dir='ltr'><strong>et</strong></span> <span class='ocrx_word' id='word_1_140' title='bbox 743 2376 833 2461; x_wconf 90' lang='lat' dir='ltr'><strong>apud</strong></span> <span class='ocrx_word' id='word_1_141' title='bbox 855 2377 964 2460; x_wconf 91' lang='lat' dir='ltr'><strong>ipsum</strong></span> <span class='ocrx_word' id='word_1_142' title='bbox 987 2381 1020 2441; x_wconf 93' lang='lat' dir='ltr'><strong>et</strong></span> <span class='ocrx_word' id='word_1_143' title='bbox 1041 2375 1130 2460; x_wconf 87' lang='lat' dir='ltr'><strong>apud</strong></span> <span class='ocrx_word' id='word_1_144' title='bbox 1152 2376 1236 2443; x_wconf 87' lang='lat' dir='ltr'><strong>alios</strong></span> <span class='ocrx_word' id='word_1_145' title='bbox 1258 2378 1293 2442; x_wconf 93' lang='lat' dir='ltr'><strong>in</strong></span> <span class='ocrx_word' id='word_1_146' title='bbox 1314 2375 1379 2443; x_wconf 85' lang='lat' dir='ltr'><strong>fre·</strong></span> 
     </span>
     <span class='ocr_line' id='line_1_19' title="bbox 157 2483 1381 2572; baseline 0.002 -22"><span class='ocrx_word' id='word_1_147' title='bbox 157 2501 212 2572; x_wconf 68' lang='lat'><strong>(53)</strong></span> <span class='ocrx_word' id='word_1_148' title='bbox 230 2484 445 2570; x_wconf 88' lang='lat' dir='ltr'><strong>quentissimo</strong></span> <span class='ocrx_word' id='word_1_149' title='bbox 474 2506 535 2550; x_wconf 89' lang='lat' dir='ltr'><strong>usu</strong></span> <span class='ocrx_word' id='word_1_150' title='bbox 563 2486 607 2550; x_wconf 91' lang='lat' dir='ltr'><strong>sit</strong></span> <span class='ocrx_word' id='word_1_151' title='bbox 633 2484 890 2568; x_wconf 87' lang='lat' dir='ltr'><strong>Esquilinus,</strong></span> <span class='ocrx_word' id='word_1_152' title='bbox 923 2505 983 2550; x_wconf 91' lang='lat' dir='ltr'><strong>nec</strong></span> <span class='ocrx_word' id='word_1_153' title='bbox 1010 2483 1141 2563; x_wconf 90' lang='lat' dir='ltr'><strong>dubito,</strong></span> <span class='ocrx_word' id='word_1_154' title='bbox 1174 2505 1240 2550; x_wconf 87' lang='lat' dir='ltr'><strong>una</strong></span> <span class='ocrx_word' id='word_1_155' title='bbox 1266 2485 1381 2553; x_wconf 88' lang='lat' dir='ltr'><strong>littere</strong></span> 
     </span>
     <span class='ocr_line' id='line_1_20' title="bbox 227 2592 1381 2678; baseline 0.002 -19"><span class='ocrx_word' id='word_1_156' title='bbox 227 2593 362 2660; x_wconf 88' lang='lat' dir='ltr'><strong>sublata</strong></span> <span class='ocrx_word' id='word_1_157' title='bbox 390 2592 441 2658; x_wconf 82' lang='lat' dir='ltr'><strong>vel</strong></span> <span class='ocrx_word' id='word_1_158' title='bbox 468 2593 578 2677; x_wconf 88' lang='lat' dir='ltr'><strong>potius</strong></span> <span class='ocrx_word' id='word_1_159' title='bbox 606 2614 671 2658; x_wconf 90' lang='lat' dir='ltr'><strong>uno</strong></span> <span class='ocrx_word' id='word_1_160' title='bbox 701 2593 802 2659; x_wconf 89' lang='lat' dir='ltr'><strong>ductu</strong></span> <span class='ocrx_word' id='word_1_161' title='bbox 825 2592 1040 2678; x_wconf 86' lang='lat' dir='ltr'><strong>expluribus</strong></span> <span class='ocrx_word' id='word_1_162' title='bbox 1063 2592 1251 2674; x_wconf 90' lang='lat' dir='ltr'><strong>simillimis,</strong></span> <span class='ocrx_word' id='word_1_163' title='bbox 1283 2597 1381 2661; x_wconf 90' lang='lat' dir='ltr'><strong>resti·</strong></span> 
     </span>
     <span class='ocr_line' id='line_1_21' title="bbox 226 2699 1318 2786; baseline -0.002 -18"><span class='ocrx_word' id='word_1_164' title='bbox 226 2708 335 2768; x_wconf 92' lang='lat' dir='ltr'><strong>tuere:</strong></span> <span class='ocrx_word' id='word_1_165' title='bbox 359 2702 398 2767; x_wconf 88' lang='lat' dir='ltr'><strong>in</strong></span> <span class='ocrx_word' id='word_1_166' title='bbox 421 2700 562 2766; x_wconf 91' lang='lat' dir='ltr'><strong>collem</strong></span> <span class='ocrx_word' id='word_1_167' title='bbox 584 2701 873 2784; x_wconf 87' lang='lat' dir='ltr'><strong>Esquiliarum.</strong></span> <span class='ocrx_word' id='word_1_168' title='bbox 915 2699 983 2783; x_wconf 91' lang='lat' dir='ltr'><strong>[Sic</strong></span> <span class='ocrx_word' id='word_1_169' title='bbox 1005 2701 1108 2767; x_wconf 85' lang='lat' dir='ltr'><strong>codex</strong></span> <span class='ocrx_word' id='word_1_170' title='bbox 1131 2700 1318 2786; x_wconf 88' lang='lat' dir='ltr'><strong>Bamberg.]</strong></span> 
     </span>
     <span class='ocr_line' id='line_1_22' title="bbox 313 2808 1379 2895; baseline 0.002 -20"><span class='ocrx_word' id='word_1_171' title='bbox 313 2808 392 2895; x_wconf 87' lang='lat' dir='ltr'><strong>Cap.</strong></span> <span class='ocrx_word' id='word_1_172' title='bbox 424 2813 479 2889; x_wconf 85' lang='lat'><strong>53,</strong></span> <span class='ocrx_word' id='word_1_173' title='bbox 512 2815 551 2874; x_wconf 89' lang='lat'><strong>10</strong></span> <span class='ocrx_word' id='word_1_174' title='bbox 579 2811 667 2893; x_wconf 90' lang='lat' dir='ltr'><strong>quod</strong></span> <span class='ocrx_word' id='word_1_175' title='bbox 696 2809 853 2875; x_wconf 85' lang='lat' dir='ltr'><strong>scribitur</strong></span> <span class='ocrx_word' id='word_1_176' title='bbox 886 2808 1071 2874; x_wconf 87' lang='lat' dir='ltr'><strong>infensus</strong></span> <span class='ocrx_word' id='word_1_177' title='bbox 1103 2811 1165 2875; x_wconf 89' lang='lat' dir='ltr'><strong>ira</strong></span> <span class='ocrx_word' id='word_1_178' title='bbox 1198 2811 1379 2895; x_wconf 87' lang='lat' dir='ltr'><strong>itidemque</strong></span> 
     </span>
     <span class='ocr_line' id='line_1_23' title="bbox 226 2917 1381 3003; baseline 0.002 -20"><span class='ocrx_word' id='word_1_179' title='bbox 226 2919 274 2997; x_wconf 90' lang='grc' dir='ltr'><strong>Π,</strong></span> <span class='ocrx_word' id='word_1_180' title='bbox 306 2923 360 2997; x_wconf 88' lang='grc'><strong>12,</strong></span> <span class='ocrx_word' id='word_1_181' title='bbox 396 2921 451 2997; x_wconf 91' lang='grc'><strong>12,</strong></span> <span class='ocrx_word' id='word_1_182' title='bbox 485 2924 624 3003; x_wconf 91' lang='lat' dir='ltr'><strong>utroque</strong></span> <span class='ocrx_word' id='word_1_183' title='bbox 657 2917 731 2985; x_wconf 95' lang='lat' dir='ltr'><strong>loco</strong></span> <span class='ocrx_word' id='word_1_184' title='bbox 762 2917 880 3000; x_wconf 88' lang='lat' dir='ltr'><strong>(altero</strong></span> <span class='ocrx_word' id='word_1_185' title='bbox 903 2918 1037 3000; x_wconf 87' lang='lat' dir='ltr'><strong>quidem</strong></span> <span class='ocrx_word' id='word_1_186' title='bbox 1058 2917 1236 2983; x_wconf 87' lang='lat' dir='ltr'><strong>accedente</strong></span> <span class='ocrx_word' id='word_1_187' title='bbox 1259 2939 1323 2984; x_wconf 94' lang='lat' dir='ltr'><strong>uno</strong></span> <span class='ocrx_word' id='word_1_188' title='bbox 1347 2928 1381 2985; x_wconf 89' lang='lat' dir='ltr'><strong>et</strong></span> 
     </span>
     <span class='ocr_line' id='line_1_24' title="bbox 226 3024 1380 3109; baseline 0 -17"><span class='ocrx_word' id='word_1_189' title='bbox 226 3026 332 3092; x_wconf 89' lang='lat' dir='ltr'><strong>altero</strong></span> <span class='ocrx_word' id='word_1_190' title='bbox 366 3025 436 3091; x_wconf 91' lang='lat' dir='ltr'><strong>cod.</strong></span> <span class='ocrx_word' id='word_1_191' title='bbox 470 3024 665 3107; x_wconf 86' lang='lat' dir='ltr'><strong>recentiore)</strong></span> <span class='ocrx_word' id='word_1_192' title='bbox 700 3026 908 3092; x_wconf 91' lang='lat' dir='ltr'><strong>scribendum</strong></span> <span class='ocrx_word' id='word_1_193' title='bbox 941 3032 1032 3109; x_wconf 88' lang='lat' dir='ltr'><strong>puto,</strong></span> <span class='ocrx_word' id='word_1_194' title='bbox 1067 3025 1155 3108; x_wconf 90' lang='lat' dir='ltr'><strong>qnod</strong></span> <span class='ocrx_word' id='word_1_195' title='bbox 1188 3026 1235 3107; x_wconf 94' lang='grc' dir='ltr'><strong>ΙΙ,</strong></span> <span class='ocrx_word' id='word_1_196' title='bbox 1272 3031 1326 3107; x_wconf 86' lang='grc'><strong>13,</strong></span> <span class='ocrx_word' id='word_1_197' title='bbox 1361 3033 1380 3092; x_wconf 83' lang='lat'><strong>7</strong></span> 
     </span>
     <span class='ocr_line' id='line_1_25' title="bbox 226 3132 1379 3218; baseline 0.002 -19"><span class='ocrx_word' id='word_1_198' title='bbox 226 3135 364 3218; x_wconf 87' lang='lat' dir='ltr'><strong>legitur,</strong></span> <span class='ocrx_word' id='word_1_199' title='bbox 396 3136 596 3200; x_wconf 91' lang='lat' dir='ltr'><strong>incensus.</strong></span> <span class='ocrx_word' id='word_1_200' title='bbox 657 3133 742 3199; x_wconf 89' lang='lat' dir='ltr'><strong>Nam</strong></span> <span class='ocrx_word' id='word_1_201' title='bbox 780 3133 965 3199; x_wconf 85' lang='lat' dir='ltr'><strong>infensus</strong></span> <span class='ocrx_word' id='word_1_202' title='bbox 1005 3132 1157 3199; x_wconf 88' lang='lat' dir='ltr'><strong>absolute</strong></span> <span class='ocrx_word' id='word_1_203' title='bbox 1197 3133 1237 3200; x_wconf 92' lang='lat' dir='ltr'><strong>de</strong></span> <span class='ocrx_word' id='word_1_204' title='bbox 1277 3136 1379 3201; x_wconf 92' lang='lat' dir='ltr'><strong>animi</strong></span> 
     </span>
     <span class='ocr_line' id='line_1_26' title="bbox 227 3241 1380 3324; baseline 0.002 -18"><span class='ocrx_word' id='word_1_205' title='bbox 227 3242 342 3309; x_wconf 88' lang='lat' dir='ltr'><strong>habitu</strong></span> <span class='ocrx_word' id='word_1_206' title='bbox 376 3242 497 3308; x_wconf 89' lang='lat' dir='ltr'><strong>dicitur</strong></span> <span class='ocrx_word' id='word_1_207' title='bbox 530 3247 563 3308; x_wconf 92' lang='lat' dir='ltr'><strong>et</strong></span> <span class='ocrx_word' id='word_1_208' title='bbox 596 3242 763 3308; x_wconf 85' lang='lat' dir='ltr'><strong>voluntate</strong></span> <span class='ocrx_word' id='word_1_209' title='bbox 797 3242 839 3308; x_wconf 87' lang='lat' dir='ltr'><strong>ab</strong></span> <span class='ocrx_word' id='word_1_210' title='bbox 868 3242 979 3324; x_wconf 90' lang='lat' dir='ltr'><strong>aliquo</strong></span> <span class='ocrx_word' id='word_1_211' title='bbox 1006 3241 1231 3308; x_wconf 88' lang='lat' dir='ltr'><strong>vehementius</strong></span> <span class='ocrx_word' id='word_1_212' title='bbox 1262 3243 1380 3323; x_wconf 82' lang='lat' dir='ltr'><strong>aliena,</strong></span> 
     </span>
     <span class='ocr_line' id='line_1_27' title="bbox 227 3349 1380 3434; baseline 0.002 -19"><span class='ocrx_word' id='word_1_213' title='bbox 227 3349 347 3415; x_wconf 87' lang='lat' dir='ltr'><strong>affectu</strong></span> <span class='ocrx_word' id='word_1_214' title='bbox 375 3351 475 3414; x_wconf 89' lang='lat' dir='ltr'><strong>animi</strong></span> <span class='ocrx_word' id='word_1_215' title='bbox 498 3349 607 3416; x_wconf 90' lang='lat' dir='ltr'><strong>subito</strong></span> <span class='ocrx_word' id='word_1_216' title='bbox 630 3350 750 3433; x_wconf 90' lang='lat' dir='ltr'><strong>aliquis</strong></span> <span class='ocrx_word' id='word_1_217' title='bbox 772 3350 973 3429; x_wconf 84' lang='lat' dir='ltr'><strong>incenditur3</strong></span> <span class='ocrx_word' id='word_1_218' title='bbox 1007 3368 1112 3434; x_wconf 87' lang='lat' dir='ltr'><strong>neque</strong></span> <span class='ocrx_word' id='word_1_219' title='bbox 1135 3349 1261 3430; x_wconf 89' lang='lat' dir='ltr'><strong>obstat,</strong></span> <span class='ocrx_word' id='word_1_220' title='bbox 1291 3352 1380 3434; x_wconf 91' lang='lat' dir='ltr'><strong>quod</strong></span> 
     </span>
     <span class='ocr_line' id='line_1_28' title="bbox 228 3457 1379 3538; baseline 0 -15"><span class='ocrx_word' id='word_1_221' title='bbox 228 3458 277 3523; x_wconf 91' lang='lat' dir='ltr'><strong>illi</strong></span> <span class='ocrx_word' id='word_1_222' title='bbox 299 3458 399 3523; x_wconf 86' lang='lat' dir='ltr'><strong>etiam</strong></span> <span class='ocrx_word' id='word_1_223' title='bbox 421 3457 582 3524; x_wconf 84' lang='lat' dir='ltr'><strong>adiectivo</strong></span> <span class='ocrx_word' id='word_1_224' title='bbox 605 3458 681 3538; x_wconf 87' lang='lat' dir='ltr'><strong>VH,</strong></span> <span class='ocrx_word' id='word_1_225' title='bbox 710 3462 765 3538; x_wconf 85' lang='grc'><strong>27,</strong></span> <span class='ocrx_word' id='word_1_226' title='bbox 796 3458 1003 3524; x_wconf 78' lang='lat' dir='ltr'><strong>dablatiuus</strong></span> <span class='ocrx_word' id='word_1_227' title='bbox 1032 3457 1166 3523; x_wconf 90' lang='lat' dir='ltr'><strong>additur</strong></span> <span class='ocrx_word' id='word_1_228' title='bbox 1194 3457 1237 3523; x_wconf 90' lang='lat' dir='ltr'><strong>ad</strong></span> <span class='ocrx_word' id='word_1_229' title='bbox 1265 3459 1379 3524; x_wconf 85' lang='lat' dir='ltr'><strong>volun·</strong></span> 
     </span>
     <span class='ocr_line' id='line_1_29' title="bbox 227 3565 1381 3650; baseline 0.001 -19"><span class='ocrx_word' id='word_1_230' title='bbox 227 3567 308 3632; x_wconf 88' lang='lat' dir='ltr'><strong>tatis</strong></span> <span class='ocrx_word' id='word_1_231' title='bbox 338 3566 453 3631; x_wconf 88' lang='lat' dir='ltr'><strong>alienae</strong></span> <span class='ocrx_word' id='word_1_232' title='bbox 481 3573 515 3631; x_wconf 91' lang='lat' dir='ltr'><strong>et</strong></span> <span class='ocrx_word' id='word_1_233' title='bbox 541 3565 675 3632; x_wconf 74' lang='lat' dir='ltr'><strong>infensa</strong></span> <span class='ocrx_word' id='word_1_234' title='bbox 698 3567 951 3633; x_wconf 85' lang='lat' dir='ltr'><strong>diuturnitatem</strong></span> <span class='ocrx_word' id='word_1_235' title='bbox 973 3565 1221 3650; x_wconf 85' lang='lat' dir='ltr'><strong>significandam</strong></span> <span class='ocrx_word' id='word_1_236' title='bbox 1255 3565 1381 3647; x_wconf 86' lang='lat' dir='ltr'><strong>(inter</strong></span> 
     </span>
     <span class='ocr_line' id='line_1_30' title="bbox 228 3673 946 3757; baseline -0.001 -18"><span class='ocrx_word' id='word_1_237' title='bbox 228 3674 415 3739; x_wconf 84' lang='lat' dir='ltr'><strong>infensos</strong></span> <span class='ocrx_word' id='word_1_238' title='bbox 439 3674 600 3740; x_wconf 90' lang='lat' dir='ltr'><strong>diutino</strong></span> <span class='ocrx_word' id='word_1_239' title='bbox 624 3674 742 3756; x_wconf 91' lang='lat' dir='ltr'><strong>odio).</strong></span> <span class='ocrx_word' id='word_1_240' title='bbox 789 3673 946 3757; x_wconf 82' lang='lat'>(1873.)¹)</span> 
     </span>
     <span class='ocr_line' id='line_1_31' title="bbox 314 3780 1379 3867; baseline 0.001 -20"><span class='ocrx_word' id='word_1_241' title='bbox 314 3780 411 3867; x_wconf 84' lang='lat' dir='ltr'><strong>*Gap</strong></span> <span class='ocrx_word' id='word_1_242' title='bbox 435 3786 485 3863; x_wconf 82' lang='lat'><strong>56,</strong></span> <span class='ocrx_word' id='word_1_243' title='bbox 513 3789 548 3848; x_wconf 86' lang='lat'><strong>4:</strong></span> <span class='ocrx_word' id='word_1_244' title='bbox 582 3784 704 3867; x_wconf 83' lang='lat' dir='ltr'><strong>Anguis</strong></span> <span class='ocrx_word' id='word_1_245' title='bbox 733 3805 773 3848; x_wconf 81' lang='lat' dir='ltr'><strong>ex</strong></span> <span class='ocrx_word' id='word_1_246' title='bbox 800 3783 952 3848; x_wconf 92' lang='lat' dir='ltr'><strong>columna</strong></span> <span class='ocrx_word' id='word_1_247' title='bbox 978 3781 1088 3866; x_wconf 88' lang='lat' dir='ltr'><strong>lignea</strong></span> <span class='ocrx_word' id='word_1_248' title='bbox 1111 3780 1171 3863; x_wconf 90' lang='lat' dir='ltr'><strong>(sic</strong></span> <span class='ocrx_word' id='word_1_249' title='bbox 1195 3783 1282 3847; x_wconf 87' lang='lat' dir='ltr'><strong>enim</strong></span> <span class='ocrx_word' id='word_1_250' title='bbox 1303 3803 1379 3848; x_wconf 91' lang='lat' dir='ltr'><strong>nar-</strong></span> 
     </span>
     <span class='ocr_line' id='line_1_32' title="bbox 227 3890 1380 3975; baseline 0.001 -20"><span class='ocrx_word' id='word_1_251' title='bbox 227 3892 335 3972; x_wconf 88' lang='lat' dir='ltr'><strong>ratur)</strong></span> <span class='ocrx_word' id='word_1_252' title='bbox 355 3890 486 3975; x_wconf 88' lang='lat' dir='ltr'><strong>elapsus</strong></span> <span class='ocrx_word' id='word_1_253' title='bbox 503 3912 568 3957; x_wconf 95' lang='lat' dir='ltr'><strong>non</strong></span> <span class='ocrx_word' id='word_1_254' title='bbox 586 3890 637 3974; x_wconf 92' lang='lat' dir='ltr'><strong>(ut</strong></span> <span class='ocrx_word' id='word_1_255' title='bbox 653 3912 739 3956; x_wconf 91' lang='lat' dir='ltr'><strong>nunc</strong></span> <span class='ocrx_word' id='word_1_256' title='bbox 756 3890 925 3974; x_wconf 88' lang='lat' dir='ltr'><strong>scribitur)</strong></span> <span class='ocrx_word' id='word_1_257' title='bbox 942 3897 1141 3956; x_wconf 88' lang='lat' dir='ltr'><strong>torrorem</strong></span> <span class='ocrx_word' id='word_1_258' title='bbox 1162 3890 1380 3974; x_wconf 86' lang='lat' dir='ltr'><strong>fugamque</strong></span> 
     </span>
    </p>
   </div>
   <div class='ocr_carea' id='block_1_3' title="bbox 259 4152 1382 4395">
    <p class='ocr_par' dir='ltr' id='par_1_3' title="bbox 259 4152 1382 4395">
     <span class='ocr_line' id='line_1_33' title="bbox 259 4152 1379 4226; baseline -0.003 -15"><span class='ocrx_word' id='word_1_259' title='bbox 259 4158 281 4223; x_wconf 86' lang='lat'><strong>¹)</strong></span> <span class='ocrx_word' id='word_1_260' title='bbox 300 4155 377 4226; x_wconf 84' lang='lat' dir='ltr'><strong>[Cap.</strong></span> <span class='ocrx_word' id='word_1_261' title='bbox 401 4157 447 4223; x_wconf 80' lang='lat'><strong>55,</strong></span> <span class='ocrx_word' id='word_1_262' title='bbox 473 4157 491 4210; x_wconf 87' lang='lat'>9</span> <span class='ocrx_word' id='word_1_263' title='bbox 516 4155 546 4209; x_wconf 93' lang='lat' dir='ltr'><strong>in</strong></span> <span class='ocrx_word' id='word_1_264' title='bbox 575 4170 636 4208; x_wconf 83' lang='lat' dir='ltr'><strong>eam</strong></span> <span class='ocrx_word' id='word_1_265' title='bbox 657 4159 767 4225; x_wconf 86' lang='lat' dir='ltr'><strong>partem</strong></span> <span class='ocrx_word' id='word_1_266' title='bbox 789 4170 864 4209; x_wconf 88' lang='lat' dir='ltr'><strong>nnnc</strong></span> <span class='ocrx_word' id='word_1_267' title='bbox 887 4154 1006 4209; x_wconf 88' lang='lat' dir='ltr'><strong>inclinat</strong></span> <span class='ocrx_word' id='word_1_268' title='bbox 1029 4154 1152 4221; x_wconf 83' lang='lat' dir='ltr'><strong>animus,</strong></span> <span class='ocrx_word' id='word_1_269' title='bbox 1181 4159 1211 4207; x_wconf 89' lang='lat' dir='ltr'><strong>ut</strong></span> <span class='ocrx_word' id='word_1_270' title='bbox 1233 4152 1379 4208; x_wconf 77' lang='lat' dir='ltr'><strong>ferendum</strong></span> 
     </span>
     <span class='ocr_line' id='line_1_34' title="bbox 296 4238 1382 4311; baseline -0.003 -15"><span class='ocrx_word' id='word_1_271' title='bbox 296 4247 394 4311; x_wconf 87' lang='lat' dir='ltr'><strong>putem</strong></span> <span class='ocrx_word' id='word_1_272' title='bbox 410 4242 528 4296; x_wconf 90' lang='lat' dir='ltr'><strong>horum</strong></span> <span class='ocrx_word' id='word_1_273' title='bbox 546 4239 814 4309; x_wconf 83' lang='lat' dir='ltr'><strong>magnificentiae</strong></span> <span class='ocrx_word' id='word_1_274' title='bbox 833 4257 975 4311; x_wconf 87' lang='lat' dir='ltr'><strong>operum</strong></span> <span class='ocrx_word' id='word_1_275' title='bbox 993 4239 1054 4307; x_wconf 85' lang='lat' dir='ltr'><strong>(der</strong></span> <span class='ocrx_word' id='word_1_276' title='bbox 1071 4239 1192 4309; x_wconf 76' lang='lat' dir='ltr'><strong>ietzigen</strong></span> <span class='ocrx_word' id='word_1_277' title='bbox 1210 4238 1313 4293; x_wconf 79' lang='lat' dir='ltr'><strong>Werlre</strong></span> <span class='ocrx_word' id='word_1_278' title='bbox 1330 4238 1382 4293; x_wconf 87' lang='lat' dir='ltr'><strong>der</strong></span> 
     </span>
     <span class='ocr_line' id='line_1_35' title="bbox 297 4323 1382 4395; baseline -0.001 -13"><span class='ocrx_word' id='word_1_279' title='bbox 297 4325 484 4394; x_wconf 88' lang='lat' dir='ltr'><strong>Prachtliebe)</strong></span> <span class='ocrx_word' id='word_1_280' title='bbox 502 4343 555 4382; x_wconf 92' lang='lat' dir='ltr'><strong>nec</strong></span> <span class='ocrx_word' id='word_1_281' title='bbox 574 4326 656 4380; x_wconf 90' lang='lat' dir='ltr'><strong>amici</strong></span> <span class='ocrx_word' id='word_1_282' title='bbox 673 4325 870 4395; x_wconf 85' lang='lat' dir='ltr'><strong>suspicionem,</strong></span> <span class='ocrx_word' id='word_1_283' title='bbox 892 4323 1166 4395; x_wconf 75' lang='lat' dir='ltr'><strong>magnificentia</strong></span> <span class='ocrx_word' id='word_1_284' title='bbox 1185 4324 1317 4391; x_wconf 83' lang='lat' dir='ltr'><strong>delentis,</strong></span> <span class='ocrx_word' id='word_1_285' title='bbox 1340 4330 1382 4381; x_wconf 85' lang='lat' dir='ltr'><strong>te·</strong></span> 
     </span>
    </p>
   </div>
   <div class='ocr_carea' id='block_1_4' title="bbox 0 0 1504 5108">
    <p class='ocr_par' dir='ltr' id='par_1_4' title="bbox 0 0 1504 5108">
     <span class='ocr_line' id='line_1_36' title="bbox 0 0 1504 5108; baseline 0 0"><span class='ocrx_word' id='word_1_286' title='bbox 0 0 1504 5108; x_wconf 95' lang='lat' dir='ltr'><strong> </strong></span> 
     </span>
    </p>
   </div>
  </div>
 </body>
</html>
