2994 5108
626 490 685 552 611
1092 485 1153 543 um.
1171 485 1233 541 XL.-

84 675 259 761 scripturae
283 676 446 742 credimus
470 675 679 757 (collegam
701 710 743 721 -
765 676 920 741 creavit
942 673 975 741 C.
999 675 1081 742 Val.
1106 676 1230 742 Laevi·

81 805 181 849 num.
225 784 264 850 Is
286 783 353 866 -),
376 784 562 849 necessario
587 783 734 848 Laevinus
758 789 818 849 est.
863 784 963 868 Atqui
991 785 1036 863 is,
1066 786 1174 869 quia.
1198 784 1229 849 d.

82 891 131 958 111
152 891 237 958 Non.
262 892 349 959 Sext.
374 896 503 957 creatus
526 897 592 970 est,
616 912 681 985 non
703 893 826 977 potnit,
854 892 932 957 iam
967 892 1033 957 diu
1062 891 1230 976 cupidus

83 1001 321 1084 provinciae,
344 1000 424 1084 ipsis
447 998 549 1065 Nonis
572 999 658 1065 Sext.
682 1001 716 1064 in
746 1022 817 1065 eam
846 1000 954 1080 abire;
987 1000 1022 1065 id
1050 999 1090 1066 de
1111 999 1230 1065 Petilio

82 1113 212 1173 tantum
233 1114 323 1173 recte
347 1109 410 1173 dici
433 1110 549 1193 potuit,
573 1129 670 1191 quem
692 1109 768 1174 inde
790 1108 833 1173 ab
855 1109 949 1174 initio
973 1109 1051 1174 anni
1072 1106 1232 1193 prodigia,

83 1214 174 1282 ierim
214 1237 390 1301 earumque
430 1217 645 1285 instauratio.
680 1217 813 1281 comitia
852 1217 983 1298 collegae
1023 1215 1231 1299 subrogando

85 1323 197 1389 Romae
231 1325 450 1401 retinuerant,
484 1325 518 1388 in
552 1326 753 1408 provinciam
785 1324 934 1409 pluribus
962 1331 1038 1391 ante
1066 1323 1232 1389 mensibus

86 1431 253 1498 decretam
269 1433 333 1511 ‚ire
364 1434 557 1518 cupientem.
602 1433 709 1516 Atque
731 1432 883 1497 Petilium
907 1433 975 1514 (cui
996 1432 1133 1516 Ligures
1156 1454 1232 1515 pro·

84 1541 191 1606 vincia
214 1547 381 1613 evenerat,
405 1562 431 1604 c.
458 1545 505 1619 15,
530 1538 562 1619 5)
587 1541 728 1623 priorem
756 1542 789 1605 in
820 1541 1021 1625 provinciam
1049 1539 1233 1623 profectum

85 1668 166 1728 esse,
188 1650 289 1714 etiam
313 1670 330 1714 e
352 1670 422 1732 cap.
450 1653 497 1721 18,
522 1653 540 1711 6
564 1647 708 1730 intellegi
732 1655 851 1733 potest.
887 1649 951 1715 Sed
974 1659 1093 1719 tamen,
1118 1648 1233 1731 quoni·

86 1776 139 1823 am
161 1755 261 1835 Pisae,
284 1757 433 1838 Ligures,
459 1755 566 1821 Gallia
594 1757 754 1836 contiguae
777 1763 885 1833 erant,
909 1764 943 1821 et
965 1756 1120 1822 exercitui
1144 1754 1231 1820 diem
1248 1748 1318 1821 (5⁰⁹)

87 1863 130 1931 ad
153 1865 412 1930 conveniendum
431 1864 527 1929 Pisas
551 1863 699 1928 edixerat
722 1861 751 1947 (ἓ
775 1869 809 1929 8:
833 1865 968 1929 eodem
991 1862 1117 1945 Pisas)
1141 1868 1175 1927 et
1198 1860 1232 1926 0.

86 1969 260 2038 Claudium
282 1975 364 2050 iam,
395 1979 511 2038 senatu
539 1972 687 2049 iubente,
718 1970 748 2055 (ξ
778 1971 810 2052 9)
831 1973 865 2037 in
890 1971 1026 2056 Ligures
1049 1972 1234 2055 ingressum

87 2079 131 2145 ad
153 2101 188 2146 se
210 2082 245 2145 in
269 2079 411 2146 Galliam
433 2085 529 2144 vocat
558 2079 598 2161 (c.
626 2082 673 2157 18,
699 2079 742 2160 5).
787 2080 947 2159 Quoniam
980 2080 1082 2164 igitur
1112 2077 1171 2162 §6
1199 2079 1234 2143 in

86 2188 200 2254 codice
222 2189 381 2272 scriptum
404 2195 470 2254 est:
504 2189 606 2253 iiset
627 2189 706 2252 iam
729 2188 795 2253 diu
817 2188 989 2273 cupidus
1012 2186 1233 2273 provinciae

85 2301 158 2377 cet,
179 2295 419 2361 restituendum
438 2304 497 2374 est,
515 2296 619 2361 altero
637 2295 648 2358 l
666 2297 700 2361 in
719 2316 737 2377 p
754 2301 895 2362 mutato:
919 2298 1000 2378 lpse
1019 2295 1071 2375 (Q.
1087 2295 1234 2376 Petilius,

85 2405 143 2489 qui
165 2406 329 2469 Laevinum
353 2403 511 2486 collegam
534 2402 687 2485 creavit),
716 2404 792 2469 iam
821 2404 887 2468 diu
915 2404 1086 2489 cupidus
1114 2424 1233 2488 prov,

83 2517 149 2579 cet.
193 2510 363 2597 [Senserat
385 2511 589 2578 difficultatis
612 2519 740 2597 partem
764 2509 959 2595 Creverius.]

173 2617 252 2705 Gap.
280 2624 386 2698 18,1:
418 2620 564 2686 Hostes
587 2620 752 2703 (Ligures)
781 2657 824 2667 —
852 2621 950 2686 duos
972 2628 1145 2699 montes,
1168 2619 1235 2683 Le-

69 2715 169 2796 tum
201 2736 239 2793 et
272 2727 492 2794 Ballistam
527 2728 587 2810 (sic
610 2728 661 2794 bis
690 2728 776 2811 cod.)
811 2737 1008 2815 ceperunt
1040 2728 1235 2810 muroque

69 2837 172 2923 (cod.
207 2836 436 2919 murosque)
470 2838 638 2920 insuper
671 2836 855 2921 amplexi.
907 2836 977 2902 Hoc
1010 2834 1142 2919 quidem
1175 2855 1235 2918 pro

64 2924 264 3029 amplexi
299 2951 392 3008 sunt
425 2945 531 3030 accipi
569 2967 634 3009 non
667 2965 763 3028 posse
797 2945 1010 3029 (oeperunt
1043 2963 1235 3025 muroque

62 3052 286 3137 amplexi),
308 3051 359 3116 rel
381 3051 669 3118 Drakenborchius
688 3053 790 3118 sensit
812 3052 889 3134 (rid.
914 3051 957 3116 ad
978 3051 1064 3130 XXI,
1087 3054 1137 3130 25,
1161 3055 1179 3115 9
1202 3072 1235 3134 p.

58 3163 173 3240 5214).
229 3160 344 3243 Itaque
383 3167 441 3225 aut
473 3181 584 3225 ,muro
617 3162 784 3243 insuper
818 3168 875 3225 aut
907 3179 1016 3225 muro
1044 3158 1237 3240 fossaque

52 3266 257 3351 insuper
278 3267 485 3333 scribendum
508 3268 603 3351 est.¹)

111 3504 137 3574 ¹)
155 3504 212 3572 Ea,
232 3523 293 3574 quae
313 3503 328 3574 ἓ
346 3508 363 3560 8
381 3504 416 3558 de
433 3506 503 3559 vitio
521 3506 551 3560 in
569 3507 719 3561 sortitione
739 3506 815 3562 facto
833 3505 998 3572 traduntur,
1020 3522 1054 3559 eo
1079 3501 1238 3558 difficiliora

155 3595 222 3645 sunt
240 3590 276 3644 ad
294 3590 500 3661 corrigendum,
520 3591 595 3660 quod
614 3598 641 3646 et
658 3610 703 3647 res
724 3593 871 3662 ignoratur
893 3597 921 3645 et
944 3591 1076 3645 librarius
1103 3607 1161 3644 non
1180 3607 1236 3644 uno

158 3675 244 3729 modo
262 3676 405 3730 aberrasse
423 3677 545 3731 videtur.
582 3676 686 3732 Forma
703 3677 758 3731 loci
775 3677 836 3731 haeo
855 3676 940 3730 fuisse
957 3677 1082 3731 ridetur:
1110 3674 1145 3728 id
1162 3674 1237 3728 vitii

156 3760 245 3828 (viti)
273 3759 403 3815 factum
425 3771 546 3831 postea
569 3780 717 3832 augures
745 3762 1008 3833 responderunt,
1031 3761 1119 3830 quod
1143 3765 1238 3815 sorta

155 3847 190 3901 in
209 3846 328 3899 sitella
346 3846 381 3900 in
398 3849 563 3917 templum
591 3848 794 3906 illataforis
817 3847 892 3916 ipse
909 3848 1109 3914 mansisset,
1138 3862 1239 3914 quum

156 3931 320 4001 templum
338 3932 475 4000 ingredi
494 3942 525 3986 et
542 3934 655 4002 ipsum
675 3937 864 4003 oporteret.
893 3932 939 3986 Ad
955 3932 1043 3986 ioris
1062 3931 1174 3985 aliunde
1188 3929 1237 3983 ad·

157 4018 246 4071 ditum
265 4021 334 4086 puto
354 4021 453 4070 extra
476 4017 649 4086 templum.
685 4018 779 4071 Vitio
804 4021 915 4071 creatur
938 4017 1047 4083 consul,
1066 4016 1162 4070 sedin
1182 4033 1239 4070 cre·

158 4102 232 4156 ando
251 4101 366 4155 consule
385 4101 519 4169 vitium,
537 4101 601 4157 hoc
621 4109 669 4158 aut
687 4102 777 4157 illud
803 4103 885 4155 vitii
902 4101 953 4155 111.
988 4101 1032 4155 Ex
1049 4101 1157 4155 Manli
1179 4100 1237 4154 fac·

157 4192 217 4241 tum
235 4192 277 4241 est
295 4187 423 4241 Manlio
446 4188 476 4241 in
500 4187 597 4243 codice
616 4206 637 4242 c.
660 4192 699 4256 10,
717 4192 733 4243 6
752 4188 877 4256 (fugam
900 4205 915 4241 e
937 4187 1063 4241 caetris
1086 4183 1238 4252 Manlio).

158 4270 312 4342 [Scriptum
344 4273 428 4326 etiam
461 4272 547 4326 fuisse
573 4278 681 4344 potest:
712 4273 802 4328 ioris
834 4274 907 4343 ipse
939 4276 1112 4343 oppertus
1139 4274 1238 4325 esset

157 4356 315 4425 (Gitlbauer
332 4375 358 4426 p.
380 4360 428 4411 102
447 4358 551 4412 oblitus
569 4365 619 4427 est,
639 4365 702 4413 exta
719 4360 748 4413 in
768 4350 888 4414 sitellam
905 4376 963 4413 non
980 4358 1084 4425 inferri,
1103 4356 1153 4411 sed
1170 4373 1238 4411 con·

960 4461 1010 4515 89*
