2994 5108
633 450 693 512 321
1057 464 1119 519 nse.
1138 464 1239 520 xxm.

80 639 167 700 tuna
200 635 331 698 sineret.
388 633 529 716 [Ibidem
562 654 624 718 pro
651 635 729 700 iam
756 634 898 702 fortasse
921 634 1128 701 scribendum
1150 644 1239 717 tam,

82 740 343 808 Forohhammer
365 742 608 807 animadvertit.
655 742 797 826 1862.]¹)

127 884 133 893 ·
171 846 251 932 Cap.
282 853 338 927 25,
369 854 402 913 3:
444 856 526 914 tum
563 850 617 915 Ti.
646 850 907 934 Sempronius
934 886 978 896 —
1005 857 1143 934 patres
1177 861 1239 917 est

79 957 349 1037 adhortatus,
388 978 451 1033 ue,
492 959 560 1041 qui
593 957 794 1025 Cannensi
827 959 952 1022 ruinae
986 980 1061 1024 non
1095 979 1239 1025 sueon-

83 1064 292 1144 hnissent,
326 1065 373 1130 ad
402 1067 577 1130 minores
606 1065 867 1132 calamitates
896 1066 1050 1133 animos
1073 1067 1239 1137 submit·

78 1179 240 1252 terent3
279 1173 386 1257 quod
426 1174 473 1238 ad
507 1172 872 1258 Carthaginienses
911 1174 1052 1240 hostes
1086 1175 1239 1240 Hanni·

81 1279 298 1365 balemque
327 1282 543 1360 attineret,
577 1303 777 1366 prospera
806 1281 920 1348 modo
950 1291 1098 1361 essent,
1133 1283 1239 1348 siout

80 1396 272 1473 speraret
303 1388 459 1467 futura,
494 1388 699 1454 Gallicum
732 1390 881 1455 bellum
915 1396 955 1455 et
984 1391 1121 1455 omitti
1149 1396 1238 1456 tute

79 1504 123 1562 et
151 1495 319 1563 differri
347 1519 479 1582 posse.
529 1497 603 1562 Non
631 1505 710 1581 puto
740 1506 828 1563 reete
851 1497 930 1576 dici,
959 1498 1050 1564 nullo
1073 1498 1237 1564 subiecto:

82 1621 283 1690 prospera
317 1611 426 1684 sunt,
459 1605 564 1687 quod
597 1605 646 1670 ad
674 1604 1035 1689 Carthaginienses
1068 1607 1238 1681 attinet,

82 1735 141 1799 pro
165 1734 222 1795 eo,
254 1713 345 1797 quod
372 1720 424 1779 est
452 1734 753 1797 prosperam,
789 1735 985 1797 prospera
1008 1714 1156 1793 omnia3
1189 1716 1238 1798 ip·

81 1841 220 1906 sumque
249 1821 347 1886 illud:
382 1820 486 1905 quod
515 1820 565 1886 ad
588 1819 721 1886 Carth.
744 1821 775 1885 h.
800 1822 1152 1904 Hannibalemque
1176 1830 1238 1887 at-

82 1931 251 2009 tineret,
292 1931 321 1995 si
361 1929 513 1995 absolute
553 1936 587 1995 et
627 1938 720 1994 extra
753 1929 889 2015 reliquas
924 1931 1084 1996 orationis
1118 1951 1237 1995 nexum

82 2039 221 2122 ponitur,
245 2037 373 2102 videtur
396 2039 561 2121 pertinere
585 2037 765 2117 adomnia,
788 2059 861 2120 quae
878 2047 1071 2122 sequuntur,
1094 2039 1234 2104 maxime
1253 2058 1324 2128 (264)

82 2145 124 2211 ad
146 2146 309 2231 apodosin
331 2144 548 2227 (Gallicum
571 2145 720 2211 bellum
741 2181 785 2189 -
807 2146 948 2229 posse),
978 2147 1143 2212 sententia
1165 2167 1238 2231 per·

81 2274 184 2320 versa.
223 2253 342 2338 Itaque
365 2253 490 2335 dubito,
514 2274 555 2318 an
579 2253 790 2318 scribendum
813 2254 872 2319 sit:
897 2275 980 2338 quae
1003 2254 1052 2321 ad
1071 2252 1238 2320 Cartha-

76 2362 289 2446 ginienses
319 2361 461 2427 hostes
490 2361 839 2446 Hannibalemque
869 2365 1116 2441 attinerent,
1145 2384 1238 2447 pro·

77 2492 201 2556 spera
224 2470 337 2535 modo
360 2476 506 2548 essent,
531 2468 732 2535 Gallicum
755 2479 816 2535 cet.
869 2470 935 2554 [Ita
956 2480 1046 2538 reete
1069 2472 1236 2538 contraria

82 2586 350 2665 ponunturque
368 2578 416 2642 ad
433 2576 798 2659 Carthaginienses
816 2580 1046 2646 attinerent
1064 2588 1097 2646 et
1111 2579 1235 2645 Galli-

77 2708 167 2753 oum
190 2685 364 2769 bellum]
395 2686 503 2751 Facile
527 2686 684 2751 substitui
706 2692 840 2770 poterat
862 2688 1014 2754 usitatior
1030 2687 1146 2767 forma,
1170 2709 1237 2772 qua

76 2794 234 2862 absolute
270 2794 405 2860 dieitur:
448 2793 555 2878 quod
595 2793 658 2875 (ad
697 2789 770 2860 hoe
810 2803 879 2861 aut
916 2795 1033 2876 illud)
1074 2797 1235 2861 attinet.

81 2902 187 2969 Paulo
216 2908 291 2986 post
314 2900 345 2985 (ἕ
369 2902 402 2982 6)
426 2902 549 2967 editur:
584 2922 671 2979 nee,
706 2903 811 2968 unde
845 2904 1085 2969 consulares
1119 2922 1236 2967 exer·

79 3012 187 3078 citus
221 3013 326 3076 satis
359 3009 468 3074 firmi
502 3009 550 3074 ad
583 3015 740 3075 tantum
773 3010 923 3076 bellum
951 3010 1236 3087 efficerentur,

80 3119 270 3186 inibatur
302 3119 421 3184 ratio.
477 3118 526 3182 Ex
562 3117 624 3183 boo
658 3117 729 3182 fieri
758 3118 909 3183 debuisse
937 3119 1079 3197 videtur,
1114 3124 1152 3183 ut
1180 3124 1237 3182 aut

79 3229 256 3313 praetorios
295 3248 354 3310 pro
395 3225 624 3291 consularibus
664 3233 723 3290 aut
762 3227 954 3291 consulares
986 3229 1093 3291 miuus
1125 3225 1238 3290 firmos

78 3335 278 3404 seriberent.
336 3333 401 3398 Sed
437 3333 527 3398 aliud
557 3334 668 3398 Livius
702 3341 831 3410 narrat,
866 3335 976 3400 Gallia
1010 3335 1147 3412 omissa,
1181 3336 1238 3398 uui

111 3608 135 3673 ι1
153 3605 243 3674 Quam
268 3607 304 3661 de
326 3623 387 3675 cap.
410 3608 459 3671 22,
485 3606 713 3661 beonieeturam
737 3604 859 3659 feceram
882 3606 983 3670 (binis
1006 3607 1239 3671 senatoribus,

153 3691 283 3761 quibus
315 3691 391 3758 eet),
425 3707 486 3744 eam
517 3690 761 3745 Weissenbornius
788 3708 806 3743 a
831 3691 931 3744 Vossio
965 3699 1105 3761 sumptam
1137 3692 1240 3760 posuit.

152 3776 299 3846 Fugerent
316 3794 360 3830 me
377 3776 434 3830 illoe
453 3776 546 3830 Vossii
566 3774 783 3829 emendationes.
826 3774 893 3844 [Sed
911 3776 994 3830 simul
1011 3792 1063 3844 pro
1082 3781 1188 3843 atque
1205 3777 1241 3830 in

157 3862 419 3917 demortuorum
451 3861 565 3915 locum
591 3861 625 3914 iu
652 3864 806 3915 senatum
836 3862 1038 3930 legerentur
1064 3860 1241 3914 scribendum

153 3948 307 4018 ‚geminatis
326 3947 433 4001 duabus
452 3947 564 4001 litteris:
584 3951 685 4014 atque
704 3948 731 3998 et
750 3947 784 4000 in
803 3952 856 4001 eet.
892 3946 957 4000 Non
973 3949 1069 4015 potest
1085 3952 1242 4014 pronomen

159 4034 189 4087 in
207 4033 391 4087 conversione
410 4033 558 4086 sententiae
577 4036 606 4086 et
624 4036 773 4086 structurae
793 4032 897 4086 abesse.
936 4029 1019 4098 1862]
1055 4029 1164 4084 Eodem
1180 4047 1241 4099 cap.

155 4115 212 4187 §8
233 4118 323 4172 miror
348 4122 457 4172 aetum
485 4116 610 4186 praeferri
637 4119 800 4172 certissimae
825 4116 959 4171 Gronovii
982 4116 1153 4170 coniecturae
1175 4116 1252 4168 iac·¹

160 4208 228 4256 tum
247 4202 339 4270 (codd
359 4202 508 4268 tactum).
549 4201 632 4257 Nulla
655 4203 713 4256 eius
731 4204 771 4256 rei
790 4202 881 4256 fuerat
899 4203 986 4267 actio,
1012 4200 1062 4255 sed
1080 4201 1185 4255 mentio
1204 4201 1244 4255 in·

156 4288 341 4343 considerate
359 4290 440 4344 iacta

983 4391 1013 4441 21
