2994 5108
743 471 806 533 250

197 657 233 722 Β.
263 655 441 722 Rhenanus
469 657 503 721 in
533 656 676 722 editione
704 656 914 722 Frobeniana
942 677 971 722 a.
998 661 1080 723 1535
1107 679 1184 724 usus
1214 665 1264 724 est
1288 680 1352 744 pro

133 744 135 748 ὗ
196 766 284 831 illius
317 767 424 831 aetatis
457 765 591 832 modulo
627 764 864 850 perdiligenter
897 765 1067 850 multaque
1101 787 1141 831 ex
1175 788 1213 832 eo
1248 768 1354 833 nomi-

197 875 301 940 natim
340 874 402 957 (ita
435 881 472 940 ut
505 875 606 940 etiam
639 897 705 940 non
738 895 814 939 raro
849 894 870 938 a
903 874 1026 939 codicis
1059 876 1225 960 scriptura
1258 897 1355 941 suam

198 985 420 1049 coniecturam
442 983 518 1048 inde
542 983 676 1049 ductam
698 981 891 1067 separaret),
920 982 1078 1048 nonnulla
1101 985 1229 1050 minora
1250 987 1354 1051 tacite

198 1092 398 1173 emendavit3
427 1100 527 1175 atque
556 1113 669 1157 earum
693 1091 958 1157 emendationum
980 1092 1152 1175 permulta
1175 1072 1355 1178 aut⁸plane

198 1223 271 1266 cum
295 1201 408 1266 codice
430 1200 611 1280 Puteaneo,
640 1201 758 1266 ceteris
788 1199 956 1266 codicibus
979 1198 1246 1283 deflectentibus,
1276 1225 1354 1269 con·

198 1311 345 1376 sentiunt
372 1315 430 1374 aut
457 1309 604 1394 proxime
634 1308 797 1374 accedunt
824 1306 876 1389 (ut
903 1307 1024 1388 XXVI,
1061 1315 1116 1391 51,
1151 1315 1170 1375 7
1198 1333 1239 1377 ex
1267 1312 1354 1397 Spir.

196 1417 362 1503 profertur
385 1417 587 1483 acuebant
609 1416 706 1483 urbs
728 1417 826 1500 ipsa,
851 1436 869 1480 e
890 1416 916 1479 P
939 1416 1062 1484 litteris
1086 1418 1262 1500 distractis,
1285 1442 1354 1486 una

196 1532 326 1593 tantum
354 1527 452 1592 aliter
480 1528 621 1610 scripta,
657 1524 1111 1611 acuebanturpsipsa),
1145 1528 1218 1593 aliae
1241 1536 1354 1594 autem

195 1637 245 1701 ita
278 1657 299 1700 a
331 1634 495 1701 Puteaneo
530 1635 733 1719 discrepant,
768 1640 819 1713 ut,
853 1654 924 1715 quae
959 1635 1090 1718 quidem
1124 1636 1223 1720 paulo
1256 1646 1354 1704 nota·

195 1744 331 1810 biliores
354 1749 445 1823 sunt,
481 1745 698 1808 certissimam
731 1742 878 1808 babeant
910 1743 1053 1826 propriae
1087 1765 1126 1809 ex
1161 1745 1226 1810 alio
1260 1745 1354 1812 fonte

198 1853 348 1935 originis,
383 1873 469 1936 saepe
493 1853 594 1916 etiam
616 1858 674 1916 aut
696 1853 799 1935 ipsius
822 1851 971 1915 veritatis
994 1859 1053 1916 aut
1073 1854 1287 1936 vestigiorum
1310 1855 1355 1921 ad

200 1983 270 2026 eam
299 1961 485 2026 ducentium
515 1966 627 2026 notem
656 1958 758 2042 (velut
785 1958 906 2037 XXVI,
936 1964 993 2040 48,
1023 1964 1042 2024 7
1070 1962 1104 2025 in
1133 1961 1154 2028 S
1178 1969 1251 2028 erat
1271 1963 1356 2029 Lae-

196 2071 357 2153 liusque
380 2075 517 2134 tectus
540 2068 700 2147 classis,
724 2089 764 2132 ex
787 2089 851 2152 quo
875 2067 921 2148 fit,
945 2069 1032 2152 quod
1055 2069 1131 2134 inde
1154 2070 1354 2139 aRhenano

196 2179 319 2244 editur:
343 2178 497 2255 Laelius,
521 2177 740 2260 praefectus
759 2175 918 2256 classis,
941 2176 1174 2243 inPLaelius
1192 2179 1354 2263 classis,

196 2287 263 2353 ibd.
289 2290 338 2366 51,
361 2290 381 2350 8
404 2287 437 2350 in
462 2284 483 2350 S
507 2285 583 2350 dux
607 2290 763 2362 cuncta,
786 2285 821 2348 in
843 2284 869 2349 P
892 2285 1048 2351 mendose
1072 2284 1171 2352 data
1193 2295 1353 2370 cuncta,

196 2394 328 2474 XXVII,
354 2398 401 2473 13,
426 2398 444 2457 9
464 2393 497 2458 in
518 2393 539 2459 S
557 2393 761 2473 destituit,
784 2393 818 2458 in
836 2393 861 2457 P
879 2392 1056 2458 destitui
1078 2395 1216 2476 iussit3
1239 2419 1353 2463 verum

196 2525 266 2569 esse
290 2502 396 2568 solum
419 2501 601 2580 destitui,
626 2500 714 2584 quod
734 2499 919 2566 Gronovius
941 2503 1157 2585 intellexerat,
1181 2505 1356 2574 confirmat

195 2612 267 2677 cod.
282 2611 514 2695 palimpsestus
526 2609 746 2689 laurinensis
765 2609 804 2674 de
822 2631 887 2693 quo
904 2611 1016 2676 statim
1034 2611 1177 2692 dicetur3
1201 2633 1228 2678 c.
1243 2618 1292 2694 17,
1314 2621 1352 2680 11

194 2720 227 2785 in
258 2719 279 2784 S
309 2739 485 2783 amorem
514 2717 731 2795 hominum,
766 2717 828 2782 boc
856 2725 908 2784 est
935 2741 1083 2785 morem
1111 2720 1227 2802 hom,
1263 2723 1297 2788 in
1326 2724 1354 2788 P

196 2850 337 2893 nomen
377 2828 594 2906 hominum,
634 2825 794 2891 vocabulo
834 2848 935 2912 prave
975 2850 1013 2892 ex
1051 2830 1220 2913 superiore
1258 2853 1358 2898 versu

133 2989 144 3017 ,
194 2937 345 3020 repetito,
369 2957 395 2999 c.
421 2940 476 3014 20,
511 2937 587 3000 sin
609 2935 630 3000 S
655 2941 814 3018 captum
836 2942 927 3001 astu
951 2939 1092 3020 magis,
1128 2939 1161 3001 in
1184 2937 1209 3002 P
1233 2947 1357 3024 captu

194 3045 337 3126 magis,
367 3045 485 3109 omisso
509 3043 669 3108 vocabulo
692 3044 832 3123 rariore,
863 3066 922 3127 pro
948 3068 1011 3128 quo
1035 3047 1069 3110 in
1093 3047 1188 3111 codd.
1212 3050 1357 3114 recenti-

197 3152 307 3217 oribus
329 3152 516 3236 suppletum
540 3158 589 3217 est
612 3152 784 3234 ingenio,
809 3173 835 3215 c.
861 3157 912 3231 47,
936 3157 954 3216 3
974 3155 1008 3218 in
1027 3153 1047 3219 S
1067 3155 1190 3221 duces
1214 3178 1357 3240 parum

196 3260 359 3324 intente
383 3261 595 3337 asservati,
624 3261 657 3323 in
680 3259 705 3322 P
729 3260 850 3325 duces
879 3281 1019 3344 parum
1041 3264 1127 3328 inte
1151 3265 1356 3348 adservat,

196 3367 344 3446 XXVIII,
375 3373 403 3447 5,
428 3373 446 3432 9
470 3370 504 3433 in
528 3367 549 3432 S
572 3390 637 3433 res
661 3369 825 3448 sineret,
853 3370 886 3433 in
910 3369 935 3433 P
959 3370 1115 3437 mendose
1137 3374 1357 3455 resideret,

195 3496 222 3539 c.
256 3479 310 3553 13,
347 3481 385 3539 10
414 3477 447 3539 in
476 3476 496 3541 S
527 3499 728 3559 nunquam
764 3478 920 3561 proelio
957 3480 1063 3563 quod
1091 3480 1358 3566 insequentis

197 3582 298 3662 dies,
340 3605 379 3648 ex
422 3606 485 3668 quo
519 3593 610 3650 recte
643 3585 819 3651 Rhenanus
853 3609 1052 3671 nunquam
1085 3611 1158 3673 per
1191 3590 1360 3674 aliquot

194 3690 456 3775 insequentes
491 3693 592 3772 dies,
622 3694 654 3757 in
677 3694 702 3757 P
725 3694 977 3777 aliquotiens
1008 3700 1226 3782 sequentis
1255 3699 1357 3782 dics,

196 3800 317 3864 omisso
346 3821 562 3883 nunquam,
596 3811 797 3886 quapropter
824 3805 858 3869 in
888 3804 1087 3871 editionibus
1117 3815 1193 3892 post
1220 3807 1361 3875 additur

196 3906 296 3989 non).
351 3909 399 3973 Ac
427 3908 569 3975 feliciter
597 3911 734 3991 accidit,
769 3920 806 3977 ut
834 3913 951 3978 saltem
973 3915 1007 3978 in
1031 3915 1122 3980 brevi
1146 3917 1256 4000 aliquo
1279 3917 1359 3985 loco

196 4023 358 4099 perpetua
396 4020 567 4101 utriusque
607 4019 729 4084 codicis
768 4025 971 4105 comparatio
1013 4023 1083 4089 fieri
1117 4025 1237 4108 possit;
1277 4046 1361 4093 nam

197 4124 321 4189 codicis
345 4125 522 4208 Spirensis,
553 4129 608 4208 qui
631 4128 763 4212 quando
787 4152 891 4213 quove
915 4151 991 4195 casu
1015 4131 1232 4213 interciderit,
1263 4135 1362 4218 igno·

195 4238 303 4310 ratur,
339 4254 440 4297 unum
479 4233 607 4314 folium,
644 4235 730 4317 quod
766 4236 844 4301 libri
872 4237 1011 4303 XXVIII
1046 4241 1245 4323 particulam
1276 4264 1298 4309 a
1328 4266 1359 4311 c.

198 4341 253 4419 39,
290 4343 327 4404 16
363 4341 405 4404 ad
440 4361 467 4405 c.
497 4347 552 4421 41,
589 4347 625 4405 12
662 4346 821 4425 continet,
856 4352 932 4412 ante
966 4368 1091 4431 paucos
1127 4371 1232 4417 annos
1269 4373 1291 4417 a
1321 4351 1360 4420 C.
