2994 5108
767 482 829 543 248

222 665 294 749 (ubi
317 687 417 748 error,
440 667 605 751 geminato
628 688 653 747 s,
676 667 785 752 coepit
808 687 828 731 a
850 667 1004 732 mianas
1026 667 1061 732 in
1082 667 1213 732 minas
1235 671 1378 748 mutato,

222 773 339 841 deinde
368 776 443 856 iam,
472 776 731 860 interpolatione
766 773 810 840 ad
840 795 986 840 errorem
1013 774 1209 855 accedente,
1242 795 1283 839 ex
1310 773 1380 841 for

220 883 344 949 factum
376 890 426 950 est
459 882 649 966 fortuna),
679 890 712 950 et
739 884 845 949 minus
875 884 1007 964 mirum,
1041 881 1130 968 quod
1158 887 1269 948 tamen
1296 881 1380 948 hac·

220 999 316 1058 tenus
337 992 464 1073 fefellit,
486 991 596 1073 XXII,
626 996 680 1072 14,
712 997 751 1056 14
782 992 935 1056 armari
957 1013 1017 1076 pro
1041 1011 1163 1072 arma,
1192 995 1226 1055 et
1247 991 1380 1056 maiora.

221 1099 481 1184 difficilioraque,
510 1123 582 1186 quae
604 1100 662 1166 lib.
685 1100 801 1181 XXIV,
828 1104 880 1181 45,
911 1105 929 1165 3
953 1107 987 1166 et
1009 1105 1029 1164 4
1052 1097 1232 1165 emendabo
1256 1097 1379 1183 (polli

220 1209 294 1273 VII
327 1209 453 1275 uirali
488 1208 642 1274 iudicio
676 1231 752 1293 pro:
786 1208 1054 1293 polliceatur,
1090 1206 1257 1272 aliunde
1286 1206 1376 1289 cet),

221 1318 351 1402 aliaque
385 1317 563 1403 permulta,
597 1316 746 1401 quaedam
779 1318 880 1383 etiam
912 1338 999 1382 nuuc
1028 1315 1293 1383 emendationem
1321 1337 1381 1382 ex·

220 1427 414 1510 spectantia.
476 1425 540 1492 Sed
573 1427 652 1491 satis
685 1433 750 1506 551,
785 1427 917 1510 opinor,
951 1426 1020 1491 haec
1053 1426 1204 1491 universe
1238 1424 1376 1490 demon·

220 1541 349 1600 strasse.
409 1535 472 1600 Illa
509 1540 620 1601 tamen
659 1535 821 1600 addenda.
875 1534 1059 1600 Verborum
1097 1533 1377 1617 transpositiones

219 1643 395 1710 manifesto
435 1665 552 1727 pravas
590 1644 625 1708 in
663 1642 775 1709 codice
813 1643 839 1707 P
876 1642 974 1726 longe
1013 1642 1255 1726 frequentiores
1295 1662 1379 1723 esse,

222 1773 322 1835 quam
360 1752 394 1816 in
428 1753 541 1838 primae
575 1750 708 1817 decadis
741 1750 918 1835 archetypo
952 1751 1090 1833 fuerint,
1129 1749 1302 1816 ostendam
1335 1748 1380 1816 ad

135 1872 205 1942 (208)
224 1859 339 1941 XXH,
361 1864 391 1941 2,
416 1865 444 1925 6.
500 1859 538 1924 11
561 1882 626 1925 uno
650 1861 814 1944 praecipue
842 1881 963 1943 genere
986 1859 1220 1944 perneglegens
1242 1864 1302 1924 aut
1323 1878 1382 1924 co·

220 1968 302 2034 dicis
324 1968 350 2034 P
372 1968 528 2034 librarius
556 1974 615 2033 aut
642 1969 727 2048 eius,
762 1990 859 2053 quem
888 1975 1019 2034 secutus
1049 1975 1114 2048 est,
1149 1967 1273 2034 codicis
1300 1967 1374 2048 fuit,

217 2078 252 2142 in
273 2077 382 2143 verbis
404 2077 541 2159 singulis
563 2075 755 2161 pluribusve
783 2077 987 2156 omittendis,
1017 2094 1156 2161 quarum
1178 2076 1378 2142 lacunarum

219 2186 301 2251 alias
335 2186 370 2250 in
402 2185 639 2269 posterioribus
667 2184 761 2251 libris
796 2185 899 2251 codex
927 2181 1090 2270 Spirensis
1119 2191 1211 2251 certo
1243 2184 1382 2270 supple·

218 2300 338 2375 mento,
367 2294 450 2359 alias
471 2295 506 2372 ii,
529 2315 668 2378 quorum
691 2295 912 2360 correctiones
935 2316 994 2378 per
1015 2295 1216 2360 recentiores
1240 2292 1377 2360 codices

218 2409 448 2486 pervagantur,
470 2424 536 2467 non
557 2403 675 2468 inscite
698 2402 920 2487 expleverunt.
965 2402 1060 2468 Hanc
1081 2403 1242 2468 Puteanei
1264 2402 1378 2469 labem

220 2533 321 2595 quum
344 2510 527 2577 Gronovius
554 2531 619 2575 non
647 2511 728 2576 satis
756 2512 990 2595 perspexisset,
1024 2532 1090 2576 non
1112 2532 1188 2578 raro
1211 2510 1381 2578 inutiliter

218 2620 385 2702 ingenium
406 2620 513 2685 torsit.
566 2618 749 2699 Creverius,
779 2641 879 2702 quum
909 2640 982 2684 sero
1006 2620 1179 2685 attendere
1203 2620 1382 2704 coepisset,

220 2727 263 2791 ad
285 2727 402 2807 XXIX,
428 2733 456 2808 9,
481 2731 499 2791 5
523 2728 663 2812 scripsit,
693 2727 736 2792 ad
758 2727 862 2794 libros
884 2727 1024 2792 XXVIII
1048 2735 1081 2792 et
1102 2727 1212 2792 XXIX
1235 2727 1384 2794 maxime

219 2836 253 2900 id
276 2837 458 2919 pertinere3
481 2837 595 2901 sedin
618 2837 768 2902 omnibus
791 2837 963 2920 aequaliter
984 2836 1077 2901 libris
1100 2858 1174 2901 eam
1197 2835 1377 2918 neglegen-

218 2945 299 3008 tiam
322 2943 531 3027 deprehendi,
556 2945 732 3011 ostendent
752 2944 822 3009 haeo
845 2967 885 3010 51
908 2966 972 3009 uno
991 2945 1076 3009 libro
1096 2945 1188 3009 XXII
1207 2945 1382 3029 exemplar

221 3073 246 3116 o.
272 3058 300 3132 3,
323 3058 357 3133 9;
390 3058 437 3133 15,
461 3057 494 3133 5,
525 3057 575 3134 21,
599 3058 632 3134 73
662 3057 792 3133 31,11;
822 3057 872 3133 36,
896 3060 931 3133 43
962 3056 1012 3132 39,
1036 3057 1093 3132 21;
1123 3057 1173 3132 54,
1197 3057 1233 3132 7;
1263 3057 1380 3134 56,1;

222 3164 271 3240 57,
302 3166 334 3241 1;
365 3166 416 3241 50,
448 3165 503 3241 19,
533 3167 582 3241 61,
608 3166 655 3241 10,
684 3181 821 3245 quaeque
845 3183 885 3226 ex
906 3160 997 3227 brevi
1021 3162 1128 3245 spatio
1152 3160 1229 3225 libri
1252 3160 1384 3226 XXVII

222 3268 265 3332 ad
288 3270 359 3334 51115
381 3269 457 3334 libri
486 3290 512 3333 o.
537 3274 571 3348 5,
601 3274 619 3333 6
644 3268 774 3351 collegi;
803 3290 908 3351 neque
932 3291 973 3335 ea
995 3291 1049 3334 res
1072 3268 1382 3335 Weissenbornium

220 3375 346 3441 fefellit.
381 3378 585 3458 Quamquam
607 3399 671 3442 uno
696 3383 728 3441 et
751 3376 856 3442 altero
880 3379 953 3443 loco
977 3379 1141 3462 particula
1163 3398 1240 3461 que
1256 3377 1385 3444 iniuria

221 3486 316 3548 unius
339 3506 379 3550 ex
402 3485 529 3550 duobus
551 3485 718 3551 vocabulis
736 3486 848 3551 omissi
866 3486 1086 3570 suspicionem
1103 3487 1219 3566 movit3
1242 3506 1322 3551 nam
1340 3507 1384 3553 aa

221 3592 385 3657 interdum
416 3592 588 3658 manifesto
617 3615 726 3659 errore
755 3594 872 3658 addita
895 3601 946 3659 est
968 3593 1085 3677 (XXII,
1114 3598 1165 3674 27,
1193 3599 1223 3675 4,
1253 3593 1381 3676 XXIII,

223 3704 263 3764 14
285 3706 384 3780 extr,
416 3701 520 3781 XXV,
548 3707 599 3781 40,
629 3706 658 3781 6,
687 3701 802 3783 XXVI,
835 3706 882 3782 17,
912 3708 946 3784 3;
974 3705 1087 3787 itaque
1117 3701 1218 3767 dubia
1244 3724 1301 3768 res
1329 3709 1384 3770 est

221 3809 321 3873 etiam
344 3808 459 3889 XXIV,
489 3814 539 3889 20,
570 3814 608 3873 13
631 3816 665 3876 et
688 3813 738 3889 24,
768 3816 796 3890 3,
825 3811 923 3891 XXV,
955 3816 1004 3892 14,
1035 3817 1112 3876 851
1137 3814 1185 3890 16,
1209 3814 1237 3891 3,
1261 3811 1384 3894 XXVI,

222 3920 250 3996 7,
274 3916 316 3999 6).
369 3917 489 3982 Verum
518 3924 637 4002 praeter
666 3917 725 3983 hos
755 3920 970 4003 neglegentia
998 3940 1125 3984 errores
1153 3939 1221 3984 non
1250 3919 1339 3986 afuit
1361 3940 1384 3986 a

221 4023 387 4090 Puteaneo
428 4026 502 4109 ipsa
541 4025 599 4091 illa
632 4027 860 4111 interpolatio,
901 4048 973 4111 quac
1014 4048 1151 4111 pravam
1191 4027 1381 4114 opinionem

151 4202 156 4213 ,
221 4137 336 4198 secuta
375 4134 556 4201 deliberato
598 4138 706 4200 auimo
747 4136 872 4219 scripta
906 4143 965 4200 aut
998 4135 1150 4201 addendo
1185 4143 1289 4220 suget
1322 4143 1384 4203 aut

221 4247 338 4306 mutat.
387 4242 622 4308 Additamento
650 4265 710 4325 ego
734 4245 868 4325 coargui
890 4243 1010 4323 XXIII,
1039 4249 1089 4323 37,
1120 4248 1169 4325 ll,
1197 4245 1300 4327 XXV,
1329 4250 1379 4326 31,

225 4352 260 4413 11
292 4355 325 4413 51
355 4353 412 4429 37,
443 4353 479 4414 11
511 4358 544 4415 51
574 4352 663 4436 (post
688 4351 941 4434 Alschefskium)
970 4352 1077 4434 XXX,
1112 4356 1168 4433 23,
1197 4359 1233 4434 4,
1262 4352 1378 4434 XXIV,
