2994 5108
701 473 762 534 453

156 659 189 717 et
217 653 321 736 (quod
347 673 448 727 nunc,
483 653 633 718 omnibus
665 654 807 720 minimis
841 677 901 740 per
927 655 1010 719 duos
1038 653 1142 718 libros
1172 650 1306 726 exactis,

156 762 276 826 certius
305 769 339 827 et
367 760 585 827 confidentius
615 761 688 826 (lico
717 783 816 844 quam
838 761 1026 826 Emendatt.
1051 784 1081 844 p.
1107 758 1182 839 366)
1210 757 1306 821 iniis

155 866 250 948 locis,
285 871 318 934 11
347 869 466 955 quibus
495 871 665 952 scripturae
690 869 731 933 ad
755 871 955 935 sententiam
978 873 1012 933 et
1035 866 1217 934 orationem
1239 864 1306 928 fere

156 996 246 1059 aeque
280 975 374 1042 bonae
404 983 545 1054 certent,
580 976 800 1060 praeferendas
834 999 908 1042 esse
936 975 1124 1057 Mcguntini
1157 973 1199 1038 ob
1229 990 1306 1035 auc·

156 1084 332 1148 toritatem.
388 1083 554 1148 Bonarum
582 1091 692 1149 autem
722 1084 849 1166 aliquot
877 1085 1130 1167 scripturarum,
1165 1099 1238 1162 quae
1266 1099 1307 1141 ex

157 1189 225 1255 solo
249 1190 275 1254 B
299 1196 442 1255 enotatae
465 1198 555 1271 sunt,
589 1191 773 1276 complures
802 1195 903 1256 etiam
932 1193 965 1254 11
989 1191 1021 1254 M
1045 1190 1158 1266 fuisse,
1193 1186 1249 1251 sed
1273 1186 1307 1248 in

156 1298 360 1382 excerpenda
382 1300 543 1363 uarietate
567 1301 723 1379 omissas,
757 1300 845 1380 quod
874 1320 987 1362 carum
1016 1297 1147 1361 bonitas
1169 1314 1235 1358 non
1257 1293 1306 1355 in·

157 1403 383 1488 tellegeretur,
419 1426 456 1470 eo
484 1406 621 1470 liberius
645 1405 786 1484 affirmo,
820 1405 908 1487 quod
931 1427 971 1469 ne
994 1406 1029 1468 in
1051 1404 1077 1468 B
1101 1402 1233 1486 quidem
1256 1420 1306 1463 re·

159 1518 258 1594 pertae
281 1514 395 1577 statim
418 1513 567 1596 probatae
591 1520 683 1592 sunt3
712 1513 801 1577 velut
823 1512 969 1591 XXXIV,
998 1516 1027 1589 2,
1058 1517 1093 1576 11
1120 1509 1220 1591 (sine
1243 1513 1306 1571 tu·

155 1624 242 1684 tore
276 1619 459 1700 auctore)
494 1627 528 1684 et
559 1625 611 1699 19,
645 1625 664 1684 8
695 1620 814 1702 (deni)
842 1621 1049 1703 Kreyssigius
1078 1618 1218 1703 primum
1240 1634 1306 1678 non

156 1725 306 1805 attendit,
329 1734 357 1805 4,
384 1731 422 1791 18
442 1728 681 1810 (exorabilis
705 1729 759 1810 cs)
777 1749 872 1793 nemo
897 1734 973 1791 ante
997 1748 1048 1790 me
1066 1726 1150 1807 (Em.
1164 1747 1195 1807 p.
1210 1721 1302 1799 396),

155 1831 207 1898 lib.
231 1832 411 1913 XXXVIII,
438 1839 484 1911 13,
508 1842 526 1898 4
552 1857 663 1900 rerum
686 1837 893 1920 Kreyssigius
916 1835 1068 1917 neglexit,
1094 1838 1141 1910 16,
1167 1836 1184 1894 3
1209 1829 1305 1911 (vec-

155 1940 318 2024 tigales)
348 1947 459 2022 0117,
489 1949 507 2007 6
531 1943 721 2025 (adsueti)
751 1966 862 2008 onmes
893 1949 968 2006 ante
995 1964 1046 2005 me
1070 1941 1154 2022 (Em.
1177 1962 1208 2022 p.
1231 1941 1304 2014 439,

156 2047 238 2130 440).
285 2049 382 2127 Quod
405 2058 516 2115 autem
539 2052 572 2115 11
595 2052 680 2117 libro
705 2051 845 2115 XXXIII
869 2051 903 2130 (a
927 2071 997 2133 cep.
1024 2048 1076 2129 17)
1099 2046 1303 2129 Moguutiuo,

155 2156 429 2239 quemadmodum
459 2158 591 2241 quidem
620 2159 673 2224 hic
700 2160 808 2223 lectus
839 2167 872 2222 et
901 2178 1075 2240 expressus
1099 2156 1156 2231 sit,
1189 2172 1304 2236 parem

154 2259 423 2346 Bambergenscm
452 2274 485 2329 ct
512 2287 603 2349 paene
633 2269 836 2349 superiorem
867 2288 937 2330 esse
961 2266 1028 2328 dini
1052 2264 1135 2345 (Em.
1159 2284 1191 2345 p.
1217 2258 1302 2338 365),

154 2369 303 2434 videntur
332 2394 409 2436 sane
433 2373 502 2437 Nic.
528 2371 729 2438 Carbachius
761 2383 794 2438 et
816 2375 864 2435 W.
889 2375 1072 2454 Augustae,
1106 2389 1205 2451 quum
1228 2386 1303 2449 par-

153 2481 214 2541 tem
251 2478 329 2542 libri
356 2478 497 2544 XXXIII
527 2502 543 2544 e
573 2484 686 2564 primis
720 2481 843 2546 codIcis
871 2480 903 2544 Ill
932 2480 1020 2544 foliis
1048 2480 1189 2544 fortasse
1218 2473 1303 2539 male

152 2580 272 2649 habitis
305 2585 449 2650 nondum
483 2588 525 2652 ad
560 2610 633 2651 eum
662 2589 834 2671 legendum
864 2589 1035 2652 exercitati
1063 2593 1096 2651 et
1123 2585 1214 2650 nulla
1243 2585 1303 2647 im·

153 2711 336 2772 pressorum
364 2693 522 2758 librorum
552 2698 798 2779 comparatione
827 2695 931 2759 adiuti
955 2695 1106 2772 ederent,
1140 2691 1304 2776 permulta

154 2798 234 2863 male
264 2799 384 2881 legisse
413 2808 446 2865 et
475 2803 601 2868 edendo
631 2806 817 2887 corrupisse
849 2804 899 2884 (ut
927 2804 1040 2867 statim
1063 2824 1088 2866 c.
1116 2805 1171 2879 17,
1201 2801 1302 2863 311-

153 2907 441 2990 expugnabilis
480 2933 540 2993 pro
581 2912 872 2996 expugnabilis
912 2908 1099 2990 ediderunt)
1138 2929 1197 2971 nec
1238 2908 1302 2970 Ge·

138 3010 255 3078 Ienius
285 3017 394 3080 omnia
416 3020 641 3100 correxisse.¹)
695 3019 758 3083 Sed
781 3019 1056 3101 Bambergensem
1078 3019 1110 3080 in
1134 3014 1301 3098 prioribus

128 3115 242 3186 libris
272 3123 482 3205 integriorem
511 3147 583 3191 esse
612 3128 715 3191 videri
745 3125 1301 3202 0100101111(101011101013010

137 3226 218 3293 <lixi
240 3231 308 3293 ium
332 3237 408 3295 ante
433 3232 516 3311 (Em.
541 3235 560 3297 1.
586 3233 639 3314 0.).
691 3235 734 3298 Et
756 3243 864 3298 tamen
889 3234 940 3297 hic
964 3254 1094 3316 quoque
1118 3252 1221 3295 vacua
1243 3227 1302 3292 illa

115 3338 257 3418 spatia
286 3345 376 3416 scint,
410 3340 499 3405 velut
521 3341 663 3405 XXXIII
692 3345 723 3406 in
754 3365 820 3405 uno
849 3341 1009 3424 capith
1038 3347 1196 3423 quattuor
1226 3335 1256 3419 (ζ)
1283 3341 1296 3399 1

105 3456 209 3524 luo
243 3453 300 3522 ut,
333 3443 350 3527 ξ
380 3450 398 3507 3
429 3469 489 3530 pro
528 3451 758 3533 irrumpunt
792 3458 825 3514 et
858 3471 917 3532 pro
952 3470 995 3512 ex
1029 3455 1145 3530 parte
1180 3453 1213 3511 et
1240 3467 1300 3528 pro

100 3551 348 3635 quinque).
404 3552 467 3618 Sed
497 3557 691 3621 ueniendum
719 3568 769 3621 est
797 3558 840 3621 ad
870 3556 1032 3640 duplicem
1060 3556 1167 3632 illam,
1202 3574 1300 3635 quam

18 3722 41 3734 ,
88 3661 397 3742 1irop0siturum
431 3683 481 3726 me
516 3664 597 3735 dixi,
633 3666 854 3747 exemplorum
889 3667 1014 3729 seriem.
1075 3664 1191 3746 Itaque
1224 3660 1299 3725 libr.

90 3748 286 3830 {lxxiv
309 3789 329 3831 a
352 3789 422 3852 cap.
447 3775 485 3832 41
510 3770 552 3834 ad
577 3777 616 3835 50
640 3772 689 3835 hae
713 3774 883 3856 scriptume
907 3797 923 3835 e
948 3772 1018 3835 solo
1040 3770 1073 3834 M
1096 3771 1202 3835 ductes
1226 3778 1301 3832 sunt

90 3919 375 3947 N*-

180 4032 202 4099 ²)
221 4032 392 4093 Garbachius
411 4041 470 4107 ipse
482 4046 589 4108 quanto
604 4058 687 4109 opere
702 4042 812 4109 legendi
829 4041 1022 4095 dllficultatem
1038 4045 1198 4108 exaggeret,
1217 4037 1294 4092 Gele-

217 4120 334 4188 niusquc
362 4124 430 4192 quid
457 4125 491 4177 de
514 4125 670 4180 Car-bachio
694 4135 722 4179 ct
739 4128 868 4196 Angusto
893 4133 1036 4194 queratur,
1063 4125 1240 4194 intellegitur
1263 4142 1298 4178 ex

215 4205 428 4344 pruzia-lgionibus
460 4211 598 4278 expressis
631 4211 706 4280 apud
732 4212 992 4266 Drakenborehium
1025 4212 1078 4263 vol.
1109 4209 1163 4264 VII
1191 4229 1218 4279 p.
1246 4209 1297 4262 268

218 4294 246 4342 et
317 4331 323 4343 .
