2994 5108
200 481 263 536 Lib.
282 481 328 537 IV.
749 472 810 533 116

203 656 390 735 subiicitur,
426 656 593 722 consulem
622 655 761 722 Cossum
792 657 827 721 in
860 657 1036 723 annalibus
1065 657 1205 742 septimo
1229 655 1361 722 demum

201 786 287 829 anno
305 773 381 848 post
396 764 496 830 fuisse
516 764 614 845 tradi,
633 785 731 850 quam
748 766 855 851 spolia
868 766 979 850 opima
989 765 1122 850 ceperit,
1141 786 1244 850 quum
1255 764 1362 849 spolia

202 875 312 957 opima
341 873 424 938 Livii
458 876 623 939 sententia
655 874 719 939 nisi
753 895 773 939 a
801 875 935 940 consule
971 875 1047 959 capi
1078 895 1144 940 non
1179 874 1359 958 potuerint.

201 981 327 1046 Deinde
366 981 531 1064 quomodo
570 984 599 1048 is
638 1004 744 1063 error,
785 984 972 1067 quicunque
1008 990 1072 1064 est,
1117 984 1157 1048 in
1191 1003 1235 1047 eo
1272 1001 1361 1047 esse

201 1090 326 1173 potest,
362 1090 451 1172 quod
487 1092 627 1174 septimo
662 1113 748 1157 anno
782 1097 859 1176 post
894 1091 1007 1157 consul
1040 1091 1185 1157 traditur
1213 1088 1358 1157 Cossus?

201 1198 287 1262 Nam
326 1200 361 1263 in
400 1198 463 1263 hac
496 1200 571 1282 ipsa
597 1221 633 1264 re
662 1221 755 1266 error
781 1221 854 1266 esse
882 1207 1006 1285 potest,
1045 1200 1105 1265 sed
1132 1199 1217 1266 alius
1245 1201 1359 1266 nescio

202 1307 295 1371 cuius
316 1308 364 1372 rei
389 1329 481 1372 error
503 1308 537 1372 in
560 1309 622 1373 hac
645 1330 718 1374 esse
741 1310 866 1391 nequit.
914 1306 994 1385 Quae
1017 1307 1136 1374 deinde
1158 1308 1229 1373 hac
1251 1310 1360 1375 oratio

201 1421 268 1480 est:
303 1416 337 1480 si
365 1415 431 1480 hic
459 1437 573 1482 error
601 1418 641 1481 in
670 1437 716 1482 ea
744 1437 784 1481 re
815 1418 883 1495 sit,
918 1418 1141 1482 communis
1170 1417 1360 1483 omnibus

202 1524 454 1590 existimatio
484 1526 568 1590 est?
603 1523 825 1608 Quisquamne
849 1524 975 1590 audivit
998 1526 1031 1590 si
1053 1525 1116 1590 hoc
1137 1524 1237 1591 modo
1258 1525 1361 1591 verbo

202 1634 410 1697 existimandi
438 1633 576 1698 similive
604 1634 638 1699 in
669 1635 927 1716 interrogatione
949 1633 1106 1717 pendenti
1129 1632 1361 1699 subiunctum‘?

201 1741 320 1806 Totam
362 1763 432 1807 rem
478 1743 690 1827 expediverat
729 1741 912 1808 Gronovius
950 1763 1018 1807 una
1056 1742 1170 1808 littera
1209 1742 1357 1807 sublata:

202 1848 299 1927 Quis
330 1872 375 1915 ea
403 1850 478 1934 (pro
502 1852 570 1934 qui
593 1851 626 1915 si
649 1851 708 1933 ea)
731 1851 770 1915 in
792 1871 834 1915 re
858 1852 913 1915 sit
935 1870 1062 1930 error,
1092 1850 1264 1934 quod-
1286 1850 1360 1916 ha·

200 1957 337 2038 beant,
373 1960 632 2025 existimatio
660 1959 883 2024 communis
911 1959 1096 2024 omnibus
1125 1965 1197 2024 est.
1253 1957 1361 2026 Caute

203 2067 314 2132 Livius
337 2067 411 2132 aliis
435 2067 688 2141 existimandum
710 2067 884 2149 relinquit,
919 2067 994 2149 quis
1017 2088 1110 2132 error
1133 2067 1178 2132 sit
1199 2066 1234 2131 in
1256 2088 1361 2134 anna·

201 2177 278 2240 lium
308 2176 488 2240 notationis
517 2175 742 2260 discrepantia
771 2197 792 2240 a
818 2183 1029 2240 monumento
1058 2174 1100 2240 ab
1129 2175 1280 2260 Augusto
1309 2178 1360 2242 in-

202 2290 316 2368 specto
340 2292 373 2347 et
395 2283 574 2367 spoliorum
597 2286 779 2366 opimorum
801 2283 919 2366 lege.¹)

133 2409 186 2474 (97)
291 2390 369 2475 Cap.
394 2395 449 2472 21,
479 2396 514 2455 6:
549 2391 826 2457 Pestilentior
854 2392 948 2457 inde
976 2413 1105 2457 annus
1136 2398 1360 2458 —tantum

201 2508 347 2564 metum
381 2501 602 2565 vastitatis
636 2502 676 2564 in
704 2501 803 2565 urbe
834 2501 1029 2583 agrisque
1056 2500 1175 2581 fecit,
1209 2508 1361 2567 utnon

201 2608 313 2673 modo
347 2608 555 2691 praedandi
585 2629 710 2674 causa
739 2609 952 2693 quisquam
981 2629 1026 2673 ex
1056 2629 1151 2692 agro
1180 2609 1360 2676 Romano

201 2738 276 2781 non
300 2717 432 2780 exiret
452 2752 496 2761 -—
517 2753 569 2796 -,
594 2717 663 2782 sed
685 2717 798 2782 ultro
821 2716 1051 2796 Fidenates
1076 2718 1144 2799 qui
1166 2738 1206 2783 se
1229 2719 1360 2803 primo

201 2832 271 2889 aut
310 2825 459 2908 oppido
500 2833 569 2890 aut
607 2825 812 2890 montibus
847 2831 918 2889 aut
951 2826 1079 2889 muris
1114 2831 1358 2907 tenuerant,

229 3071 250 3139 ¹)
268 3072 313 3124 Ad
339 3072 369 3125 id
396 3070 616 3135 defendendum,
649 3071 725 3140 quod
755 3071 811 3125 hoc
839 3072 932 3140 capite
960 3070 975 3139 ξ
1004 3072 1020 3123 7
1047 3071 1161 3139 legitur:
1194 3069 1264 3127 Hoc
1291 3090 1360 3143 ego

268 3174 365 3224 quum
382 3157 574 3224 Augustum
592 3155 758 3212 Caesarem
775 3175 863 3211 -se
885 3158 997 3225 ipsum
1019 3157 1053 3209 in
1075 3156 1222 3210 thorace
1245 3157 1361 3213 linteo

268 3243 436 3312 scriptum
463 3243 590 3311 legisse
617 3242 801 3309 audissem,
832 3243 859 3296 h.
887 3261 926 3309 e.,
960 3261 1000 3297 ex
1025 3243 1182 3311 Augusto
1212 3247 1262 3296 aut
1287 3244 1359 3298 Au·

269 3333 405 3395 gustum
424 3326 597 3381 dicentem
616 3330 801 3394 audissem,
825 3328 931 3382 alibro
950 3329 975 3395 1,
1002 3329 1041 3395 16,
1070 3327 1175 3380 anihil
1194 3330 1359 3397 argumenti

267 3413 327 3480 peti
344 3418 452 3480 potest;
471 3430 536 3465 nam
555 3413 657 3467 credo
677 3414 781 3468 alicui
800 3413 936 3482 aliquid
959 3430 1035 3467 esse
1053 3413 1108 3466 alio
1124 3420 1152 3466 et
1167 3419 1236 3467 noto
1253 3430 1360 3483 genere

269 3497 385 3564 dicitur3
412 3502 508 3564 potest
535 3515 568 3551 ex
595 3499 620 3566 1,
649 3501 694 3566 23,
721 3503 750 3553 7:
778 3500 925 3553 iniurias
948 3504 1034 3553 -et
1061 3514 1123 3568 ego
1150 3515 1267 3568 regem
1293 3517 1358 3554 no-

267 3588 374 3636 strum
388 3580 551 3637 Cluilium
570 3601 706 3639 causam
724 3585 866 3640 huiusce
885 3602 959 3638 esse
977 3583 1062 3638 belli
1081 3584 1219 3639 audisse
1232 3583 1361 3640 videor

268 3687 328 3722 nec
352 3673 385 3721 te
409 3667 530 3722 dubito
552 3697 586 3707 -
610 3670 726 3724 eadem
748 3688 818 3739 prae
842 3677 875 3724 te
897 3670 994 3724 serre.
1042 3668 1092 3738 [Et
1113 3685 1231 3739 prorsus
1256 3665 1359 3725 eodem

267 3754 351 3807 modo
381 3754 484 3808 audio
516 3755 666 3822 aliquem
693 3774 745 3824 pro
774 3776 819 3823 eo,
853 3757 930 3824 quod
963 3763 1006 3809 est
1037 3755 1212 3809 dicantem
1238 3754 1360 3824 audio,

268 3847 404 3908 sequente
426 3841 588 3895 accusativo
613 3858 676 3894 cum
700 3841 840 3894 infinitivo
864 3841 918 3909 (sc)
936 3840 1044 3893 Plinius
1070 3841 1167 3908 posuit
1184 3839 1275 3909 Epist.
1294 3839 1360 3907 VII,

267 3929 309 3993 24,
323 3930 351 3980 5:
372 3926 498 3980 Audivi
517 3927 633 3995 ipsam,
653 3945 753 3994 quum
771 3927 854 3979 mihi
873 3926 1128 3982 commendaret
1146 3926 1285 3994 nepotis
1304 3928 1359 3981 sui

268 4013 397 4080 studia,
429 4013 540 4067 solere
568 4012 811 4066 se...laxare
843 4013 991 4066 animum
1021 4011 1098 4065 lusu
1131 4010 1359 4080 calculorum,

268 4099 380 4152 solere
412 4103 571 4166 spectare
604 4099 832 4166 pantomimos
867 4115 959 4163 suos,
996 4097 1104 4151 Seneca
1134 4101 1229 4150 autem
1256 4096 1359 4153 rhetor

269 4182 397 4238 Controv.
417 4181 451 4250 ll,
479 4186 510 4235 13
529 4183 566 4250 (ὁ)
584 4200 611 4250 p.
633 4184 682 4235 175
699 4183 952 4252 Bip.(2041(iessl.)
972 4181 1100 4237 subiecta
1118 4181 1247 4234 oratione
1264 4188 1359 4238 recta:

268 4267 369 4335 Quam
405 4268 530 4321 multas
567 4272 692 4322 matres
729 4268 843 4323 audivi
881 4267 942 4320 illo
975 4272 1142 4337 tempore:
1187 4265 1358 4332 Quidnam

268 4354 372 4422 volui,
391 4369 463 4421 qnae
480 4353 625 4422 peperi?
645 4358 675 4407 et
692 4352 883 4421 Quintilianus
902 4352 977 4418 VIII,
996 4354 1021 4419 5,
1041 4349 1093 4420 2l.]
