3000 5116
185 444 250 498 Lib.
268 443 393 497 XXXIX.
736 432 798 492 560

189 614 271 679 nihil
295 637 376 700 opus
401 623 482 693 erat,
507 636 607 697 quum
631 614 742 679 Livius
766 615 933 681 Romanos
956 622 1053 679 nocte
1077 618 1199 682 castris
1222 619 1343 684 relictis

190 722 342 788 celeriter
364 723 475 787 abisse
498 723 690 786 narraverit.
726 720 763 785 In
786 721 820 785 M
843 727 933 786 erat:
957 724 1112 804 quietis
1135 724 1198 790 bis
1223 728 1342 791 stati·

188 832 247 895 vis
271 835 514 895 manserunt.
560 829 626 894 Aut
650 829 780 911 quieti
804 830 972 894 stativis
996 831 1209 898 scribendum
1239 834 1290 914 (ut
1311 837 1341 899 in

187 938 264 1003 Lor.
289 944 308 1001 2
332 937 500 1019 scribitur)
525 944 583 1001 aut
602 938 735 1019 quieti
752 937 805 1000 iis
824 937 1004 1017 stativis,
1029 940 1118 1021 quod
1135 940 1341 1008 Drakenbor-

188 1044 262 1110 chio
286 1046 362 1123 (nisi
386 1045 473 1129 quod
504 1044 566 1109 his
590 1043 735 1126 scripsit)
765 1045 798 1107 in
833 1052 973 1110 mentem
1001 1055 1147 1112 venerat.
1195 1048 1340 1115 Victores

188 1174 252 1216 non
278 1156 441 1234 persecuti
465 1159 541 1217 sunt
562 1152 723 1234 fugientes
746 1152 921 1230 Romanos,
945 1152 1002 1218 sed
1020 1155 1125 1235 quieti
1142 1165 1337 1223 manserunt.

276 1257 353 1343 Cap.
380 1265 429 1339 34,
454 1266 471 1325 3
502 1259 687 1344 (Philippus
716 1261 822 1324 iratus
850 1261 1032 1326 Onomasto
1055 1263 1285 1343 mandaverat,
1306 1273 1338 1329 ut

189 1368 371 1433 Maronitas
389 1370 553 1451 principes
572 1369 678 1450 partis
701 1369 845 1432 adversae
863 1366 1080 1446 interficeret;
1098 1371 1126 1434 is
1145 1392 1205 1453 per
1224 1371 1334 1436 Casan-

190 1475 284 1540 drum
307 1476 471 1560 quendam
497 1476 617 1541 caedem
640 1475 730 1539 velut
758 1477 791 1539 in
814 1473 902 1539 bello
931 1484 1029 1558 capta
1049 1476 1133 1541 urbe
1157 1477 1265 1559 fecit)
1297 1479 1331 1542 ld

188 1585 295 1667 apud
325 1585 487 1667 legatos
512 1585 710 1648 Romanos
744 1589 963 1665 querentes
997 1591 1078 1647 tam
1113 1586 1330 1651 crudeliter

188 1693 387 1757 adversus
409 1692 598 1756 innoxios
620 1691 860 1769 Maronitas,
890 1699 971 1754 tam
995 1692 1176 1772 superbe
1198 1694 1327 1759 adver·

189 1799 479 1883 suspopulum
513 1800 729 1864 Romanum
768 1798 938 1876 factum,
977 1805 1021 1862 ut
1053 1833 1105 1877 -,
1141 1800 1324 1867 abnuebat

189 1908 409 1991 quidquam
428 1928 562 1972 eorum
580 1907 628 1971 ad
647 1927 740 1971 se-
757 1906 975 1989 pertinere.
999 1905 1102 1970 Mirus
1121 1915 1155 1972 et
1177 1908 1321 1973 inauditus

187 2017 242 2082 hic
260 2026 310 2082 est
326 2016 500 2081 verborum
518 2015 610 2092 ordo,
633 2016 666 2078 in
684 2015 815 2078 initium
832 2021 908 2078 ante
926 2015 1192 2097 praepositionem
1210 2014 1319 2098 (apud)

187 2125 378 2190 adiunctam
400 2125 577 2207 participio
602 2121 852 2205 (querentes)
875 2122 998 2186 reiecto
1026 2125 1219 2204 pronomine
1244 2123 1275 2187 id
1293 2128 1317 2185 et

188 2235 302 2311 abile,
327 2232 521 2313 quibuscum
547 2229 688 2295 cohaeret
717 2228 811 2307 (tam
834 2227 1066 2293 crudeliter
1098 2265 1142 2275 —
1168 2229 1315 2308 factum),

188 2346 351 2422 separato.
398 2339 585 2404 Admodum
608 2338 766 2420 suspicor,
800 2335 839 2400 id
867 2357 907 2400 ex
935 2341 1090 2402 extremis
1113 2338 1227 2402 litteris
1247 2335 1314 2400 serbi

188 2446 299 2525 fecit,
324 2447 414 2530 quod
436 2446 601 2530 praecedit,
625 2452 734 2510 ortum
757 2465 837 2521 esse,
863 2443 989 2508 Livium
1005 2449 1137 2509 tantum
1155 2446 1315 2530 scripsisse:

187 2555 299 2637 Apud
323 2555 484 2639 legatos
509 2556 712 2619 Romanos
735 2558 972 2637 querentes,
1005 2558 1086 2616 tam
1116 2552 1316 2618 crudeliter

187 2699 229 2708 —
251 2662 421 2739 factum,
445 2670 488 2727 ut
510 2697 553 2706 -
575 2661 905 2738 trucidarentur,
930 2658 1138 2725 abnuebat
1160 2660 1249 2740 cet.¹)

273 2770 426 2853 Cap38,
452 2774 487 2833 11
514 2769 568 2850 (de
593 2769 822 2853 supplemento
851 2767 992 2831 militurn
1025 2769 1058 2831 in
1087 2767 1255 2851 Hispanias
1274 2763 1316 2828 de

188 2880 308 2961 creto):
334 2901 450 2960 quum
474 2899 542 2942 eas
565 2878 750 2960 legiones
774 2882 977 2959 quattuor
1000 2874 1316 2958 descripsissem,

185 2986 290 3067 quod
314 2988 405 3068 plus
430 3007 544 3066 quum
563 2987 686 3069 quina
703 2983 833 3047 millia
851 2982 1040 3065 peditum,
1059 2983 1215 3046 treceni
1231 2980 1317 3061 equi·

210 3273 236 3338 ¹)
256 3272 321 3342 Cap.
334 3277 375 3341 35,
389 3276 405 3326 6
416 3292 475 3343 sqq.
487 3275 525 3341 (in
537 3274 663 3327 oratione
672 3272 803 3341 Lycortm
821 3272 851 3324 in
862 3269 983 3323 concilio
993 3269 1164 3324 Achaeorum
1175 3269 1285 3327 habitab
1293 3289 1320 3301 -

255 3359 289 3411 in
308 3359 403 3412 bello
424 3360 530 3413 sociis
549 3358 712 3412 Romanis
732 3356 872 3411 Achaeos
892 3371 983 3419 usos;
1006 3371 1096 3408 nunc
1115 3354 1251 3408 eosdem
1266 3351 1319 3404 Ro·

254 3460 371 3497 manos
399 3445 576 3511 aequiores
599 3441 882 3496 Lacedaemoniis
907 3456 1004 3506 quam
1022 3440 1160 3493 Acbaeis
1179 3433 1323 3504 esss,nbi

252 3530 361 3581 Areus
381 3530 487 3582 etiam
511 3536 545 3583 et
562 3528 778 3592 Alcibiades,
804 3526 900 3579 ambo
920 3525 1062 3578 exsules
1081 3542 1142 3578 suo
1161 3521 1325 3579 beneficio

253 3615 431 3680 restituti,
457 3615 672 3683 legationem
699 3612 835 3666 Romam
858 3610 1028 3664 adversus
1057 3615 1197 3678 gentem
1224 3609 1324 3663 Aebu-

254 3700 459 3753 orumitade
477 3699 566 3769 ipsis
585 3699 748 3752 meritam
763 3697 1017 3765 suscepissent,
1033 3695 1194 3764 adeoque
1210 3695 1330 3750 infesta

254 3786 415 3838 oratione
434 3785 484 3838 usi
504 3791 629 3849 essent,
648 3789 684 3837 ut
703 3782 794 3852 pulsi
810 3782 1013 3851 patria,non
1028 3782 1196 3834 restituti
1212 3781 1248 3834 in
1265 3794 1330 3834 ean

252 3870 468 3923 viderentur.
505 3869 629 3923 Offendit
648 3868 798 3922 durissima
821 3867 882 3921 baec
905 3866 1068 3920 coniunctio
1096 3883 1149 3932 per
1174 3865 1333 3934 particulam

254 3954 413 4009 relativam:
433 3956 492 4008 ubi
510 3958 622 4010 Areus
641 3959 703 4020 cet,
721 3970 774 4007 neo
792 3952 983 4005 Romanorum
1002 3951 1031 4003 in
1050 3948 1285 4006 Lacedaemonios
1304 3948 1335 4002 la

253 4056 303 4092 vor
326 4046 403 4095 recte
428 4040 638 4093 demonstratur
661 4056 694 4092 ex
719 4055 765 4104 eo,
784 4037 862 4105 quod
889 4035 999 4090 exsules
1016 4034 1233 4091 Lacedaemonii
1250 4036 1337 4090 Roma

252 4124 374 4179 Achaeos
392 4125 592 4181 accusaverint,
622 4123 736 4190 Vereor,
754 4140 790 4176 ne
809 4119 916 4189 aliquid
933 4118 1076 4184 exciderit,
1096 4126 1128 4173 nt
1146 4137 1170 4174 c.
1183 4124 1227 4188 49,
1248 4126 1270 4174 1.
1288 4121 1339 4174 lam

252 4207 338 4262 Aldus
366 4209 459 4263 locum
487 4209 623 4262 asterisco
645 4208 762 4262 notavit
787 4206 887 4274 (1865.)
924 4205 988 4274 Cap.
1007 4206 1086 4271 sul
1112 4222 1146 4258 ex
1175 4224 1239 4263 nec
1266 4207 1341 4271 ulla,

250 4293 329 4359 quod
347 4294 376 4346 M
394 4293 487 4359 habet,
506 4293 665 4348 laciendum
683 4310 724 4346 ne
742 4292 822 4358 ulla,
842 4294 908 4347 cett.
927 4288 1009 4343 codd
1029 4306 1070 4343 ne
1089 4289 1119 4344 in
1137 4290 1225 4345 ulla
1246 4288 1343 4358 (1865.)
