2994 5108
630 457 691 519 609
1078 468 1141 524 Inb.
1167 469 1238 525 XLI.

84 636 274 719 Quiritium,
296 661 413 739 resque
437 641 479 705 ad
503 640 675 725 pontifices
699 640 806 706 relata
824 640 935 721 esset),
957 641 1238 725 pontificibus,

85 749 185 831 quia
213 769 291 813 non
317 756 428 814 recte
461 749 579 814 iactae
609 749 765 815 Latina
798 756 950 829 essent,
984 750 1232 815 instauratis
1251 759 1324 827 (500)

88 854 258 936 Latinis,
281 856 442 940 placuit
463 857 712 936 Lanuvinus,
735 877 902 942 quorum
925 878 1048 941 opera
1075 858 1239 925 instau-

87 969 189 1030 ratae
213 963 299 1046 (cod.
322 964 566 1046 instaurati)
591 972 741 1045 essent,
765 965 928 1031 hostias
950 965 1141 1049 praebere.
1176 966 1240 1032 Ne·

88 1093 151 1155 que
181 1072 426 1138 instauratis
459 1074 524 1138 iam
558 1072 720 1139 Latinis
753 1074 870 1138 hostiae
902 1072 1148 1156 praebebantur,
1182 1075 1240 1140 sed

87 1202 191 1265 quum
214 1182 492 1259 instaurarentur,
515 1202 621 1263 neque
650 1183 895 1247 instauratae
918 1183 983 1247 iarn
1007 1182 1239 1248 Lanuvino-

87 1310 174 1353 rum
203 1309 327 1372 opera
354 1287 445 1353 feriae
473 1289 505 1352 in
529 1288 721 1374 pontificum
744 1288 875 1354 decreto
900 1290 964 1354 dici
987 1297 1150 1374 poterant,
1174 1311 1238 1373 quo

88 1396 268 1461 instaurari
290 1396 498 1477 iubebantur,
522 1419 628 1480 neque
644 1399 752 1482 ipsum
771 1397 895 1462 decreti
912 1404 1017 1480 caput,
1040 1399 1239 1464 instauratio

100 1506 254 1584 ariorum,
277 1505 380 1569 sicin
404 1507 634 1571 secundariam
658 1506 855 1571 sententiam
879 1506 1144 1587 (instauratis
1167 1506 1239 1571 La·

56 1675 62 1685 ,
88 1613 208 1690 tinia)
232 1612 364 1678 includi.
410 1612 555 1678 Offendit
578 1615 677 1679 etiam
700 1614 833 1698 (praeter
855 1613 1015 1697 placuit
1043 1618 1120 1698 post
1147 1614 1239 1680 abla-

87 1722 174 1786 tivos
208 1702 336 1804 partem
367 1720 491 1786 decreti
521 1722 723 1786 continentes
755 1721 999 1806 interpositum)
1033 1721 1239 1787 incommoda

89 1831 230 1896 nominis
242 1830 395 1913 repetitio
414 1828 521 1910 (quia
540 1849 616 1892 non
638 1836 751 1894 recte
774 1829 892 1894 iactae
915 1828 1069 1894 Latinae
1093 1838 1237 1908 essent,

89 1928 336 2003 instauratis
359 1936 542 2018 Latinis).
590 1935 773 2021 Scripserat
808 1937 918 2003 Livius
945 1938 1065 2003 litteris
1091 1960 1158 2004 non
1190 1939 1240 2003 ita

89 2045 232 2111 multum
256 2045 404 2123 diversio,
428 2047 574 2109 oratione
604 2051 637 2109 et
665 2047 829 2112 sententia
861 2046 958 2128 longe
985 2045 1064 2110 alia:
1098 2046 1238 2142 Fonti-

86 2153 261 2232 ficibus,
295 2155 390 2234 quia
422 2175 500 2218 non
533 2160 645 2218 recte
677 2152 794 2219 iactae
816 2154 968 2219 Latinae
992 2162 1145 2234 essent,
1178 2156 1238 2219 in-

89 2263 282 2341 staurari,
305 2261 469 2334 Latinis
487 2261 654 2344 placuit,
671 2261 909 2342 Lanuvinos,
932 2282 1099 2346 quorum
1117 2283 1239 2347 opera

87 2369 359 2437 nstaurandae
383 2378 539 2448 essent,
563 2370 723 2435 hostias
745 2369 933 2454 praebere.
973 2369 1149 2436 Pontifices
1172 2371 1237 2436 Ro·

83 2480 180 2544 mani
213 2477 311 2542 ferias
344 2477 578 2543 instaurandas
612 2498 683 2542 esse
714 2477 906 2556 decreruut;
939 2478 1063 2557 Latini,
1098 2500 1238 2562 quorum

75 2586 225 2671 aliquod
249 2586 291 2650 ad
314 2586 374 2650 has
407 2585 507 2651 ferias
529 2570 691 2651 curandas
720 2585 894 2651 concilium
920 2585 1023 2650 fuisse
1051 2585 1148 2651 debet
1170 2587 1238 2668 (ea-

77 2717 174 2775 rum,
209 2696 334 2778 opinor,
370 2695 552 2771 civitatum,
587 2714 659 2776 quoe
687 2695 786 2758 etiam
815 2700 930 2777 postea
953 2714 1084 2757 carnem
1111 2692 1237 2759 Latinis

63 2802 264 2890 petebant,
299 2802 338 2866 de
362 2822 427 2885 qua
455 2823 489 2865 re
512 2802 702 2866 testimonia
725 2800 864 2866 collecta
892 2806 1024 2865 exstant
1044 2801 1077 2863 in
1099 2799 1237 2865 Beckeri

65 2920 119 2980 <et
144 2909 366 2994 Marquardtii
388 2910 520 2994 Antiqq.
544 2911 637 2973 Rom.
662 2908 706 2972 IV
734 2932 764 2992 p.
789 2907 875 2988 441),
907 2915 1071 2992 sumptum
1102 2909 1136 2972 in
1165 2929 1236 2973 earu

60 3041 158 3087 rem
183 3018 394 3103 praebendum
418 3018 459 3082 ab
482 3040 521 3083 ea
543 3019 685 3096 ciuitate,
709 3018 801 3081 cuius
824 3037 925 3100 opera
954 3024 986 3080 et
1015 3015 1113 3099 culpa
1135 3015 1236 3092 fieret,

52 3136 122 3195 ut
147 3129 422 3191 instaurarentur.
468 3126 501 3191 Si
536 3127 608 3207 quis
636 3125 825 3189 Latinorum
853 3122 988 3206 negabit
1016 3123 1100 3188 ullas
1123 3123 1234 3188 decer·

47 3234 188 3301 mendi
211 3240 323 3317 partes
346 3231 456 3312 luisse,
480 3233 687 3298 scribendum
715 3234 760 3312 ei,
795 3232 924 3297 sublato
947 3230 1122 3311 Latinis,
1157 3231 1234 3295 erit:

41 3341 317 3408 instaurari
351 3342 522 3424 placuit,
553 3343 800 3421 Lanuvinus,
835 3362 1001 3422 quorum
1029 3340 1235 3423 operain·

35 3448 312 3516 staurandae
335 3455 486 3525 essent,
509 3449 539 3513 h.
564 3450 631 3533 p.¹)
677 3449 833 3534 Sequitur
855 3447 885 3531 (ἓ
910 3447 959 3528 3);
993 3447 1235 3514 Accesserat

111 3720 135 3788 ¹)
156 3718 288 3791 [Frustra
301 3720 459 3775 defenditur
476 3724 608 3791 repetitio
629 3724 703 3776 vocis
721 3724 750 3777 in
768 3723 824 3776 his:
840 3723 920 3791 qnia
936 3738 1002 3773 nou
1021 3725 1115 3773 recte
1133 3719 1232 3773 factae

155 3806 290 3860 Latinae
310 3814 433 3874 essent,
452 3808 668 3862 instauratio
693 3809 829 3863 Latinis
856 3807 990 3876 placuit
1013 3805 1144 3873 exemplis
1164 3804 1233 3857 alius

156 3893 268 3962 generis
287 3894 386 3962 (neque
405 3893 525 3950 enimin
548 3895 581 3947 iis
600 3912 701 3947 nomen
724 3895 773 3953 rei,
802 3893 836 3947 de
863 3911 917 3961 qua
944 3892 1045 3962 agitur,
1073 3891 1102 3944 in
1125 3890 1232 3959 protasi

155 3978 279 4046 positum
298 3978 378 4031 initio
397 3977 527 4047 apodosis
543 3979 699 4048 repetitur),
714 3985 870 4047 ceteraque,
886 3995 947 4047 quae
963 3976 1112 4041 declaravi,
1130 3976 1233 4028 incom-

155 4063 240 4116 moda
256 4073 378 4130 manent,
398 4065 495 4117 saltem
515 4066 591 4134 quod
609 4067 776 4119 obscuratur
797 4065 888 4134 ipsum
911 4067 995 4131 caput
1017 4061 1122 4114 decreti
1140 4062 1232 4129 ponti·

154 4146 248 4215 ficum,
267 4148 461 4202 instaurandas
481 4168 541 4203 esse
560 4150 682 4204 Latinas.
710 4150 869 4204 Verborum
888 4148 956 4201 ordo
976 4148 1005 4199 in
1021 4152 1118 4199 nostra
1136 4163 1229 4199 emen·

155 4233 270 4288 datione
288 4251 400 4302 prorsus
418 4241 510 4288 rectus
530 4242 580 4300 est,
599 4241 664 4303 post
681 4236 798 4290 alterum
817 4235 939 4288 dativum
958 4232 1043 4301 priori
1060 4232 1231 4285 contrarium

155 4318 297 4373 communi
315 4321 399 4374 verbo
418 4317 605 4389 interposito]
