3000 5116
234 435 420 541 maximi
782 471 843 533 sao

236 665 304 722 tum
335 678 406 721 csse
434 657 466 719 in
496 655 710 739 Campaniam
737 677 859 720 versus.
910 655 1058 738 Apparet
1087 654 1188 719 etiam
1216 674 1257 718 ex
1286 653 1398 718 activa

234 765 327 830 verbi
349 765 463 842 forma,
491 764 677 828 nominatos
699 763 812 841 fuisse,
842 765 900 847 qui
922 763 1145 841 nuntiassent3
1174 781 1285 843 neque
1308 762 1397 826 enim

235 875 481 938 nuntiarunt
503 893 561 954 pro
584 873 813 936 nuntiatum
836 877 906 949 est,
929 876 966 936 ut
983 870 1079 953 vulgo
1097 868 1246 935 homiues
1265 869 1397 935 intelle·

235 987 363 1063 gantur,
382 980 491 1043 Livius
516 978 623 1044 dicere
647 980 732 1044 solet
755 984 811 1043 aut
832 979 887 1042 hic
910 978 1059 1043 dicturus
1082 984 1163 1043 erat.
1211 977 1250 1042 Id
1272 998 1396 1043 nomen

236 1089 306 1153 erui
340 1094 420 1170 puto
455 1088 537 1152 satis
572 1095 664 1152 certa
696 1088 888 1151 coniectura
922 1107 1019 1169 posse
1053 1107 1092 1151 ex
1122 1086 1395 1171 nimisaccipi.

236 1196 353 1277 ltaque
383 1195 426 1259 ad
454 1193 538 1260 hanc
561 1193 700 1261 formam
723 1196 850 1259 Livium
873 1195 1044 1278 scripsisse
1067 1195 1199 1277 opinor:
1229 1215 1351 1278 quum
1375 1215 1396 1259 a

236 1302 384 1368 Casino
419 1303 663 1368 dictatorem
693 1305 729 1367 R.
758 1303 1038 1386 legionesque
1063 1303 1202 1367 venire
1232 1300 1394 1365 luam

236 1411 307 1473 elli
337 1413 613 1475 nuntiassent.
664 1411 783 1493 l'agati
807 1410 958 1475 Numidae
988 1418 1082 1475 erant
1109 1410 1152 1475 ad
1180 1409 1396 1494 speculanda,

236 1540 308 1601 qua
332 1519 422 1602 apud
446 1520 613 1584 Romanos
637 1519 860 1600 agerentur.¹)

142 1638 220 1705 (263)
325 1625 403 1710 Cap.
441 1632 494 1704 18,
535 1631 553 1691 5
594 1626 649 1706 lde
689 1628 935 1709 oppugnatione
976 1624 1142 1707 Casilini):
1182 1626 1395 1692 Postremo

235 1735 452 1813 Hannibal,
476 1736 628 1799 eastris
652 1741 748 1799 ante
771 1735 860 1816 ipsa
883 1735 1043 1800 moenia
1066 1735 1283 1817 oppositis,
1305 1755 1396 1818 par·

235 1864 319 1907 vam
354 1843 492 1908 urbem
521 1878 562 1887 -
590 1864 824 1926 oppugnare
858 1848 987 1925 parat.
1044 1841 1163 1907 Castra
1195 1863 1263 1908 non
1291 1862 1398 1927 oppo-

234 1956 368 2027 nuntur,
396 1951 460 2015 nisi
483 1972 555 2033 quae
579 1951 667 2016 hosti
690 1952 844 2034 progredi
867 1951 1000 2017 conanti
1023 1950 1241 2030 obiiciuntnr3
1276 1950 1311 2015 in
1334 1950 1398 2017 asli

234 2079 286 2136 re,
321 2059 429 2141 qualis
462 2058 516 2122 hic
550 2066 720 2128 narratur,
755 2059 851 2137 alibi,
884 2061 918 2123 ni
947 2058 1060 2137 fallor,
1093 2078 1224 2142 semper
1254 2064 1399 2124 castra

236 2173 328 2230 ante
361 2168 452 2249 ipsa
479 2169 637 2230 moenia
666 2167 802 2249 posita
831 2167 995 2231 dicuntur.
1048 2166 1181 2237 Vereor,
1204 2187 1246 2231 ne
1270 2187 1320 2250 op
1345 2187 1399 2231 or·

235 2278 305 2337 tum
340 2274 383 2338 sit
419 2294 458 2338 ex
488 2275 711 2357 geminatione
742 2274 860 2338 litterae
887 2295 905 2355 p
934 2281 967 2339 et
997 2273 1195 2357 praecedenti
1223 2292 1252 2337 a
1309 2272 1399 2357 [Po-

237 2381 332 2444 sitis
356 2381 433 2445 Lou
457 2380 501 2462 A]

323 2488 400 2569 Cap.
427 2492 475 2566 19,
501 2496 554 2553 18:
586 2511 669 2555 cum
692 2490 819 2556 titulo
842 2526 884 2536 -
907 2491 1119 2573 inscripto,
1142 2488 1186 2553 M.
1205 2489 1400 2555 Anicium

237 2615 305 2677 pro
335 2595 536 2662 militibus
566 2607 762 2662 —votum
789 2599 957 2662 vovisse.
1003 2596 1028 2660 P
1058 2597 1401 2664 uotumuoluisse.

236 2701 446 2784 Significatnr
469 2711 604 2769 votum
627 2705 799 2768 sslvlsse.
850 2705 1048 2788 Inscriptum
1070 2712 1157 2771 erat:
1192 2704 1237 2771 M.
1260 2704 1403 2772 Anicius

234 2818 411 2876 -votum
433 2812 531 2878 solvit
554 2813 672 2878 lubens
695 2814 823 2878 merito.
869 2813 992 2894 (laea.)

272 2916 274 2920 ’
321 2917 417 3003 *Cap
453 2925 507 2999 20,
544 2926 578 2984 6:
613 2921 744 3001 (Patres
783 2922 922 2985 Romani
955 2920 1135 3001 Petelinos)
1177 2922 1401 2989 consulere

235 3027 399 3093 sibimet
427 3030 539 3112 ipsos
563 3030 602 3092 in
630 3030 834 3110 reliquum
858 3030 1054 3111 prasenti
1076 3027 1246 3094 fortuna
1270 3030 1403 3097 insse·

235 3142 335 3200 runt.
387 3136 474 3214 Quid
509 3136 552 3201 sit
581 3136 799 3201 consulere
829 3136 909 3201 sibi
938 3138 1134 3220 praesenti
1162 3138 1339 3204 fortuna
1368 3145 1403 3205 et

235 3243 321 3324 quod
345 3242 406 3308 hoc
430 3244 565 3309 ablativi
588 3265 705 3326 genus,
735 3243 846 3309 doceri
874 3245 979 3309 velim.
1030 3245 1103 3310 Nisi
1130 3244 1165 3310 id
1188 3244 1226 3310 fit
1248 3244 1328 3327 (nec
1350 3246 1404 3313 ln·
1448 3308 1455 3318 .

233 3358 346 3414 turum
368 3353 484 3434 opinor
505 3353 567 3427 ita,
601 3359 639 3417 ut
662 3353 815 3417 assentiri
837 3352 985 3435 possim),
1009 3352 1136 3417 Livium
1159 3352 1270 3419 dicam
1295 3356 1404 3439 scrip-

235 3458 317 3522 sisse
351 3440 418 3538 prs'
452 3460 645 3542 praesenti
674 3458 858 3533 fortuna,
893 3459 954 3524 hoc
982 3467 1045 3538 est,
1080 3467 1118 3525 ut
1147 3482 1299 3544 praesens
1331 3462 1402 3529 for·

265 3649 287 3715 ¹)
306 3649 388 3718 *Cap
411 3652 454 3716 16,
480 3653 511 3705 16
533 3652 665 3705 mendum
690 3653 795 3705 frustra
817 3660 980 3706 excusatum
999 3670 1153 3722 coarguere
1171 3672 1309 3723 possum,
1336 3672 1402 3710 eor·

303 3735 394 3802 rigere
412 3736 598 3803 probabiliter
615 3755 672 3792 non
690 3754 813 3807 possum.
855 3735 954 3807 Neque
971 3739 1156 3793 vincentes
1175 3738 1312 3810 intellegi
1331 3758 1401 3810 pos·

305 3826 372 3874 sunt
391 3820 455 3887 illi,
479 3822 623 3889 quitum
642 3823 814 3889 vicerunt,
839 3824 942 3877 omissa
960 3841 1029 3878 vocs
1047 3823 1168 3877 maxime
1188 3825 1353 3880 necessaria
1373 3834 1404 3882 el

304 3907 399 3975 posito
428 3924 514 3974 pravo
544 3912 683 3976 tempore,
710 3926 800 3977 neque
824 3909 938 3963 omnino
962 3910 1141 3963 vincentes
1165 3910 1322 3978 appellari,
1354 3911 1404 3980 qui

304 4008 361 4046 non
384 3992 511 4046 vicerant
533 3991 619 4061 (quod
641 3999 743 4062 postea
768 3994 880 4048 demum
901 3993 1097 4060 factumest),
1125 3994 1176 4048 sed
1194 3996 1404 4050 tantummodo

305 4076 373 4130 victi
391 4094 448 4130 non
468 4084 559 4145 erant,
588 4083 617 4132 et
640 4078 758 4134 ridicule
780 4081 894 4134 omnino
913 4078 1137 4133 vincentibus
1156 4079 1275 4134 difficile
1293 4080 1405 4136 dicitnr

305 4180 365 4215 esse
392 4180 457 4216 non
483 4164 585 4218 vinci.
635 4163 759 4218 Venerat
785 4165 813 4217 in
841 4171 975 4218 mentem:
1003 4163 1080 4218 Non
1106 4164 1205 4220 vinei
1232 4166 1331 4220 enim
1361 4166 1405 4221 al»

304 4245 498 4303 Hannibale
533 4249 677 4304 vincere
708 4249 927 4303 discentibus
959 4248 1152 4305 difficilius
1185 4249 1265 4304 luit
1299 4268 1405 4319 quam

301 4336 429 4399 ‘postes
446 4333 599 4388 vincere.
