2994 5108
220 521 283 576 Lib.
302 519 387 575 XLII.
764 509 826 572 628

221 715 378 778 quoque
401 693 604 778 gentium).
639 693 702 759 Sed
725 700 892 778 praterea,
916 695 1073 776 quoniam
1089 702 1197 761 totum
1220 695 1284 761 hoc
1306 717 1367 760 non

220 808 388 887 tamquam
412 802 553 867 alterum
577 802 768 884 adiungitur
790 803 992 887 principis
1015 803 1183 887 dignitati,
1207 803 1368 868 66116111-

221 931 320 994 quam
342 931 543 993 consequens
567 911 762 988 adnectitur,
787 910 994 976 scribendum
1017 913 1147 996 opinor:
1172 912 1245 978 hos
1253 913 1368 997 pitio·

220 1040 294 1100 quo
327 1040 387 1102 pro
422 1018 602 1103 hospitio
637 1039 806 1103 quoque.
853 1018 992 1085 Gravius
1015 1028 1082 1099 est,
1112 1021 1201 1103 quod
1225 1018 1241 1103 ξ
1266 1024 1294 1100 6,
1317 1020 1370 1085 ubi

220 1129 394 1211 exponitur
427 1127 537 1192 Persei
565 1128 747 1192 Rammium
770 1148 978 1211 corrumpere
1012 1130 1163 1194 conantis
1187 1131 1311 1206 oratio,
1337 1130 1370 1193 in

220 1235 285 1299 his:
310 1237 425 1300 ouius
451 1235 593 1317 (veneni)
612 1237 716 1300 scire
735 1256 775 1300 se
794 1237 1138 1319 comparationem
1155 1236 1370 1321 plurimum

221 1343 504 1409 difficultatis
521 1350 561 1409 et
584 1343 761 1428 periculi
783 1342 949 1424 habere3
979 1344 1169 1428 pluribus
1194 1346 1369 1410 consciis

221 1453 460 1535 comparari,
481 1458 625 1517 eventu
642 1459 840 1535 praeterea
856 1452 1016 1518 incerto
1034 1474 1121 1517 esse
1139 1459 1213 1532 661,
1227 1464 1371 1518 etcausa

221 1561 290 1623 sine
312 1568 391 1625 nota
414 1560 538 1642 (enim)
564 1560 694 1625 adiecta
716 1558 854 1626 offendit
877 1569 909 1626 et
940 1560 1204 1644 comparandi
1238 1561 1370 1627 verbum

220 1676 295 1751 post
318 1669 664 1752 comparationem
685 1668 889 1751 ineleganter
911 1669 945 1732 in
968 1689 1070 1734 causa
1093 1668 1294 1752 explicanda
1315 1687 1370 1754 po·

220 1778 320 1840 situm
342 1783 375 1842 61
396 1778 430 1840 in
453 1776 643 1861 multiplicis
661 1776 864 1842 difficultatis
882 1783 916 1842 et
932 1776 1071 1860 periculi
1090 1777 1370 1843 demonstratione

220 1884 315 1949 nnius
348 1885 396 1950 rei
430 1885 588 1969 (plurium
622 1884 839 1966 consciorum)
873 1886 1010 1964 menti03
1046 1906 1121 1949 nam
1150 1907 1223 1969 quae
1253 1886 1370 1950 deinde

220 1992 387 2058 adduntur
411 1993 572 2074 (eventu
594 2000 795 2076 praeterea
817 1993 902 2073 661),
928 1992 1009 2057 nihil
1029 1993 1072 2057 ad
1089 1995 1370 2077 comparationem

219 2102 384 2183 pertinent
407 2102 580 2186 potiusque
604 2102 859 2185 comparationis
888 2100 1079 2166 difficultati
1107 2124 1147 2166 ex
1170 2122 1267 2185 aequo
1289 2108 1371 2167 tam·

220 2229 318 2290 quam
330 2209 468 2274 alterum
487 2216 621 2275 eventus
638 2210 781 2274 incertus
799 2209 997 2293 adiungitur.
1033 2208 1151 2274 Omnia
1168 2216 1250 2293 apta
1268 2216 1371 2289 erunt,

220 2319 247 2382 si
270 2339 336 2382 una
359 2339 435 2382 voce
459 2318 590 2383 sublata
613 2320 660 2382 616
683 2318 926 2401 scripserimus:
950 2319 1064 2382 cuius
1087 2319 1195 2382 scire
1214 2339 1256 2383 se
1275 2339 1370 2384 com·

219 2427 475 2508 parationem
498 2426 716 2509 plurimum
740 2425 1014 2490 difficultatis
1035 2432 1083 2499 ,et
1105 2426 1285 2508 periculi
1308 2427 1370 2491 ha·

219 2532 311 2598 bera
345 2534 533 2618 pluribus
568 2534 763 2613 oonsoiis;
799 2539 945 2599 eventu
980 2541 1180 2616 praeterea
1210 2535 1368 2599 incerto

134 2650 326 2720 (1106666,
360 2649 402 2706 ut
436 2650 496 2708 cet.
541 2643 658 2725 ltaque
693 2650 725 2706 et
759 2643 1012 2725 comparationis
1047 2641 1196 2724 pluribus
1231 2643 1368 2708 consciis

219 2751 399 2833 ptericulmn
433 2751 572 2815 Perseus
607 2772 640 2814 se
675 2758 875 2814 remotorum
905 2750 1049 2814 ostendit
1083 2759 1115 2813 et
1145 2758 1297 2814 eventum
1323 2753 1369 2815 in·

220 2865 358 2922 centurn:
395 2859 441 2924 So
466 2860 665 2937 daturum,
690 2859 793 2940 qnod
826 2860 958 2922 necin
982 2859 1113 2923 dando
1138 2881 1209 2923 nec
1235 2860 1368 2924 datum

218 2967 301 3031 ullo
331 2970 445 3049 signo
476 2968 673 3050 deprendi
703 2975 850 3049 posset.
897 2968 1012 3049 Itaque
1035 2966 1368 3033 nranit'estamteneri

219 3083 297 3157 puto
321 3076 608 3158 interpolationem
633 3083 738 3139 ortam
763 3097 801 3139 ex
825 3097 875 3152 66,
900 3076 986 3157 quod
1009 3097 1073 3139 non
1093 3075 1368 3140 animadvertere·

218 3193 280 3261 tur,
304 3184 497 3267 pluribus
523 3185 703 3249 consciis
727 3205 799 3247 cum
823 3183 1081 3266 praecedentibus
1106 3185 1369 3267 coniungendam

218 3314 298 3355 csse.
323 3292 408 3371 (l'id.
432 3315 463 3374 p.
489 3292 575 3373 492.)

304 3397 380 3481 Cap.
408 3404 455 3471 19,
479 3405 513 3463 3:
550 3401 671 3479 Quum
700 3401 738 3462 in
767 3401 1080 3482 exspectatione
1115 3407 1289 3466 senatus
1313 3422 1368 3465 es·

219 3512 293 3585 set,
325 3543 377 3586 —‚
412 3511 480 3590 qui
503 3529 636 3591 rogum
661 3508 745 3588 (cod.
770 3508 947 3590 regnum)
980 3530 1107 3585 suam,
1137 3506 1280 3573 Persei
1304 3510 1368 3592 qui

219 3617 405 3679 secuturi
429 3618 653 3680 amicitiam
677 3623 826 3691 essent,
852 3622 913 3679 cet.
958 3616 1056 3680 Nullo
1081 3615 1178 3680 modo
1201 3617 1236 3679 in
1261 3618 1368 3681 huius·

217 3722 304 3786 modi
328 3726 600 3804 interrogatione,
624 3731 660 3788 ut
683 3725 731 3788 ita
760 3724 883 3816 dicam,
913 3723 1123 3787 distributiva
1146 3724 1267 3787 inverti
1291 3724 1368 3790 ordo

216 3834 249 3896 in
273 3833 400 3896 duobus
424 3832 576 3895 membris
599 3838 717 3914 potest.
752 3832 869 3916 Itaque
893 3833 955 3895 nisi
980 3830 1078 3894 altius
1101 3831 1184 3894 latet
1207 3833 1367 3909 mendum,

216 3941 471 4023 transpositione
506 3941 595 4005 laeta
633 3940 839 4004 scribendum
874 3946 938 4003 est:
980 3939 1048 4020 qui
1082 3959 1217 4019 regum
1254 3961 1367 4016 suam,

217 4050 283 4128 qui
305 4048 445 4112 Persei
468 4057 528 4112 oet.
566 4047 628 4111 Sed
652 4068 709 4110 cur
732 4048 772 4111 de
796 4048 874 4111 66116
897 4047 1028 4130 regibus
1048 4048 1252 4129 exspectatio
1277 4048 1365 4112 erat?

215 4155 318 4220 Paulo
342 4164 417 4239 post
442 4154 471 4237 (ξ
496 4157 527 4237 5)
552 4158 584 4219 111
609 4157 718 4220 codice
742 4156 912 4220 scribitur:
947 4162 989 4218 ut
1019 4176 1105 4218 eum
1127 4190 1171 4198 —
1195 4155 1364 4237 publica

217 4265 338 4328 etiam
361 4285 465 4327 curae
488 4285 532 4327 ac
555 4265 665 4328 velut
693 4265 824 4328 tutelo
854 4262 1007 4327 16116111
1040 4284 1130 4328 6666
1165 4272 1203 4327 61
1237 4284 1362 4346 regem

217 4378 257 4435 ot
279 4371 430 4455 legatio
459 4379 578 4455 grata
608 4373 770 4436 senatui
798 4371 884 4436 fuit.
930 4369 1025 4447 Quod
1048 4371 1173 4435 editur:
1207 4371 1359 4436 vellent
