2994 5108
705 465 764 525 301
1146 476 1208 529 Lib.
1226 473 1315 529 XXII.

154 670 222 715 nou
246 655 369 732 potest.
413 648 480 713 Pro
513 647 592 712 fam
623 649 784 732 scriptum
811 655 863 714 est
886 670 984 730 eam,
1019 649 1137 713 deinde
1162 669 1216 721 eo,
1251 667 1315 728 quc
1425 642 1433 661 ¹

154 757 306 840 proxime
335 755 418 836 dixi,
445 755 544 821 modo
573 755 725 820 additum
747 776 861 821 verum
883 756 976 837 fam;
1005 758 1053 820 sic
1074 764 1189 821 natum
1213 776 1316 819 eam·

156 862 327 944 famam.)
372 862 442 946 [Sic
463 864 531 930 iam
552 864 601 928 vir
624 863 743 929 doctus
765 863 800 927 in
822 885 885 947 mg.
910 864 961 930 ed.
985 863 1197 945 Curionis.]¹)

244 970 325 1056 Cap.
351 975 460 1052 3a,1:
495 970 692 1038 Consules
714 998 757 1016 ⁴-
779 971 1016 1038 Minuciano
1040 973 1228 1038 exercitu
1250 991 1316 1036 ac·
1409 969 1410 972 ’

156 1087 292 1164 cepto,
331 1079 616 1146 hibernaculis
647 1086 804 1145 mature
834 1081 1096 1145 communitis
1130 1079 1317 1163 (medium

156 1189 345 1253 autumni
373 1188 489 1270 erat),
511 1188 632 1253 Fabii
661 1187 823 1253 artibus
852 1208 936 1252 cum
964 1208 1113 1252 summa
1140 1189 1250 1252 inter
1276 1207 1317 1253 se

156 1296 387 1361 concordia
419 1296 570 1366 bellum
602 1304 832 1378 gesserunt.
889 1296 940 1361 lta
969 1318 986 1362 e
1016 1297 1205 1361 coniectura
1235 1295 1319 1361 Gro-

156 1402 248 1469 novii
265 1404 436 1485 scribitur3
455 1425 532 1469 narn
549 1405 583 1468 in
603 1403 776 1470 codicibus
793 1405 938 1488 antiquis
957 1411 1043 1470 erat:
1062 1424 1177 1485 quom
1196 1402 1318 1485 (Pm.l;
1366 1403 1369 1410 '

154 1511 248 1577 ΡΜ
267 1508 328 1577 CM
345 1532 441 1591 cnm,
465 1511 741 1594 quemadmodum
763 1513 951 1577 coniunctio
975 1513 1075 1577 etiam
1097 1513 1131 1576 in
1147 1511 1173 1574 P
1190 1532 1319 1595 semper

156 1618 329 1701 scribitur)
353 1620 537 1684 autumni
565 1627 664 1684 erat.
715 1620 758 1683 Et
781 1622 946 1685 sententia
967 1619 1084 1684 melior
1107 1620 1170 1684 erit
1193 1617 1314 1703 (neque
1334 1628 1404 1696 (24⁷)

92 1774 96 1779 -
157 1728 248 1793 enim
269 1727 377 1793 medio
400 1735 531 1794 tantum
553 1734 722 1805 autumno,
752 1727 811 1792 sed
832 1749 891 1811 per
913 1735 1028 1807 totum,
1057 1728 1114 1810 qui
1136 1733 1318 1811 supererat,

155 1855 264 1920 usqne
298 1835 342 1900 ad
370 1835 511 1902 hiemem
538 1837 587 1900 ita
614 1835 737 1901 bellum
767 1843 894 1918 gestum
924 1836 988 1917 est)
1028 1842 1061 1899 et
1089 1835 1198 1900 mendi
1227 1836 1318 1918 origo

158 1943 354 2027 apparebit,
384 1945 412 2009 si
434 1944 676 2028 scripserimus:
712 1943 998 2009 hibernaculis
1027 1950 1184 2008 mature
1214 1963 1318 2008 com·

156 2051 340 2132 munitis,
383 2053 479 2129 qut
513 2052 703 2129 rellqm
744 2052 928 2116 autumni
965 2059 1067 2129 erat,
1107 2050 1223 2115 Fabii
1257 2072 1318 2116 ar·

156 2157 272 2224 tibus
299 2166 361 2224 cet
407 2158 529 2225 *Paulo
552 2166 627 2243 post
650 2158 680 2242 (ἓ
704 2159 737 2240 3)
760 2160 793 2223 in
817 2159 986 2225 codicibus
1009 2157 1061 2223 PC
1084 2157 1214 2240 (Pola)
1239 2160 1319 2224 seri-

161 2266 269 2348 bitur,
302 2267 522 2333 Hannibalem
555 2288 594 2334 eo
628 2269 749 2351 inopiae
782 2269 954 2332 redactum
987 2267 1103 2345 fuisse,
1146 2274 1204 2343 ut,
1238 2267 1319 2332 nisi

159 2396 245 2440 cum
261 2375 365 2458 fugae
384 2374 634 2460 specielel
649 2376 839 2458 speciem)
859 2375 1083 2440 abeundum
1100 2377 1319 2455 timuisset,

158 2482 336 2549 Galliam
368 2484 633 2567 repetiturus
668 2483 810 2561 fuerit3
843 2485 877 2546 in
912 2505 977 2565 quo
1010 2485 1133 2549 timeo
1164 2485 1318 2550 abeun·
1410 2488 1413 2493 '

159 2590 251 2655 dum
273 2612 404 2675 prone
427 2591 571 2656 abeam
595 2591 668 2672 (aut
690 2612 750 2674 pro
773 2612 918 2656 vereor
941 2592 1069 2673 abire)
1093 2592 1172 2657 ferri
1195 2592 1317 2675 nequit.

158 2697 295 2764 Editum
316 2699 386 2765 fere
409 2705 474 2765 est:
510 2700 588 2763 nisi
619 2707 700 2765 tum
727 2699 827 2781 fugae
855 2701 1029 2783 speciem
1059 2700 1248 2766 abeundo
1270 2701 1318 2765 ti·

58 2788 65 2797 ’
159 2807 347 2886 muisset,
387 2808 499 2874 nescio
535 2828 602 2892 qua
636 2808 848 2886 auctoritate,
888 2815 1033 2873 ceterum
1068 2810 1202 2888 vitiose3
1242 2829 1319 2873 nam

157 2934 268 3000 neque
298 2923 394 2996 tum,
423 2916 511 2998 quod
539 2922 632 3000 agat,
662 2914 764 2979 habet
791 2935 896 2996 neque
926 2916 1101 2999 speciem
1130 2915 1317 2981 abeundo

158 3023 284 3089 timeo
306 3023 424 3090 Latine
447 3024 568 3090 dieitur
591 3045 651 3107 pro
675 3044 729 3101 eo,
764 3023 852 3105 quod
875 3031 942 3088 est:
977 3025 1111 3103 timeo,
1146 3044 1191 3087 ne
1221 3022 1316 3088 abc-

186 3291 213 3359 ¹)
231 3292 377 3365 Principio
396 3296 497 3367 capitis
515 3294 545 3363 (ξ
566 3296 593 3362 1)
610 3295 707 3363 potius
725 3311 786 3363 per
803 3294 1008 3361 (dictatoris
1026 3295 1156 3361 castra)
1175 3312 1258 3363 quam
1277 3294 1318 3348 ad

227 3378 399 3435 addendam.
444 3380 480 3434 In
503 3379 519 3449 ξ
545 3384 561 3433 5
584 3380 708 3433 tenenda
736 3385 797 3432 erat
825 3396 891 3433 vera
915 3380 1049 3434 Gronovii
1072 3381 1234 3434 coniectura
1257 3378 1317 3447 (me

226 3465 470 3534 magisterium
499 3466 668 3533 equitum,
696 3464 759 3518 hos
788 3465 935 3520 ordines
965 3483 1046 3519 snos
1071 3483 1239 3534 quemque
1264 3470 1315 3517 te-

226 3566 314 3604 nere
330 3551 480 3617 iubeas),
503 3568 561 3605 non
579 3549 758 3603 efficiendum
776 3551 934 3604 inauditum
953 3558 981 3604 et
999 3551 1164 3605 incredibile
1182 3550 1317 3618 loquendi

227 3650 334 3703 genus,
357 3642 389 3690 ut
405 3637 541 3704 magister
559 3635 697 3702 equitum,
723 3635 825 3703 quibus
845 3636 957 3690 ordines
977 3654 1043 3690 suos
1062 3642 1168 3702 servat,
1193 3652 1241 3690 eos
1260 3636 1317 3689 suis

228 3719 379 3775 ordinibus
401 3725 496 3775 tenere
518 3720 643 3784 dicatur,
672 3736 758 3786 quum
781 3721 937 3788 praesertim
962 3737 1020 3773 non
1038 3723 1173 3788 magister
1191 3721 1317 3788 equitum

226 3804 260 3858 id
282 3804 376 3861 faoere
400 3805 538 3861 iubendus
561 3808 649 3869 esset,
675 3805 725 3859 sed
743 3821 760 3858 s
777 3805 914 3859 dictatore
939 3805 1000 3873 ipse
1018 3806 1124 3869 primus
1142 3805 1179 3871 (si
1197 3805 1241 3858 dis
1259 3806 1318 3872 pla·

228 3889 289 3955 cet)
313 3908 364 3945 suo
383 3891 482 3946 ordine
500 3888 654 3945 tenendus.
678 3889 780 3944 deinde
802 3891 888 3943 ceteri
912 3896 1012 3944 essent.
1054 3888 1151 3956 Neque
1170 3906 1193 3941 c.
1213 3892 1260 3955 31,
1285 3892 1318 3942 10

227 3974 305 4029 inter
331 3975 441 4030 fuisse
468 3983 495 4029 et
522 3975 720 4028 obtinuisse
747 3973 891 4029 serendum
918 3980 972 4027 est
999 3975 1027 4027 iu
1054 3990 1084 4026 re
1111 3973 1199 4026 nihilo
1226 3973 1316 4041 magis

227 4064 321 4128 certa,
345 4078 429 4130 qnam
451 4060 558 4128 reliqua
580 4064 672 4125 erant,
697 4076 751 4112 nec
768 4060 859 4127 magis
878 4061 934 4112 isto
952 4058 1037 4112 modo
1056 4075 1109 4126 pro
1128 4063 1204 4110 certo
1223 4058 1316 4126 posita

225 4162 314 4214 quam
331 4147 361 4200 in
379 4146 470 4200 altera
487 4146 626 4212 scriptura
645 4144 798 4209 (Caelium
812 4144 953 4211 -fugit
968 4143 1201 4197 -deoursum
1220 4144 1314 4206 esse).

226 4228 347 4285 Infinita
364 4231 526 4286 huiusmodi
544 4230 693 4295 linguntur.
822 4236 825 4241 ’
