2994 5108
630 429 690 488 555

493 674 585 757 Lib.
621 675 848 781 XXXlX.¹)

169 824 248 909 Cap.
273 832 303 906 4,
326 831 360 891 2:
391 827 507 909 isque
537 825 593 906 (Μ.
617 826 751 891 Fulvius
774 826 939 903 Nobilior,
969 832 1024 910 qui
1053 852 1092 894 ex
1114 831 1238 896 AEtolia

77 931 241 1014 redierat)
264 935 313 1000 ad
336 934 456 1000 eadem
479 933 686 1017 Apollinis
715 936 754 997 in
783 944 929 999 senatu
958 958 1077 1017 quum
1108 939 1153 1003 de
1176 960 1236 1002 re·

79 1037 154 1103 hus
178 1042 217 1105 in
239 1042 391 1108 AEtolia
414 1040 766 1124 Cephalleniaque
795 1043 842 1105 ab
876 1064 915 1107 se
944 1046 1073 1127 gestis
1103 1045 1236 1110 disse·

79 1148 251 1229 ruisset,
275 1151 400 1234 petiit
422 1170 443 1214 5
466 1149 669 1233 patribus,
694 1157 736 1212 ut
759 1169 911 1232 aequum
934 1159 1156 1229 censerent,
1182 1152 1229 1218 oh
1250 1159 1322 1229 (451)

82 1274 164 1319 rem
187 1257 395 1339 publicam
419 1257 519 1322 5555
548 1277 592 1319 55
616 1256 801 1321 feliciter
823 1265 978 1338 gestam
1009 1266 1046 1322 et
1075 1259 1135 1322 (lis
1164 1261 1236 1323 im-

80 1363 332 1430 mortalibus
355 1366 546 1430 honorem
569 1364 717 1428 haberi
748 1364 888 1429 iubere
918 1366 956 1430 e't
985 1366 1062 1431 sibi
1093 1368 1237 1431 trium·

81 1458 201 1552 phum
224 1472 453 1537 decernere.
498 1472 626 1536 Petitur
656 1472 736 1535 alibi
759 1493 779 1535 a
803 1480 937 1551 senatu,
967 1481 1003 1538 ut
1037 1474 1148 1539 iubeat
1178 1474 1237 1538 ali·

85 1578 165 1661 quid
195 1586 229 1643 55
257 1579 426 1659 decernat,
460 1601 526 1644 non
554 1587 590 1643 ut
620 1601 750 1663 aequum
785 1590 917 1644 censeat
946 1581 1120 1645 decernere
1161 1581 1237 1662 (etsi

83 1683 274 1752 decernitur
296 1709 381 1771 saepe
404 1687 455 1751 his
479 1686 604 1766 verbis,
636 1709 763 1768 aequum
787 1690 914 1753 senatui
943 1689 1060 1766 videri,
1096 1689 1158 1753 hoc
1180 1697 1238 1752 aut

80 1792 275 1874 inundari,
305 1816 410 1877 neque
433 1803 543 1859 tamen
566 1795 599 1858 in
622 1796 682 1858 5511
710 1817 754 1873 re,
778 1795 819 1859 de
841 1795 965 1860 honore
988 1796 1038 1860 dis
1061 1795 1237 1877 habendo).

84 1896 166 1965 Cod.
206 1901 239 1966 M
278 1925 343 1967 non
382 1902 526 1966 iubere
566 1910 624 1967 aut
664 1903 885 1967 decernere
929 1904 1087 1986 scriptum
1127 1903 1237 1981 55555,

81 2008 140 2072 sed
185 2009 375 2075 15551555
419 2010 701 2087 decernerent,
737 2012 825 2093 qnod
866 2010 1148 2076 Weissenbornius
1187 2033 1236 2075 se·

81 2123 180 2179 cutus
203 2123 262 2180 est.
308 2118 371 2182 Sed
395 2139 547 2201 perversa
569 2138 628 2180 555
660 2117 778 2181 Latina
805 2117 874 2182 haec
904 2126 953 2182 est
982 2119 1103 2183 oratio:
1140 2126 1236 2201 peto

78 2241 100 2286 5
123 2230 287 2303 senatu,
317 2234 359 2290 ut
387 2247 539 2308 aequum
567 2233 748 2301 censeat,
779 2225 970 2290 bonorem
998 2225 1141 2290 haberi
1177 2225 1236 2289 dis

79 2329 230 2410 iubeat,
254 2331 877 2413 5115555551555555515555555,
902 2334 1046 2415 utipse
1064 2333 1235 2415 iubeam)

85 2438 154 2501 sive
189 2445 227 2503 et
260 2439 316 2522 (55
344 2462 493 2522 5555515
527 2441 637 2503 555515
672 2440 751 2520 quid
780 2447 950 2504 censeat
980 2448 1019 2505 et
1047 2440 1236 2504 honorem

83 2543 146 2609 dis
170 2545 312 2611 haberi
334 2547 500 2629 iubeat).
546 2547 707 2611 Addenda
730 2550 835 2611 55515
859 2549 973 2631 optimi
996 2549 1116 2613 codicis
1136 2549 1236 2631 scrip·

84 2659 161 2717 tura
185 2653 325 2719 duarum
347 2656 533 2720 litterarum
556 2656 736 2738 particula:
761 2656 884 2738 petiit
907 2676 926 2719 a
948 2656 1152 2739 patribus,
1177 2663 1234 2733 ut,

83 2760 117 2822 51
140 2781 293 2844 aequum
316 2769 544 2839 censerent,
568 2798 610 2806 —
633 2772 736 2826 et—
759 2762 950 2827 iuberent
973 2772 1076 2827 et-
1099 2762 1236 2827 decer·

82 2876 236 2934 nerent.
281 2870 331 2935 Ea
353 2878 403 2935 est
425 2871 591 2934 sollemnis
613 2872 648 2933 in
670 2870 730 2933 tali
752 2891 787 2933 re
811 2870 945 2952 petendi
963 2870 1135 2935 modestia.
1181 2870 1235 2934 Al·

83 2982 157 3041 tera
190 2977 377 3043 coniunctio
413 2978 552 3044 alteram
574 2978 646 3042 loco
670 2979 778 3057 movit,
807 2978 894 3058 quod
922 2999 987 3042 non
1016 2979 1064 3041 ita
1097 2999 1172 3041 raro
1201 2978 1235 3041 in

81 3083 143 3149 5511
165 3105 328 3150 concursu
350 3085 478 3150 accidit.
523 3085 647 3150 Eodem
671 3086 778 3168 555155
802 3083 818 3167 5
844 3090 880 3147 11
911 3084 959 3166 (15
987 3086 1136 3149 51551555
1159 3084 1234 3147 Ful-

82 3192 126 3256 vii
154 3200 271 3257 555515
299 3193 341 3258 51.
372 3192 494 3257 AEmilii
517 3192 668 3270 consulis,
703 3194 759 3274 qui
791 3200 870 3255 tunc
905 3191 1029 3270 aberat,
1065 3192 1234 3273 superiore

80 3306 232 3383 tempore
266 3301 552 3384 reprehensionem
586 3322 721 3365 suarum
755 3298 878 3378 rerum)
912 3299 1007 3363 valde
1037 3320 1164 3376 vereor,
1193 3318 1233 3362 no
1310 3289 1313 3295 ’

81 3405 210 3490 aliquid
233 3407 337 3473 subsit
359 3409 478 3473 occulti
501 3407 608 3472 mendi
627 3408 659 3471 in
677 3407 727 3471 his
749 3407 875 3471 verbis:
898 3406 979 3470 lam
1003 3406 1049 3470 de
1072 3405 1234 3471 deorum

79 3512 375 3580 immortalium
407 3516 573 3600 templis
606 3514 803 3598 spoliatis
826 3549 868 3558 —
902 3513 1062 3595 qualem
1087 3513 1233 3576 calum-

78 3620 186 3685 niam
214 3622 262 3687 ad
296 3623 517 3706 pontifices
551 3622 769 3687 attulerit?
812 3620 897 3685 Nam
919 3629 956 3685 ut
979 3622 1137 3700 omittam,
1162 3641 1233 3703 quae

80 3732 233 3794 excusari
261 3738 371 3814 potest
406 3731 483 3813 (vid,
507 3731 607 3813 paulo
637 3737 713 3794 ante
738 3727 1232 3808 5551111111,55),5555-

77 3837 246 3919 gationem
267 3840 471 3904 coniunctivo
489 3837 585 3903 modo
603 3838 754 3922 positam,
779 3856 852 3917 quse
872 3836 1032 3901 infinitivo
1051 3833 1159 3899 efferri
1177 3834 1232 3897 de·

104 4107 132 4173 ¹)
151 4105 188 4161 In
204 4107 257 4161 hoc
276 4113 304 4162 et
321 4109 451 4177 proximo
469 4109 549 4174 libre,
569 4106 716 4161 deficiente
734 4107 765 4174 B,
784 4124 856 4160 unus
874 4105 1023 4174 locupletis
1049 4105 1130 4158 555515
1148 4102 1232 4157 fidem

149 4191 292 4259 11555511,
312 4193 391 4246 euius
410 4199 505 4247 tamen
522 4194 716 4248 testimonium
734 4194 817 4247 nimis
837 4196 912 4258 saep'e
927 4189 1101 4244 subtrahitur
1120 4200 1167 4241 aut
1185 4189 1232 4243 ob-

149 4292 263 4330 scurum
282 4283 331 4332 555
