<?xml version="1.0" encoding="UTF-8"?>
<!DOCTYPE html PUBLIC "-//W3C//DTD XHTML 1.0 Transitional//EN"
    "http://www.w3.org/TR/xhtml1/DTD/xhtml1-transitional.dtd">
<html xmlns="http://www.w3.org/1999/xhtml" xml:lang="en" lang="en">
 <head>
  <title>
</title>
<meta http-equiv="Content-Type" content="text/html;charset=utf-8" />
  <meta name='ocr-system' content='tesseract 3.04.00' />
  <meta name='ocr-capabilities' content='ocr_page ocr_carea ocr_par ocr_line ocrx_word'/>
</head>
<body>
  <div class='ocr_page' id='page_1' title='image "./emendationesliv00madvgoog_0620.png"; bbox 0 0 2994 5108; ppageno 0'>
   <div class='ocr_carea' id='block_1_1' title="bbox 685 497 1289 564">
    <p class='ocr_par' dir='ltr' id='par_1_1' title="bbox 685 497 1289 564">
     <span class='ocr_line' id='line_1_1' title="bbox 685 497 1289 564; baseline 0.007 -6"><span class='ocrx_word' id='word_1_1' title='bbox 685 497 746 559; x_wconf 80' lang='lat'>605</span> <span class='ocrx_word' id='word_1_2' title='bbox 1135 509 1198 563; x_wconf 87' lang='lat' dir='ltr'><strong>Lib.</strong></span> <span class='ocrx_word' id='word_1_3' title='bbox 1216 508 1289 564; x_wconf 84' lang='lat' dir='ltr'>XLI.</span> 
     </span>
    </p>
   </div>
   <div class='ocr_carea' id='block_1_2' title="bbox 134 681 1378 4007">
    <p class='ocr_par' dir='ltr' id='par_1_2' title="bbox 134 681 1378 4007">
     <span class='ocr_line' id='line_1_2' title="bbox 135 681 1288 768; baseline -0.001 -21"><span class='ocrx_word' id='word_1_4' title='bbox 135 681 328 768; x_wconf 87' lang='lat' dir='ltr'>postulatio,</span> <span class='ocrx_word' id='word_1_5' title='bbox 352 682 534 766; x_wconf 75' lang='lat' dir='ltr'>prasertim</span> <span class='ocrx_word' id='word_1_6' title='bbox 563 682 606 745; x_wconf 91' lang='lat' dir='ltr'>ab</span> <span class='ocrx_word' id='word_1_7' title='bbox 635 681 771 747; x_wconf 86' lang='lat' dir='ltr'>deorum</span> <span class='ocrx_word' id='word_1_8' title='bbox 799 681 939 747; x_wconf 90' lang='lat' dir='ltr'>honore·</span> <span class='ocrx_word' id='word_1_9' title='bbox 958 683 1113 765; x_wconf 87' lang='lat' dir='ltr'>separati,</span> <span class='ocrx_word' id='word_1_10' title='bbox 1147 702 1288 746; x_wconf 88' lang='lat' dir='ltr'>comme·</span> 
     </span>
     <span class='ocr_line' id='line_1_3' title="bbox 135 790 1288 874; baseline -0.003 -18"><span class='ocrx_word' id='word_1_11' title='bbox 135 797 302 870; x_wconf 77' lang='lat' dir='ltr'>moratur,</span> <span class='ocrx_word' id='word_1_12' title='bbox 325 810 385 855; x_wconf 90' lang='lat' dir='ltr'>neo</span> <span class='ocrx_word' id='word_1_13' title='bbox 407 790 517 854; x_wconf 83' lang='lat' dir='ltr'>Livius</span> <span class='ocrx_word' id='word_1_14' title='bbox 541 790 587 853; x_wconf 88' lang='lat' dir='ltr'>sic</span> <span class='ocrx_word' id='word_1_15' title='bbox 611 790 794 874; x_wconf 87' lang='lat' dir='ltr'>scripturus</span> <span class='ocrx_word' id='word_1_16' title='bbox 818 797 903 868; x_wconf 91' lang='lat' dir='ltr'>erat,</span> <span class='ocrx_word' id='word_1_17' title='bbox 938 796 977 853; x_wconf 88' lang='lat' dir='ltr'>ut</span> <span class='ocrx_word' id='word_1_18' title='bbox 1003 791 1114 874; x_wconf 91' lang='lat' dir='ltr'>priore</span> <span class='ocrx_word' id='word_1_19' title='bbox 1135 790 1207 854; x_wconf 92' lang='lat' dir='ltr'>loco</span> <span class='ocrx_word' id='word_1_20' title='bbox 1229 790 1288 853; x_wconf 93' lang='lat' dir='ltr'>ho·</span> 
     </span>
     <span class='ocr_line' id='line_1_4' title="bbox 134 896 1288 981; baseline -0.002 -17"><span class='ocrx_word' id='word_1_21' title='bbox 134 920 235 964; x_wconf 89' lang='lat' dir='ltr'>nores</span> <span class='ocrx_word' id='word_1_22' title='bbox 259 896 423 980; x_wconf 85' lang='lat' dir='ltr'>(meritos)</span> <span class='ocrx_word' id='word_1_23' title='bbox 457 898 642 963; x_wconf 90' lang='lat' dir='ltr'>hominibus</span> <span class='ocrx_word' id='word_1_24' title='bbox 676 898 876 981; x_wconf 84' lang='lat' dir='ltr'>postulatos,</span> <span class='ocrx_word' id='word_1_25' title='bbox 911 897 1018 964; x_wconf 89' lang='lat' dir='ltr'>altero</span> <span class='ocrx_word' id='word_1_26' title='bbox 1050 898 1210 963; x_wconf 82' lang='lat' dir='ltr'>honorem</span> <span class='ocrx_word' id='word_1_27' title='bbox 1238 897 1288 962; x_wconf 89' lang='lat' dir='ltr'>dis</span> 
     </span>
     <span class='ocr_line' id='line_1_5' title="bbox 135 1005 1288 1083; baseline -0.003 -11"><span class='ocrx_word' id='word_1_28' title='bbox 135 1006 324 1072; x_wconf 88' lang='lat' dir='ltr'>habendum</span> <span class='ocrx_word' id='word_1_29' title='bbox 347 1008 540 1071; x_wconf 88' lang='lat' dir='ltr'>nominaret.</span> <span class='ocrx_word' id='word_1_30' title='bbox 576 1007 654 1083; x_wconf 85' lang='lat' dir='ltr'>Quae</span> <span class='ocrx_word' id='word_1_31' title='bbox 678 1007 722 1071; x_wconf 89' lang='lat' dir='ltr'>sit</span> <span class='ocrx_word' id='word_1_32' title='bbox 744 1007 826 1071; x_wconf 86' lang='lat' dir='ltr'>Livii</span> <span class='ocrx_word' id='word_1_33' title='bbox 849 1006 881 1070; x_wconf 93' lang='lat' dir='ltr'>in</span> <span class='ocrx_word' id='word_1_34' title='bbox 904 1005 1071 1071; x_wconf 90' lang='lat' dir='ltr'>honoris</span> <span class='ocrx_word' id='word_1_35' title='bbox 1097 1007 1228 1071; x_wconf 88' lang='lat' dir='ltr'>nomine</span> <span class='ocrx_word' id='word_1_36' title='bbox 1248 1006 1288 1069; x_wconf 92' lang='lat' dir='ltr'>de</span> 
     </span>
     <span class='ocr_line' id='line_1_6' title="bbox 137 1115 1290 1198; baseline -0.003 -17"><span class='ocrx_word' id='word_1_37' title='bbox 137 1115 202 1181; x_wconf 91' lang='lat' dir='ltr'>hoc</span> <span class='ocrx_word' id='word_1_38' title='bbox 231 1137 350 1198; x_wconf 81' lang='lat' dir='ltr'>genere</span> <span class='ocrx_word' id='word_1_39' title='bbox 379 1136 486 1180; x_wconf 89' lang='lat' dir='ltr'>rerum</span> <span class='ocrx_word' id='word_1_40' title='bbox 518 1115 671 1196; x_wconf 91' lang='lat' dir='ltr'>ponendo</span> <span class='ocrx_word' id='word_1_41' title='bbox 700 1115 916 1193; x_wconf 89' lang='lat' dir='ltr'>consuetudo,</span> <span class='ocrx_word' id='word_1_42' title='bbox 938 1115 1081 1198; x_wconf 83' lang='lat' dir='ltr'>perspici</span> <span class='ocrx_word' id='word_1_43' title='bbox 1101 1115 1227 1198; x_wconf 91' lang='lat' dir='ltr'>poterit</span> <span class='ocrx_word' id='word_1_44' title='bbox 1249 1135 1290 1178; x_wconf 86' lang='lat' dir='ltr'>ex</span> 
     </span>
     <span class='ocr_line' id='line_1_7' title="bbox 136 1221 1290 1304; baseline -0.003 -15"><span class='ocrx_word' id='word_1_45' title='bbox 136 1224 235 1289; x_wconf 90' lang='lat' dir='ltr'>huius</span> <span class='ocrx_word' id='word_1_46' title='bbox 259 1223 336 1288; x_wconf 87' lang='lat' dir='ltr'>libri</span> <span class='ocrx_word' id='word_1_47' title='bbox 359 1245 385 1289; x_wconf 90' lang='lat' dir='ltr'>o.</span> <span class='ocrx_word' id='word_1_48' title='bbox 412 1228 461 1301; x_wconf 83' lang='grc'>17,</span> <span class='ocrx_word' id='word_1_49' title='bbox 492 1227 520 1295; x_wconf 85' lang='grc'>3,</span> <span class='ocrx_word' id='word_1_50' title='bbox 545 1245 584 1287; x_wconf 86' lang='lat' dir='ltr'>ex</span> <span class='ocrx_word' id='word_1_51' title='bbox 606 1221 722 1300; x_wconf 89' lang='lat' dir='ltr'>XXVI,</span> <span class='ocrx_word' id='word_1_52' title='bbox 753 1227 803 1302; x_wconf 78' lang='lat'>21,</span> <span class='ocrx_word' id='word_1_53' title='bbox 828 1226 856 1301; x_wconf 90' lang='lat'>3,</span> <span class='ocrx_word' id='word_1_54' title='bbox 879 1222 1028 1302; x_wconf 89' lang='lat' dir='ltr'>XXVIII,</span> <span class='ocrx_word' id='word_1_55' title='bbox 1052 1228 1081 1303; x_wconf 90' lang='grc'>9,</span> <span class='ocrx_word' id='word_1_56' title='bbox 1105 1228 1124 1288; x_wconf 84' lang='lat' dir='ltr'>&#39;l</span> <span class='ocrx_word' id='word_1_57' title='bbox 1147 1223 1201 1304; x_wconf 85' lang='lat' dir='ltr'>(et</span> <span class='ocrx_word' id='word_1_58' title='bbox 1230 1221 1290 1287; x_wconf 90' lang='lat' dir='ltr'>dis</span> 
     </span>
     <span class='ocr_line' id='line_1_8' title="bbox 138 1311 1289 1415; baseline -0.003 -18"><span class='ocrx_word' id='word_1_59' title='bbox 138 1311 444 1397; x_wconf 87' lang='lat' dir='ltr'>immortalibus</span> <span class='ocrx_word' id='word_1_60' title='bbox 467 1331 693 1396; x_wconf 81' lang='lat' dir='ltr'>haberetur</span> <span class='ocrx_word' id='word_1_61' title='bbox 715 1331 843 1396; x_wconf 82' lang='lat' dir='ltr'>honos</span> <span class='ocrx_word' id='word_1_62' title='bbox 866 1336 906 1395; x_wconf 93' lang='lat' dir='ltr'>et</span> <span class='ocrx_word' id='word_1_63' title='bbox 923 1332 1025 1415; x_wconf 89' lang='lat' dir='ltr'>ipsis</span> <span class='ocrx_word' id='word_1_64' title='bbox 1042 1331 1289 1415; x_wconf 90' lang='lat' dir='ltr'>triumphan-</span> 
     </span>
     <span class='ocr_line' id='line_1_9' title="bbox 136 1438 1288 1522; baseline -0.001 -18"><span class='ocrx_word' id='word_1_65' title='bbox 136 1439 249 1504; x_wconf 88' lang='lat' dir='ltr'>tibus</span> <span class='ocrx_word' id='word_1_66' title='bbox 274 1440 410 1504; x_wconf 90' lang='lat' dir='ltr'>urbem</span> <span class='ocrx_word' id='word_1_67' title='bbox 432 1441 538 1504; x_wconf 90' lang='lat' dir='ltr'>inire</span> <span class='ocrx_word' id='word_1_68' title='bbox 561 1438 732 1521; x_wconf 86' lang='lat' dir='ltr'>liceret),</span> <span class='ocrx_word' id='word_1_69' title='bbox 755 1438 904 1518; x_wconf 85' lang='lat' dir='ltr'>XXXIII,</span> <span class='ocrx_word' id='word_1_70' title='bbox 928 1443 977 1511; x_wconf 71' lang='lat'>22,</span> <span class='ocrx_word' id='word_1_71' title='bbox 1002 1444 1020 1503; x_wconf 92' lang='lat'><strong>5</strong></span> <span class='ocrx_word' id='word_1_72' title='bbox 1049 1439 1138 1519; x_wconf 89' lang='lat' dir='ltr'>(non</span> <span class='ocrx_word' id='word_1_73' title='bbox 1161 1440 1288 1522; x_wconf 82' lang='lat' dir='ltr'>magis</span> 
     </span>
     <span class='ocr_line' id='line_1_10' title="bbox 138 1545 1289 1632; baseline -0.001 -19"><span class='ocrx_word' id='word_1_74' title='bbox 138 1548 185 1613; x_wconf 84' lang='lat' dir='ltr'>de</span> <span class='ocrx_word' id='word_1_75' title='bbox 208 1548 415 1632; x_wconf 91' lang='lat' dir='ltr'>triumpho</span> <span class='ocrx_word' id='word_1_76' title='bbox 444 1549 529 1613; x_wconf 85' lang='lat' dir='ltr'>eius</span> <span class='ocrx_word' id='word_1_77' title='bbox 564 1569 680 1631; x_wconf 91' lang='lat' dir='ltr'>quam</span> <span class='ocrx_word' id='word_1_78' title='bbox 714 1547 760 1611; x_wconf 93' lang='lat' dir='ltr'>de</span> <span class='ocrx_word' id='word_1_79' title='bbox 783 1545 935 1611; x_wconf 89' lang='lat' dir='ltr'>honore</span> <span class='ocrx_word' id='word_1_80' title='bbox 959 1547 1018 1611; x_wconf 91' lang='lat' dir='ltr'>dis</span> <span class='ocrx_word' id='word_1_81' title='bbox 1046 1548 1289 1613; x_wconf 90' lang='lat' dir='ltr'>immortali·</span> 
     </span>
     <span class='ocr_line' id='line_1_11' title="bbox 137 1654 1289 1738; baseline -0.003 -16"><span class='ocrx_word' id='word_1_82' title='bbox 137 1656 213 1723; x_wconf 89' lang='lat' dir='ltr'>bus</span> <span class='ocrx_word' id='word_1_83' title='bbox 236 1656 415 1721; x_wconf 90' lang='lat' dir='ltr'>habendo</span> <span class='ocrx_word' id='word_1_84' title='bbox 440 1654 649 1737; x_wconf 86' lang='lat' dir='ltr'>dubitari),</span> <span class='ocrx_word' id='word_1_85' title='bbox 683 1654 813 1734; x_wconf 86' lang='lat' dir='ltr'>XXXV,</span> <span class='ocrx_word' id='word_1_86' title='bbox 842 1659 871 1732; x_wconf 86' lang='lat'>8,</span> <span class='ocrx_word' id='word_1_87' title='bbox 902 1659 920 1719; x_wconf 87' lang='grc'>3</span> <span class='ocrx_word' id='word_1_88' title='bbox 950 1656 1133 1738; x_wconf 85' lang='lat' dir='ltr'>(questus</span> <span class='ocrx_word' id='word_1_89' title='bbox 1156 1663 1216 1720; x_wconf 90' lang='lat' dir='ltr'>est</span> <span class='ocrx_word' id='word_1_90' title='bbox 1236 1691 1289 1732; x_wconf 91' lang='lat'>-,</span> 
     </span>
     <span class='ocr_line' id='line_1_12' title="bbox 136 1763 1290 1848; baseline -0.002 -18"><span class='ocrx_word' id='word_1_91' title='bbox 136 1764 309 1848; x_wconf 90' lang='lat' dir='ltr'>quod-</span> <span class='ocrx_word' id='word_1_92' title='bbox 332 1787 408 1830; x_wconf 92' lang='lat' dir='ltr'>non</span> <span class='ocrx_word' id='word_1_93' title='bbox 431 1772 543 1830; x_wconf 88' lang='lat' dir='ltr'>esset</span> <span class='ocrx_word' id='word_1_94' title='bbox 564 1765 731 1828; x_wconf 89' lang='lat' dir='ltr'>babitus</span> <span class='ocrx_word' id='word_1_95' title='bbox 749 1765 810 1828; x_wconf 87' lang='lat' dir='ltr'>dis</span> <span class='ocrx_word' id='word_1_96' title='bbox 827 1763 1127 1829; x_wconf 79' lang='lat' dir='ltr'>immortalibus</span> <span class='ocrx_word' id='word_1_97' title='bbox 1145 1764 1290 1843; x_wconf 90' lang='lat' dir='ltr'>honos;</span> 
     </span>
     <span class='ocr_line' id='line_1_13' title="bbox 136 1872 1290 1959; baseline -0.001 -21"><span class='ocrx_word' id='word_1_98' title='bbox 136 1874 366 1959; x_wconf 87' lang='lat' dir='ltr'>postulavit</span> <span class='ocrx_word' id='word_1_99' title='bbox 390 1873 551 1952; x_wconf 91' lang='lat' dir='ltr'>deinde,</span> <span class='ocrx_word' id='word_1_100' title='bbox 575 1878 618 1936; x_wconf 89' lang='lat' dir='ltr'>ut</span> <span class='ocrx_word' id='word_1_101' title='bbox 642 1872 986 1956; x_wconf 82' lang='lat' dir='ltr'>supplicationem</span> <span class='ocrx_word' id='word_1_102' title='bbox 1009 1872 1129 1938; x_wconf 90' lang='lat' dir='ltr'>simul</span> <span class='ocrx_word' id='word_1_103' title='bbox 1151 1873 1290 1937; x_wconf 92' lang='lat' dir='ltr'>trium·</span> 
     </span>
     <span class='ocr_line' id='line_1_14' title="bbox 137 1979 1289 2067; baseline -0.002 -21"><span class='ocrx_word' id='word_1_104' title='bbox 137 1982 340 2067; x_wconf 89' lang='lat' dir='ltr'>phumque</span> <span class='ocrx_word' id='word_1_105' title='bbox 374 1980 664 2061; x_wconf 84' lang='lat' dir='ltr'>decernerent),</span> <span class='ocrx_word' id='word_1_106' title='bbox 698 1979 877 2059; x_wconf 87' lang='lat' dir='ltr'>XXXVIII,</span> <span class='ocrx_word' id='word_1_107' title='bbox 905 1986 955 2059; x_wconf 90' lang='lat'>44,</span> <span class='ocrx_word' id='word_1_108' title='bbox 987 1984 1036 2061; x_wconf 90' lang='grc'>10,</span> <span class='ocrx_word' id='word_1_109' title='bbox 1067 1980 1134 2046; x_wconf 92' lang='lat' dir='ltr'>ibd.</span> <span class='ocrx_word' id='word_1_110' title='bbox 1164 1986 1214 2059; x_wconf 85' lang='lat'>48,</span> <span class='ocrx_word' id='word_1_111' title='bbox 1241 1984 1289 2058; x_wconf 88' lang='grc'>16,</span> 
     </span>
     <span class='ocr_line' id='line_1_15' title="bbox 135 2088 1290 2173; baseline 0.001 -20"><span class='ocrx_word' id='word_1_112' title='bbox 135 2088 292 2168; x_wconf 91' lang='lat' dir='ltr'>XXXIX,</span> <span class='ocrx_word' id='word_1_113' title='bbox 320 2096 349 2168; x_wconf 87' lang='lat'>4,</span> <span class='ocrx_word' id='word_1_114' title='bbox 381 2093 399 2153; x_wconf 79' lang='lat'><strong>2</strong></span> <span class='ocrx_word' id='word_1_115' title='bbox 429 2094 514 2167; x_wconf 89' lang='grc'><strong>116,</strong></span> <span class='ocrx_word' id='word_1_116' title='bbox 542 2088 609 2153; x_wconf 91' lang='lat' dir='ltr'>ihd.</span> <span class='ocrx_word' id='word_1_117' title='bbox 640 2092 689 2167; x_wconf 83' lang='lat'>38,</span> <span class='ocrx_word' id='word_1_118' title='bbox 713 2094 741 2153; x_wconf 84' lang='lat'>5.</span> <span class='ocrx_word' id='word_1_119' title='bbox 786 2089 969 2173; x_wconf 81' lang='lat' dir='ltr'>Apparebit</span> <span class='ocrx_word' id='word_1_120' title='bbox 1001 2089 1061 2154; x_wconf 93' lang='lat' dir='ltr'>hos</span> <span class='ocrx_word' id='word_1_121' title='bbox 1089 2089 1182 2154; x_wconf 88' lang='lat' dir='ltr'>locos</span> <span class='ocrx_word' id='word_1_122' title='bbox 1217 2111 1290 2172; x_wconf 89' lang='lat' dir='ltr'>per·</span> 
     </span>
     <span class='ocr_line' id='line_1_16' title="bbox 135 2196 1290 2281; baseline -0.001 -18"><span class='ocrx_word' id='word_1_123' title='bbox 135 2198 312 2275; x_wconf 84' lang='lat' dir='ltr'>lustranti,</span> <span class='ocrx_word' id='word_1_124' title='bbox 341 2198 477 2262; x_wconf 89' lang='lat' dir='ltr'>honoris</span> <span class='ocrx_word' id='word_1_125' title='bbox 511 2196 653 2262; x_wconf 87' lang='lat' dir='ltr'>habendi</span> <span class='ocrx_word' id='word_1_126' title='bbox 686 2198 885 2262; x_wconf 91' lang='lat' dir='ltr'>mentionem</span> <span class='ocrx_word' id='word_1_127' title='bbox 914 2219 1042 2281; x_wconf 87' lang='lat' dir='ltr'>semper</span> <span class='ocrx_word' id='word_1_128' title='bbox 1069 2197 1112 2262; x_wconf 90' lang='lat' dir='ltr'>ad</span> <span class='ocrx_word' id='word_1_129' title='bbox 1145 2197 1223 2261; x_wconf 90' lang='lat' dir='ltr'>deos</span> <span class='ocrx_word' id='word_1_130' title='bbox 1256 2204 1290 2263; x_wconf 91' lang='lat' dir='ltr'>et</span> 
     </span>
     <span class='ocr_line' id='line_1_17' title="bbox 135 2305 1289 2390; baseline 0 -19"><span class='ocrx_word' id='word_1_131' title='bbox 135 2307 183 2371; x_wconf 81' lang='lat' dir='ltr'>ad</span> <span class='ocrx_word' id='word_1_132' title='bbox 206 2307 477 2389; x_wconf 82' lang='lat' dir='ltr'>supplicationem</span> <span class='ocrx_word' id='word_1_133' title='bbox 500 2307 674 2388; x_wconf 88' lang='lat' dir='ltr'>pertinere,</span> <span class='ocrx_word' id='word_1_134' title='bbox 697 2306 756 2369; x_wconf 88' lang='lat' dir='ltr'>ubi</span> <span class='ocrx_word' id='word_1_135' title='bbox 778 2313 887 2371; x_wconf 87' lang='lat' dir='ltr'>autem</span> <span class='ocrx_word' id='word_1_136' title='bbox 910 2306 950 2371; x_wconf 92' lang='lat' dir='ltr'>de</span> <span class='ocrx_word' id='word_1_137' title='bbox 972 2305 1140 2390; x_wconf 90' lang='lat' dir='ltr'>triumpho</span> <span class='ocrx_word' id='word_1_138' title='bbox 1163 2313 1289 2388; x_wconf 84' lang='lat' dir='ltr'>agatur,</span> 
     </span>
     <span class='ocr_line' id='line_1_18' title="bbox 135 2414 1291 2499; baseline 0 -19"><span class='ocrx_word' id='word_1_139' title='bbox 135 2435 212 2480; x_wconf 88' lang='lat' dir='ltr'>eam</span> <span class='ocrx_word' id='word_1_140' title='bbox 234 2416 327 2499; x_wconf 88' lang='lat' dir='ltr'>poni,</span> <span class='ocrx_word' id='word_1_141' title='bbox 351 2414 439 2497; x_wconf 90' lang='lat' dir='ltr'>quod</span> <span class='ocrx_word' id='word_1_142' title='bbox 462 2416 494 2478; x_wconf 93' lang='lat' dir='ltr'>in</span> <span class='ocrx_word' id='word_1_143' title='bbox 518 2414 683 2496; x_wconf 90' lang='lat' dir='ltr'>triumpho</span> <span class='ocrx_word' id='word_1_144' title='bbox 707 2415 807 2478; x_wconf 90' lang='lat' dir='ltr'>etiam</span> <span class='ocrx_word' id='word_1_145' title='bbox 832 2414 881 2479; x_wconf 91' lang='lat' dir='ltr'>dis</span> <span class='ocrx_word' id='word_1_146' title='bbox 905 2414 1161 2498; x_wconf 88' lang='lat' dir='ltr'>supplicaretur,</span> <span class='ocrx_word' id='word_1_147' title='bbox 1185 2415 1291 2480; x_wconf 89' lang='lat' dir='ltr'>altero</span> 
     </span>
     <span class='ocr_line' id='line_1_19' title="bbox 136 2522 1378 2611; baseline 0.004 -23"><span class='ocrx_word' id='word_1_148' title='bbox 136 2522 213 2588; x_wconf 92' lang='lat' dir='ltr'>Ioco</span> <span class='ocrx_word' id='word_1_149' title='bbox 241 2525 345 2607; x_wconf 89' lang='lat' dir='ltr'>ipsius</span> <span class='ocrx_word' id='word_1_150' title='bbox 367 2523 526 2604; x_wconf 91' lang='lat' dir='ltr'>triumphi</span> <span class='ocrx_word' id='word_1_151' title='bbox 555 2523 748 2604; x_wconf 88' lang='lat' dir='ltr'>petitionem</span> <span class='ocrx_word' id='word_1_152' title='bbox 781 2522 924 2605; x_wconf 78' lang='lat' dir='ltr'>adiungi.</span> <span class='ocrx_word' id='word_1_153' title='bbox 970 2522 1086 2607; x_wconf 88' lang='lat' dir='ltr'>ltaque</span> <span class='ocrx_word' id='word_1_154' title='bbox 1118 2522 1181 2588; x_wconf 91' lang='lat' dir='ltr'>hoc</span> <span class='ocrx_word' id='word_1_155' title='bbox 1213 2523 1378 2611; x_wconf 68' lang='lat' dir='ltr'>locarier)</span> 
     </span>
     <span class='ocr_line' id='line_1_20' title="bbox 136 2630 1293 2714; baseline 0.002 -19"><span class='ocrx_word' id='word_1_156' title='bbox 136 2632 328 2696; x_wconf 86' lang='lat' dir='ltr'>necessario</span> <span class='ocrx_word' id='word_1_157' title='bbox 374 2630 582 2694; x_wconf 89' lang='lat' dir='ltr'>scribendum</span> <span class='ocrx_word' id='word_1_158' title='bbox 627 2635 691 2694; x_wconf 88' lang='lat' dir='ltr'>est:</span> <span class='ocrx_word' id='word_1_159' title='bbox 732 2631 1122 2714; x_wconf 82' lang='lat' dir='ltr'>postulandumque,</span> <span class='ocrx_word' id='word_1_160' title='bbox 1166 2631 1293 2697; x_wconf 87' lang='lat' dir='ltr'>honos</span> 
     </span>
     <span class='ocr_line' id='line_1_21' title="bbox 135 2737 1293 2823; baseline 0 -19"><span class='ocrx_word' id='word_1_161' title='bbox 135 2738 313 2804; x_wconf 87' lang='lat' dir='ltr'>meritus</span> <span class='ocrx_word' id='word_1_162' title='bbox 348 2746 391 2802; x_wconf 91' lang='lat' dir='ltr'>ut</span> <span class='ocrx_word' id='word_1_163' title='bbox 424 2739 483 2802; x_wconf 90' lang='lat' dir='ltr'>dis</span> <span class='ocrx_word' id='word_1_164' title='bbox 512 2737 815 2803; x_wconf 87' lang='lat' dir='ltr'>immortalibus</span> <span class='ocrx_word' id='word_1_165' title='bbox 846 2738 1074 2803; x_wconf 88' lang='lat' dir='ltr'>haberetur.</span> <span class='ocrx_word' id='word_1_166' title='bbox 1120 2737 1293 2823; x_wconf 82' lang='lat' dir='ltr'>Scriptura</span> 
     </span>
     <span class='ocr_line' id='line_1_22' title="bbox 137 2844 1294 2928; baseline 0.001 -16"><span class='ocrx_word' id='word_1_167' title='bbox 137 2846 299 2912; x_wconf 86' lang='lat' dir='ltr'>mendosa</span> <span class='ocrx_word' id='word_1_168' title='bbox 331 2853 444 2911; x_wconf 91' lang='lat' dir='ltr'>totane</span> <span class='ocrx_word' id='word_1_169' title='bbox 479 2847 511 2909; x_wconf 93' lang='lat' dir='ltr'>in</span> <span class='ocrx_word' id='word_1_170' title='bbox 546 2846 659 2910; x_wconf 89' lang='lat' dir='ltr'>codice</span> <span class='ocrx_word' id='word_1_171' title='bbox 693 2844 795 2909; x_wconf 87' lang='lat' dir='ltr'>fuerit</span> <span class='ocrx_word' id='word_1_172' title='bbox 827 2867 869 2910; x_wconf 90' lang='lat' dir='ltr'>an</span> <span class='ocrx_word' id='word_1_173' title='bbox 902 2848 1083 2910; x_wconf 86' lang='lat' dir='ltr'>accesserit</span> <span class='ocrx_word' id='word_1_174' title='bbox 1105 2846 1230 2928; x_wconf 89' lang='lat' dir='ltr'>aliquid</span> <span class='ocrx_word' id='word_1_175' title='bbox 1253 2870 1294 2913; x_wconf 87' lang='lat' dir='ltr'>ex</span> 
     </span>
     <span class='ocr_line' id='line_1_23' title="bbox 135 2953 1293 3038; baseline 0.002 -19"><span class='ocrx_word' id='word_1_176' title='bbox 135 2956 246 3019; x_wconf 90' lang='lat' dir='ltr'>minus</span> <span class='ocrx_word' id='word_1_177' title='bbox 280 2954 368 3017; x_wconf 86' lang='lat' dir='ltr'>felici</span> <span class='ocrx_word' id='word_1_178' title='bbox 397 2956 527 3037; x_wconf 78' lang='lat' dir='ltr'>Grynrei</span> <span class='ocrx_word' id='word_1_179' title='bbox 556 2959 690 3030; x_wconf 86' lang='lat' dir='ltr'>conatu,</span> <span class='ocrx_word' id='word_1_180' title='bbox 724 2954 851 3031; x_wconf 76' lang='lat' dir='ltr'>nescio,</span> <span class='ocrx_word' id='word_1_181' title='bbox 887 2953 974 3034; x_wconf 91' lang='lat' dir='ltr'>quod</span> <span class='ocrx_word' id='word_1_182' title='bbox 1003 2974 1043 3018; x_wconf 82' lang='lat' dir='ltr'>ex</span> <span class='ocrx_word' id='word_1_183' title='bbox 1070 2953 1135 3018; x_wconf 89' lang='lat' dir='ltr'>his:</span> <span class='ocrx_word' id='word_1_184' title='bbox 1157 2962 1293 3038; x_wconf 89' lang='lat' dir='ltr'>postu-</span> 
     </span>
     <span class='ocr_line' id='line_1_24' title="bbox 135 3060 1292 3145; baseline 0.002 -18"><span class='ocrx_word' id='word_1_185' title='bbox 135 3062 389 3145; x_wconf 89' lang='lat' dir='ltr'>landumque</span> <span class='ocrx_word' id='word_1_186' title='bbox 412 3062 540 3126; x_wconf 88' lang='lat' dir='ltr'>honos</span> <span class='ocrx_word' id='word_1_187' title='bbox 563 3062 732 3125; x_wconf 89' lang='lat' dir='ltr'>meritus</span> <span class='ocrx_word' id='word_1_188' title='bbox 755 3060 876 3124; x_wconf 81' lang='lat' dir='ltr'>factrrm</span> <span class='ocrx_word' id='word_1_189' title='bbox 896 3061 983 3125; x_wconf 91' lang='lat' dir='ltr'>dico:</span> <span class='ocrx_word' id='word_1_190' title='bbox 1008 3062 1292 3145; x_wconf 88' lang='lat' dir='ltr'>postulandos·</span> 
     </span>
     <span class='ocr_line' id='line_1_25' title="bbox 136 3169 1293 3253; baseline 0.003 -19"><span class='ocrx_word' id='word_1_191' title='bbox 136 3192 215 3253; x_wconf 91' lang='lat' dir='ltr'>que</span> <span class='ocrx_word' id='word_1_192' title='bbox 238 3171 412 3234; x_wconf 91' lang='lat' dir='ltr'>honores</span> <span class='ocrx_word' id='word_1_193' title='bbox 436 3171 615 3243; x_wconf 90' lang='lat' dir='ltr'>meritos,</span> <span class='ocrx_word' id='word_1_194' title='bbox 639 3170 707 3232; x_wconf 90' lang='lat' dir='ltr'>eius</span> <span class='ocrx_word' id='word_1_195' title='bbox 725 3170 854 3250; x_wconf 90' lang='lat' dir='ltr'>quidem</span> <span class='ocrx_word' id='word_1_196' title='bbox 875 3169 993 3231; x_wconf 86' lang='lat' dir='ltr'>similia</span> <span class='ocrx_word' id='word_1_197' title='bbox 1009 3170 1175 3252; x_wconf 86' lang='lat' dir='ltr'>permulta</span> <span class='ocrx_word' id='word_1_198' title='bbox 1192 3172 1293 3237; x_wconf 90' lang='lat' dir='ltr'>libra·</span> 
     </span>
     <span class='ocr_line' id='line_1_26' title="bbox 136 3277 1291 3361; baseline 0 -16"><span class='ocrx_word' id='word_1_199' title='bbox 136 3280 209 3345; x_wconf 82' lang='lat' dir='ltr'>rius</span> <span class='ocrx_word' id='word_1_200' title='bbox 233 3280 406 3342; x_wconf 78' lang='lat' dir='ltr'>commisIt.</span> <span class='ocrx_word' id='word_1_201' title='bbox 430 3278 493 3343; x_wconf 89' lang='lat' dir='ltr'>Sed</span> <span class='ocrx_word' id='word_1_202' title='bbox 518 3277 724 3341; x_wconf 89' lang='lat' dir='ltr'>desideratur</span> <span class='ocrx_word' id='word_1_203' title='bbox 745 3278 847 3360; x_wconf 89' lang='lat' dir='ltr'>ipsius</span> <span class='ocrx_word' id='word_1_204' title='bbox 866 3277 1022 3360; x_wconf 86' lang='lat' dir='ltr'>triumphi</span> <span class='ocrx_word' id='word_1_205' title='bbox 1046 3280 1140 3361; x_wconf 88' lang='lat' dir='ltr'>petiti</span> <span class='ocrx_word' id='word_1_206' title='bbox 1158 3282 1291 3360; x_wconf 92' lang='lat' dir='ltr'>mentio,</span> 
     </span>
     <span class='ocr_line' id='line_1_27' title="bbox 142 3385 1293 3471; baseline 0 -19"><span class='ocrx_word' id='word_1_207' title='bbox 142 3388 201 3471; x_wconf 89' lang='lat' dir='ltr'>qui</span> <span class='ocrx_word' id='word_1_208' title='bbox 222 3407 249 3452; x_wconf 88' lang='lat' dir='ltr'>c.</span> <span class='ocrx_word' id='word_1_209' title='bbox 275 3391 303 3465; x_wconf 80' lang='lat'>7,</span> <span class='ocrx_word' id='word_1_210' title='bbox 329 3392 343 3449; x_wconf 95' lang='grc'>1</span> <span class='ocrx_word' id='word_1_211' title='bbox 370 3393 462 3450; x_wconf 88' lang='lat' dir='ltr'>actus</span> <span class='ocrx_word' id='word_1_212' title='bbox 486 3393 767 3450; x_wconf 86' lang='lat' dir='ltr'>commemoratur.</span> <span class='ocrx_word' id='word_1_213' title='bbox 802 3385 884 3449; x_wconf 88' lang='lat' dir='ltr'>Eam</span> <span class='ocrx_word' id='word_1_214' title='bbox 902 3391 1012 3449; x_wconf 86' lang='lat' dir='ltr'>utrum</span> <span class='ocrx_word' id='word_1_215' title='bbox 1034 3385 1188 3451; x_wconf 89' lang='lat' dir='ltr'>librarius</span> <span class='ocrx_word' id='word_1_216' title='bbox 1213 3389 1293 3452; x_wconf 91' lang='lat' dir='ltr'>omi-</span> 
     </span>
     <span class='ocr_line' id='line_1_28' title="bbox 141 3492 1289 3579; baseline -0.003 -14"><span class='ocrx_word' id='word_1_217' title='bbox 141 3495 224 3565; x_wconf 79' lang='lat' dir='ltr'>serit</span> <span class='ocrx_word' id='word_1_218' title='bbox 257 3517 300 3561; x_wconf 88' lang='lat' dir='ltr'>an</span> <span class='ocrx_word' id='word_1_219' title='bbox 333 3494 443 3559; x_wconf 85' lang='lat' dir='ltr'>Livius</span> <span class='ocrx_word' id='word_1_220' title='bbox 471 3494 501 3558; x_wconf 89' lang='lat' dir='ltr'>h.</span> <span class='ocrx_word' id='word_1_221' title='bbox 525 3494 546 3557; x_wconf 92' lang='lat' dir='ltr'>l.</span> <span class='ocrx_word' id='word_1_222' title='bbox 572 3514 612 3556; x_wconf 86' lang='lat' dir='ltr'>ex</span> <span class='ocrx_word' id='word_1_223' title='bbox 633 3493 767 3557; x_wconf 89' lang='lat' dir='ltr'>honoris</span> <span class='ocrx_word' id='word_1_224' title='bbox 801 3492 937 3557; x_wconf 89' lang='lat' dir='ltr'>deorum</span> <span class='ocrx_word' id='word_1_225' title='bbox 970 3500 1003 3557; x_wconf 94' lang='grc'>11</span> <span class='ocrx_word' id='word_1_226' title='bbox 1036 3495 1289 3579; x_wconf 87' lang='lat' dir='ltr'>supplicationis</span> 
     </span>
     <span class='ocr_line' id='line_1_29' title="bbox 138 3599 1292 3687; baseline 0.001 -19"><span class='ocrx_word' id='word_1_227' title='bbox 138 3603 306 3675; x_wconf 89' lang='lat' dir='ltr'>mentione</span> <span class='ocrx_word' id='word_1_228' title='bbox 329 3602 476 3684; x_wconf 83' lang='lat' dir='ltr'>intellegi</span> <span class='ocrx_word' id='word_1_229' title='bbox 498 3600 651 3675; x_wconf 85' lang='lat' dir='ltr'>voluerit,</span> <span class='ocrx_word' id='word_1_230' title='bbox 675 3621 739 3664; x_wconf 90' lang='lat' dir='ltr'>non</span> <span class='ocrx_word' id='word_1_231' title='bbox 762 3599 898 3673; x_wconf 77' lang='lat' dir='ltr'>definio,</span> <span class='ocrx_word' id='word_1_232' title='bbox 922 3600 979 3665; x_wconf 87' lang='lat' dir='ltr'>sed</span> <span class='ocrx_word' id='word_1_233' title='bbox 1002 3603 1037 3666; x_wconf 91' lang='lat' dir='ltr'>in</span> <span class='ocrx_word' id='word_1_234' title='bbox 1058 3602 1142 3668; x_wconf 91' lang='lat' dir='ltr'>hanc</span> <span class='ocrx_word' id='word_1_235' title='bbox 1164 3610 1292 3687; x_wconf 89' lang='lat' dir='ltr'>partem</span> 
     </span>
     <span class='ocr_line' id='line_1_30' title="bbox 140 3707 1291 3793; baseline 0 -17"><span class='ocrx_word' id='word_1_236' title='bbox 140 3711 261 3776; x_wconf 89' lang='lat' dir='ltr'>inclino</span> <span class='ocrx_word' id='word_1_237' title='bbox 283 3731 344 3775; x_wconf 87' lang='lat' dir='ltr'>nec</span> <span class='ocrx_word' id='word_1_238' title='bbox 366 3711 552 3793; x_wconf 85' lang='lat' dir='ltr'>suspicione</span> <span class='ocrx_word' id='word_1_239' title='bbox 575 3708 662 3772; x_wconf 91' lang='lat' dir='ltr'>ultra</span> <span class='ocrx_word' id='word_1_240' title='bbox 684 3708 887 3791; x_wconf 86' lang='lat' dir='ltr'>progredior.</span> <span class='ocrx_word' id='word_1_241' title='bbox 933 3707 964 3790; x_wconf 65' lang='grc' dir='ltr'>(ἓ</span> <span class='ocrx_word' id='word_1_242' title='bbox 987 3714 1006 3773; x_wconf 85' lang='grc'><strong>9</strong></span> <span class='ocrx_word' id='word_1_243' title='bbox 1028 3711 1144 3775; x_wconf 81' lang='lat' dir='ltr'>vellem</span> <span class='ocrx_word' id='word_1_244' title='bbox 1166 3712 1291 3777; x_wconf 90' lang='lat' dir='ltr'>obtem-</span> 
     </span>
     <span class='ocr_line' id='line_1_31' title="bbox 142 3816 1290 3903; baseline 0.001 -19"><span class='ocrx_word' id='word_1_245' title='bbox 142 3825 294 3903; x_wconf 86' lang='lat' dir='ltr'>peratum</span> <span class='ocrx_word' id='word_1_246' title='bbox 323 3839 343 3882; x_wconf 91' lang='lat' dir='ltr'>a</span> <span class='ocrx_word' id='word_1_247' title='bbox 370 3817 607 3883; x_wconf 85' lang='lat' dir='ltr'>recentioribus</span> <span class='ocrx_word' id='word_1_248' title='bbox 640 3816 789 3893; x_wconf 86' lang='lat' dir='ltr'>Dukero,</span> <span class='ocrx_word' id='word_1_249' title='bbox 817 3817 873 3900; x_wconf 92' lang='lat' dir='ltr'>qui</span> <span class='ocrx_word' id='word_1_250' title='bbox 900 3824 989 3881; x_wconf 88' lang='lat' dir='ltr'>recte</span> <span class='ocrx_word' id='word_1_251' title='bbox 1022 3818 1187 3897; x_wconf 83' lang='lat' dir='ltr'>iudicarit,</span> <span class='ocrx_word' id='word_1_252' title='bbox 1220 3843 1290 3903; x_wconf 88' lang='lat' dir='ltr'>pu·</span> 
     </span>
     <span class='ocr_line' id='line_1_32' title="bbox 143 3923 636 4007; baseline -0.008 -15"><span class='ocrx_word' id='word_1_253' title='bbox 143 3924 250 3992; x_wconf 90' lang='lat' dir='ltr'>blioe</span> <span class='ocrx_word' id='word_1_254' title='bbox 272 3926 480 3991; x_wconf 86' lang='lat' dir='ltr'>scribendum</span> <span class='ocrx_word' id='word_1_255' title='bbox 503 3923 636 4007; x_wconf 86' lang='lat' dir='ltr'>esse.)¹)</span> 
     </span>
    </p>
   </div>
   <div class='ocr_carea' id='block_1_3' title="bbox 140 4063 368 4075">
    <p class='ocr_par' dir='ltr' id='par_1_3' title="bbox 140 4063 368 4075">
     <span class='ocr_line' id='line_1_33' title="bbox 140 4063 368 4075; baseline 0 -1"><span class='ocrx_word' id='word_1_256' title='bbox 140 4063 368 4075; x_wconf 46' lang='grc' dir='ltr'>Ἠ-</span> 
     </span>
    </p>
   </div>
   <div class='ocr_carea' id='block_1_4' title="bbox 162 4126 1291 4371">
    <p class='ocr_par' dir='ltr' id='par_1_4' title="bbox 162 4126 1291 4371">
     <span class='ocr_line' id='line_1_34' title="bbox 162 4126 1291 4198; baseline 0.002 -16"><span class='ocrx_word' id='word_1_257' title='bbox 162 4130 189 4197; x_wconf 79' lang='lat'>¹)</span> <span class='ocrx_word' id='word_1_258' title='bbox 208 4127 274 4198; x_wconf 81' lang='lat' dir='ltr'>Cap.</span> <span class='ocrx_word' id='word_1_259' title='bbox 295 4130 319 4194; x_wconf 85' lang='grc'>7,</span> <span class='ocrx_word' id='word_1_260' title='bbox 338 4131 355 4181; x_wconf 82' lang='lat'>2</span> <span class='ocrx_word' id='word_1_261' title='bbox 372 4146 429 4182; x_wconf 92' lang='lat' dir='ltr'>non</span> <span class='ocrx_word' id='word_1_262' title='bbox 447 4134 522 4182; x_wconf 87' lang='lat' dir='ltr'>recte</span> <span class='ocrx_word' id='word_1_263' title='bbox 541 4127 623 4182; x_wconf 85' lang='lat' dir='ltr'>alteri</span> <span class='ocrx_word' id='word_1_264' title='bbox 641 4126 750 4180; x_wconf 86' lang='lat' dir='ltr'>consuli</span> <span class='ocrx_word' id='word_1_265' title='bbox 773 4143 936 4196; x_wconf 84' lang='lat' dir='ltr'>praenomen</span> <span class='ocrx_word' id='word_1_266' title='bbox 964 4127 1077 4182; x_wconf 88' lang='lat' dir='ltr'>additur</span> <span class='ocrx_word' id='word_1_267' title='bbox 1095 4128 1175 4196; x_wconf 82' lang='lat' dir='ltr'>(Ti),</span> <span class='ocrx_word' id='word_1_268' title='bbox 1193 4134 1291 4184; x_wconf 88' lang='lat' dir='ltr'>natum</span> 
     </span>
     <span class='ocr_line' id='line_1_35' title="bbox 207 4212 1290 4283; baseline 0.004 -16"><span class='ocrx_word' id='word_1_269' title='bbox 207 4230 242 4268; x_wconf 85' lang='lat' dir='ltr'>ex</span> <span class='ocrx_word' id='word_1_270' title='bbox 261 4213 439 4283; x_wconf 73' lang='lat' dir='ltr'>precedenti</span> <span class='ocrx_word' id='word_1_271' title='bbox 456 4214 595 4268; x_wconf 87' lang='lat' dir='ltr'>vocabulo</span> <span class='ocrx_word' id='word_1_272' title='bbox 614 4212 782 4282; x_wconf 79' lang='lat' dir='ltr'>(argenti).</span> <span class='ocrx_word' id='word_1_273' title='bbox 820 4213 885 4282; x_wconf 84' lang='lat' dir='ltr'>Cap.</span> <span class='ocrx_word' id='word_1_274' title='bbox 904 4216 929 4280; x_wconf 82' lang='grc'>8,</span> <span class='ocrx_word' id='word_1_275' title='bbox 947 4216 964 4265; x_wconf 78' lang='lat'><strong>7</strong></span> <span class='ocrx_word' id='word_1_276' title='bbox 980 4219 1047 4283; x_wconf 89' lang='lat' dir='ltr'>post</span> <span class='ocrx_word' id='word_1_277' title='bbox 1064 4216 1290 4280; x_wconf 84' lang='lat' dir='ltr'>permittatur</span> 
     </span>
     <span class='ocr_line' id='line_1_36' title="bbox 204 4299 1287 4371; baseline 0.003 -19"><span class='ocrx_word' id='word_1_278' title='bbox 204 4316 259 4369; x_wconf 88' lang='lat' dir='ltr'>pro</span> <span class='ocrx_word' id='word_1_279' title='bbox 286 4304 434 4369; x_wconf 80' lang='lat' dir='ltr'>possent</span> <span class='ocrx_word' id='word_1_280' title='bbox 461 4300 638 4353; x_wconf 85' lang='lat' dir='ltr'>scribendum</span> <span class='ocrx_word' id='word_1_281' title='bbox 665 4314 724 4351; x_wconf 90' lang='lat' dir='ltr'>esse</span> <span class='ocrx_word' id='word_1_282' title='bbox 750 4299 902 4367; x_wconf 83' lang='lat' dir='ltr'>possint,</span> <span class='ocrx_word' id='word_1_283' title='bbox 929 4299 997 4353; x_wconf 86' lang='lat' dir='ltr'>satis</span> <span class='ocrx_word' id='word_1_284' title='bbox 1024 4303 1067 4352; x_wconf 89' lang='lat' dir='ltr'>est</span> <span class='ocrx_word' id='word_1_285' title='bbox 1087 4301 1175 4354; x_wconf 85' lang='lat' dir='ltr'>verbo</span> <span class='ocrx_word' id='word_1_286' title='bbox 1200 4302 1287 4371; x_wconf 75' lang='lat' dir='ltr'>signi·</span> 
     </span>
    </p>
   </div>
   <div class='ocr_carea' id='block_1_5' title="bbox 205 4383 436 4453">
    <p class='ocr_par' dir='ltr' id='par_1_5' title="bbox 205 4383 436 4453">
     <span class='ocr_line' id='line_1_37' title="bbox 205 4383 436 4453; baseline 0 -14"><span class='ocrx_word' id='word_1_287' title='bbox 205 4383 301 4440; x_wconf 77' lang='lat' dir='ltr'>ficere.</span> <span class='ocrx_word' id='word_1_288' title='bbox 337 4385 436 4453; x_wconf 77' lang='lat'>(1864)</span> 
     </span>
    </p>
   </div>
   <div class='ocr_carea' id='block_1_6' title="bbox 0 0 1510 5108">
    <p class='ocr_par' dir='ltr' id='par_1_6' title="bbox 0 0 1510 5108">
     <span class='ocr_line' id='line_1_38' title="bbox 0 0 1510 5108; baseline 0 0"><span class='ocrx_word' id='word_1_289' title='bbox 0 0 1510 5108; x_wconf 95' lang='lat' dir='ltr'> </span> 
     </span>
    </p>
   </div>
  </div>
 </body>
</html>
