2994 5108
682 495 744 557 637
1122 508 1182 562 Lib.
1202 508 1290 562 XLII.

138 680 258 747 studio.
304 681 389 747 Nam
422 683 565 746 eximie
599 681 860 763 promittere,
895 681 982 764 quod
1015 681 1093 746 hinc
1121 683 1155 746 in
1177 682 1289 747 lexicis

134 790 277 874 ponitur,
301 791 383 856 nihil
406 797 466 855 est.
513 788 584 872 [Sic
606 789 672 852 iam
695 786 927 872 Kreyssigius]

224 897 302 984 Cap.
317 903 365 980 30,
392 906 406 964 l
428 898 499 978 (ubi
517 898 627 981 agitur
639 897 679 961 de
696 895 812 961 habitu
832 898 1014 963 animorum
1032 899 1066 963 in
1085 897 1221 979 Graecia,
1240 901 1289 964 in·

136 1016 246 1074 stante
268 1008 353 1074 bello
375 1010 463 1073 inter
473 1007 640 1073 Romanos
658 1014 692 1070 et
708 1004 843 1087 Persea)
861 1007 894 1070 in
918 1006 1029 1072 codice
1051 1007 1098 1071 sic
1116 1007 1288 1072 scribitur:

135 1118 176 1181 in
206 1116 331 1183 liberi
355 1115 429 1198 (sic)
454 1114 644 1198 gentibus
668 1114 914 1197 populisque
937 1135 1032 1198 gens
1061 1115 1212 1198 ubique
1242 1118 1289 1197 (in

136 1226 249 1292 editis:
271 1225 386 1310 plebs
409 1221 573 1308 ubique)
598 1223 723 1287 omnis
746 1221 878 1300 ferme,
902 1229 946 1287 ut
968 1221 1085 1303 solet,
1111 1224 1288 1291 deterio-

137 1333 258 1399 ribus
277 1341 365 1398 erat
385 1332 431 1398 ob
455 1352 587 1414 regem
604 1329 924 1414 Macedonasque
947 1330 1157 1397 inclinata.
1204 1332 1289 1398 Scri·

136 1441 280 1506 bendum
304 1450 354 1507 est
386 1442 500 1524 igitur:
533 1441 572 1503 in
610 1438 757 1504 liberis
790 1448 896 1524 gent.
929 1462 1016 1523 pop.
1057 1459 1164 1521 egeus
1204 1440 1289 1506 ubi·

137 1570 212 1635 que
252 1549 456 1612 multitudo
502 1548 635 1613 omnis
676 1547 812 1627 ferme,
856 1554 900 1612 ut
943 1547 1062 1621 solet,
1107 1548 1288 1614 deterio-

136 1679 222 1723 rum
245 1657 359 1738 (Gron.
385 1656 625 1736 deterioris)
654 1663 760 1734 erat,
795 1655 842 1720 od
870 1675 1009 1737 regem
1031 1656 1288 1723 Macedonas·

137 1786 210 1849 que
244 1767 458 1831 inclinata.
505 1763 628 1847 [Possis
663 1765 763 1829 etiam
796 1765 973 1847 suspicari:
1008 1765 1288 1831 deterioribus

136 1873 312 1938 favebat.
350 1872 492 1955 1864.]¹)
529 1871 694 1955 Deinde-5
717 1878 746 1950 4,
769 1872 825 1937 ubi
848 1872 996 1937 inlibris
1019 1872 1115 1938 editis
1139 1875 1186 1938 sic
1210 1875 1289 1938 scri·

136 1982 241 2046 bitur:
281 1974 471 2066 quosda'm
511 1987 723 2045 ventosum
764 1981 967 2063 ingenium
1001 1980 1159 2063 (agebat),
1195 1984 1289 2065 quia

135 2088 310 2154 Perseus
339 2091 464 2172 magis
494 2110 596 2153 aurae
626 2089 836 2172 popularis
864 2096 967 2168 erat,
998 2089 1147 2155 'dubitari
1174 2093 1289 2176 nequit

137 2198 216 2281 quin
239 2198 393 2262 mendum
417 2199 535 2273 lateat3
560 2218 635 2261 nam
658 2217 764 2262 aurae
787 2197 1004 2280 popularis
1028 2219 1119 2264 esse
1149 2199 1287 2283 (magis

137 2304 249 2386 esse),
274 2305 390 2370 Latine
413 2305 495 2370 nihil
518 2306 609 2371 aliud
638 2305 820 2388 siguificare
843 2311 953 2388 potest
980 2307 1043 2371 nisi
1064 2312 1174 2372 totum
1195 2328 1285 2373 aurae
1303 2315 1374 2388 (526)

136 2413 287 2497 populari
313 2415 459 2479 deditum
483 2435 555 2479 esse
579 2416 675 2497 eique
703 2415 841 2478 servire:
866 2414 940 2478 dem
962 2414 1181 2496 Volksgunste
1204 2436 1286 2500 ganz

136 2520 295 2604 gehbren3
329 2543 529 2606 quamquam
558 2543 656 2586 aura
683 2543 748 2587 non
770 2521 867 2586 facile
890 2523 937 2586 ita
959 2523 1067 2588 animo
1092 2524 1285 2607 concipitur,

137 2635 173 2693 ut
195 2630 314 2713 aliquis
338 2631 408 2694 eius
433 2651 503 2695 esse
528 2631 670 2709 dicatur;
693 2631 860 2695 multum
885 2629 1005 2715 (plus)
1036 2653 1144 2695 aurae
1167 2654 1286 2716 popu·

136 2736 239 2802 laris
262 2736 421 2802 habere
435 2738 531 2821 longe
554 2738 644 2803 aliud
667 2746 726 2803 est.
772 2739 873 2822 Atqui
896 2759 935 2802 ex
959 2761 1014 2816 eo,
1038 2740 1127 2823 quod
1149 2738 1286 2806 Perseus

136 2846 206 2930 ipse
229 2867 342 2910 auram
359 2846 550 2929 popularem
573 2846 739 2930 captabat.
762 2867 826 2910 nou
855 2845 1069 2925 efficiebatur,
1093 2853 1130 2911 ut
1148 2847 1286 2912 aliorum

135 2962 272 3019 ventosa
305 2956 436 3037 ingenia
469 2955 512 3018 ad
540 2956 608 3018 eius
638 2961 749 3038 partes
772 2955 993 3019 traherentur.
1038 2955 1120 3019 Tum
1144 2956 1285 3034 demum,

136 3063 163 3126 si
186 3082 268 3127 aura
290 3063 459 3146 popularis
482 3062 601 3126 Perseo
629 3062 776 3139 favebat,
811 3083 883 3126 eam
910 3071 1048 3127 ventosa
1076 3065 1208 3144 ingenia
1235 3051 1285 3129 se·

135 3169 323 3255 quebantur
346 3170 525 3254 eodemque
549 3192 586 3259 se
606 3170 819 3234 inclinabant.
871 3169 908 3234 In
943 3170 1056 3237 codice
1088 3193 1155 3236 non
1188 3170 1285 3236 Per·

136 3299 227 3343 scus
262 3288 326 3349 est,
362 3279 418 3343 sed
442 3279 598 3343 Persea.
643 3278 759 3360 ltaque
793 3278 1001 3343 scribendum
1024 3287 1088 3344 est:
1124 3280 1219 3362 quia
1241 3281 1285 3343 url

134 3384 285 3451 Persea
318 3387 444 3468 magis
478 3405 567 3448 auru
600 3387 818 3471 popularis
852 3386 951 3450 leret
980 3387 1030 3468 (se
1054 3387 1283 3471 converterat).

134 3493 191 3560 Ad
215 3495 336 3560 excidit
358 3501 434 3579 post
456 3513 482 3558 a.

221 3601 300 3687 Gap.
325 3607 374 3682 32,
399 3606 417 3666 2
441 3611 474 3668 et
497 3607 515 3666 3
539 3601 609 3683 (ubi
634 3601 667 3667 Ο.
692 3601 825 3668 Cassius
854 3604 970 3669 consul
993 3605 1151 3687 collegam
1174 3605 1208 3669 P.
1231 3604 1285 3670 Li·

134 3711 256 3777 cinium
288 3717 388 3794 negat
420 3712 454 3775 in
477 3712 678 3794 provinciam
711 3713 758 3776 ire
792 3711 916 3795 possel:
950 3712 1166 3778 Praetorem
1200 3734 1285 3778 eum

134 3818 182 3900 (P.
205 3819 298 3901 Lae),
320 3841 365 3884 ne
388 3821 427 3884 in
449 3820 675 3903 proviniam
698 3821 794 3899 iret,
823 3821 863 3885 in
892 3822 1079 3887 contione
1108 3822 1283 3899 iurasse,

156 4107 183 4176 ¹)
203 4106 409 4176 [Licentissime
428 4126 513 4179 geno
532 4108 720 4178 (praecedente
744 4108 818 4179 que)
837 4110 867 4164 in
884 4111 1002 4180 plebis
1019 4115 1152 4178 mutetur,
1172 4111 1284 4167 sublato

201 4191 406 4262 significatione
432 4195 563 4264 pauperis
596 4201 624 4250 et
657 4193 759 4263 inflmae
796 4196 899 4264 turbe,
936 4213 998 4264 quoe
1026 4202 1068 4250 eet
1106 4197 1135 4251 in
1171 4214 1283 4266 egens.

200 4277 296 4333 Etiam
321 4280 352 4333 in
377 4281 568 4349 proximorum
600 4282 751 4336 verborum
782 4281 920 4350 scriptura
946 4281 1098 4335 Hertriuna
1124 4287 1203 4337 erat
1225 4300 1284 4337 non

201 4370 281 4418 recto
300 4365 363 4418 loco
382 4366 505 4434 ponitur.
526 4363 612 4435 1864]
