<?xml version="1.0" encoding="UTF-8"?>
<!DOCTYPE html PUBLIC "-//W3C//DTD XHTML 1.0 Transitional//EN"
    "http://www.w3.org/TR/xhtml1/DTD/xhtml1-transitional.dtd">
<html xmlns="http://www.w3.org/1999/xhtml" xml:lang="en" lang="en">
 <head>
  <title>
</title>
<meta http-equiv="Content-Type" content="text/html;charset=utf-8" />
  <meta name='ocr-system' content='tesseract 3.04.00' />
  <meta name='ocr-capabilities' content='ocr_page ocr_carea ocr_par ocr_line ocrx_word'/>
</head>
<body>
  <div class='ocr_page' id='page_1' title='image "./emendationesliv00madvgoog_0489.png"; bbox 0 0 2994 5108; ppageno 0'>
   <div class='ocr_carea' id='block_1_1' title="bbox 224 448 899 538">
    <p class='ocr_par' dir='ltr' id='par_1_1' title="bbox 224 448 899 538">
     <span class='ocr_line' id='line_1_1' title="bbox 224 448 899 538; baseline -0.013 -1"><span class='ocrx_word' id='word_1_1' title='bbox 224 483 287 538; x_wconf 79' lang='lat' dir='ltr'>mn</span> <span class='ocrx_word' id='word_1_2' title='bbox 307 448 420 536; x_wconf 73' lang='lat' dir='ltr'>xsxn.</span> <span class='ocrx_word' id='word_1_3' title='bbox 771 470 834 529; x_wconf 74' lang='lat' dir='ltr'>rao</span> <span class='ocrx_word' id='word_1_4' title='bbox 898 461 899 464; x_wconf 67' lang='lat'>‘</span> 
     </span>
    </p>
   </div>
   <div class='ocr_carea' id='block_1_2' title="bbox 136 649 1441 4395">
    <p class='ocr_par' dir='ltr' id='par_1_2' title="bbox 224 649 1383 1164">
     <span class='ocr_line' id='line_1_2' title="bbox 224 649 1383 733; baseline -0.003 -14"><span class='ocrx_word' id='word_1_5' title='bbox 224 675 290 719; x_wconf 90' lang='lat' dir='ltr'>non</span> <span class='ocrx_word' id='word_1_6' title='bbox 325 659 397 717; x_wconf 90' lang='lat' dir='ltr'>erat</span> <span class='ocrx_word' id='word_1_7' title='bbox 430 659 463 717; x_wconf 90' lang='lat' dir='ltr'>et</span> <span class='ocrx_word' id='word_1_8' title='bbox 496 654 635 717; x_wconf 82' lang='lat' dir='ltr'><strong>maxime</strong></span> <span class='ocrx_word' id='word_1_9' title='bbox 669 673 690 717; x_wconf 92' lang='lat' dir='ltr'>a</span> <span class='ocrx_word' id='word_1_10' title='bbox 718 653 936 718; x_wconf 76' lang='lat' dir='ltr'>Macedonum</span> <span class='ocrx_word' id='word_1_11' title='bbox 970 654 1132 719; x_wconf 86' lang='lat' dir='ltr'>societate</span> <span class='ocrx_word' id='word_1_12' title='bbox 1165 649 1383 733; x_wconf 80' lang='lat' dir='ltr'>abhorrebat)</span> 
     </span>
     <span class='ocr_line' id='line_1_3' title="bbox 224 759 1382 846; baseline 0 -21"><span class='ocrx_word' id='word_1_13' title='bbox 224 763 390 845; x_wconf 88' lang='lat' dir='ltr'>pertinere</span> <span class='ocrx_word' id='word_1_14' title='bbox 419 761 590 843; x_wconf 86' lang='lat' dir='ltr'>significet.</span> <span class='ocrx_word' id='word_1_15' title='bbox 647 760 787 826; x_wconf 87' lang='lat' dir='ltr'>Videtur</span> <span class='ocrx_word' id='word_1_16' title='bbox 819 761 945 846; x_wconf 89' lang='lat' dir='ltr'>aliquid</span> <span class='ocrx_word' id='word_1_17' title='bbox 980 760 1144 826; x_wconf 81' lang='lat' dir='ltr'><strong>excidisse</strong></span> <span class='ocrx_word' id='word_1_18' title='bbox 1173 767 1207 827; x_wconf 93' lang='lat' dir='ltr'>et</span> <span class='ocrx_word' id='word_1_19' title='bbox 1235 760 1269 825; x_wconf 94' lang='lat' dir='ltr'>in</span> <span class='ocrx_word' id='word_1_20' title='bbox 1297 759 1382 826; x_wconf 87' lang='lat' dir='ltr'>hanc</span> 
     </span>
     <span class='ocr_line' id='line_1_4' title="bbox 224 866 1381 953; baseline -0.004 -19"><span class='ocrx_word' id='word_1_21' title='bbox 224 870 362 934; x_wconf 84' lang='lat' dir='ltr'>formam</span> <span class='ocrx_word' id='word_1_22' title='bbox 392 867 469 933; x_wconf 90' lang='lat' dir='ltr'>olim</span> <span class='ocrx_word' id='word_1_23' title='bbox 500 869 658 952; x_wconf 91' lang='lat' dir='ltr'>scriptum</span> <span class='ocrx_word' id='word_1_24' title='bbox 687 867 804 935; x_wconf 84' lang='lat' dir='ltr'>fuisse:</span> <span class='ocrx_word' id='word_1_25' title='bbox 840 903 883 913; x_wconf 91' lang='lat'><em>-</em></span> <span class='ocrx_word' id='word_1_26' title='bbox 918 868 1140 953; x_wconf 89' lang='lat' dir='ltr'>urgebunt,</span> <span class='ocrx_word' id='word_1_27' title='bbox 1173 867 1265 946; x_wconf 76' lang='lat' dir='ltr'>quld</span> <span class='ocrx_word' id='word_1_28' title='bbox 1294 866 1381 944; x_wconf 84' lang='lat' dir='ltr'>erit,</span> 
     </span>
     <span class='ocr_line' id='line_1_5' title="bbox 224 967 1381 1060; baseline -0.003 -18"><span class='ocrx_word' id='word_1_29' title='bbox 224 984 297 1042; x_wconf 90' lang='lat' dir='ltr'>aut:</span> <span class='ocrx_word' id='word_1_30' title='bbox 333 996 408 1053; x_wconf 77' lang='lat' dir='ltr'>qua</span> <span class='ocrx_word' id='word_1_31' title='bbox 437 967 615 1057; x_wconf 78' lang='lat' dir='ltr'>perlugla</span> <span class='ocrx_word' id='word_1_32' title='bbox 642 979 860 1056; x_wconf 81' lang='lat' dir='ltr'>restabunt,</span> <span class='ocrx_word' id='word_1_33' title='bbox 889 976 991 1041; x_wconf 89' lang='lat' dir='ltr'>unde</span> <span class='ocrx_word' id='word_1_34' title='bbox 1020 977 1177 1060; x_wconf 89' lang='lat' dir='ltr'>regiam</span> <span class='ocrx_word' id='word_1_35' title='bbox 1200 975 1381 1041; x_wconf 87' lang='lat' dir='ltr'>societa-</span> 
     </span>
     <span class='ocr_line' id='line_1_6' title="bbox 224 1083 660 1164; baseline -0.005 -14"><span class='ocrx_word' id='word_1_36' title='bbox 224 1092 301 1150; x_wconf 85' lang='lat' dir='ltr'>tem</span> <span class='ocrx_word' id='word_1_37' title='bbox 324 1121 366 1129; x_wconf 95' lang='lat'><em>-</em></span> <span class='ocrx_word' id='word_1_38' title='bbox 388 1083 660 1164; x_wconf 78' lang='lat' dir='ltr'>lmplorcmus?</span> 
     </span>
    </p>

    <p class='ocr_par' dir='ltr' id='par_1_3' title="bbox 222 1188 1382 1598">
     <span class='ocr_line' id='line_1_7' title="bbox 310 1188 1382 1275; baseline -0.002 -20"><span class='ocrx_word' id='word_1_39' title='bbox 310 1190 387 1275; x_wconf 87' lang='lat' dir='ltr'>Cap.</span> <span class='ocrx_word' id='word_1_40' title='bbox 412 1196 467 1270; x_wconf 88' lang='grc'>22,</span> <span class='ocrx_word' id='word_1_41' title='bbox 499 1197 532 1254; x_wconf 88' lang='lat'>5:</span> <span class='ocrx_word' id='word_1_42' title='bbox 567 1191 707 1256; x_wconf 85' lang='lat' dir='ltr'>Risias</span> <span class='ocrx_word' id='word_1_43' title='bbox 735 1190 995 1257; x_wconf 83' lang='lat' dir='ltr'>Pellenensis</span> <span class='ocrx_word' id='word_1_44' title='bbox 1024 1199 1122 1257; x_wconf 88' lang='lat' dir='ltr'>erat.</span> <span class='ocrx_word' id='word_1_45' title='bbox 1178 1188 1233 1257; x_wconf 86' lang='lat' dir='ltr'>Sic</span> <span class='ocrx_word' id='word_1_46' title='bbox 1254 1209 1382 1254; x_wconf 87' lang='lat' dir='ltr'>nuncc</span> 
     </span>
     <span class='ocr_line' id='line_1_8' title="bbox 223 1297 1381 1383; baseline -0.002 -20"><span class='ocrx_word' id='word_1_47' title='bbox 223 1297 249 1363; x_wconf 93' lang='lat' dir='ltr'>B</span> <span class='ocrx_word' id='word_1_48' title='bbox 273 1299 445 1379; x_wconf 86' lang='lat' dir='ltr'>scribitur;</span> <span class='ocrx_word' id='word_1_49' title='bbox 474 1300 551 1362; x_wconf 89' lang='lat' dir='ltr'>olim</span> <span class='ocrx_word' id='word_1_50' title='bbox 573 1298 807 1379; x_wconf 79' lang='lat' dir='ltr'>Rhisiasus3</span> <span class='ocrx_word' id='word_1_51' title='bbox 832 1299 889 1364; x_wconf 90' lang='lat' dir='ltr'>sed</span> <span class='ocrx_word' id='word_1_52' title='bbox 913 1320 953 1363; x_wconf 89' lang='lat' dir='ltr'>nc</span> <span class='ocrx_word' id='word_1_53' title='bbox 976 1298 1058 1363; x_wconf 91' lang='lat' dir='ltr'>illud</span> <span class='ocrx_word' id='word_1_54' title='bbox 1082 1299 1216 1383; x_wconf 87' lang='lat' dir='ltr'>quidem</span> <span class='ocrx_word' id='word_1_55' title='bbox 1237 1306 1300 1362; x_wconf 86' lang='lat' dir='ltr'>aut</span> <span class='ocrx_word' id='word_1_56' title='bbox 1320 1317 1381 1383; x_wconf 86' lang='lat' dir='ltr'>pro</span> 
     </span>
     <span class='ocr_line' id='line_1_9' title="bbox 223 1405 1380 1490; baseline -0.002 -19"><span class='ocrx_word' id='word_1_57' title='bbox 223 1405 338 1471; x_wconf 87' lang='lat' dir='ltr'>Graeco</span> <span class='ocrx_word' id='word_1_58' title='bbox 372 1407 502 1470; x_wconf 90' lang='lat' dir='ltr'>nomine</span> <span class='ocrx_word' id='word_1_59' title='bbox 532 1406 610 1471; x_wconf 88' lang='lat' dir='ltr'>alibi</span> <span class='ocrx_word' id='word_1_60' title='bbox 640 1408 805 1490; x_wconf 89' lang='lat' dir='ltr'>reperitur</span> <span class='ocrx_word' id='word_1_61' title='bbox 834 1413 892 1472; x_wconf 90' lang='lat' dir='ltr'>aut</span> <span class='ocrx_word' id='word_1_62' title='bbox 920 1407 1079 1488; x_wconf 83' lang='lat' dir='ltr'>originem</span> <span class='ocrx_word' id='word_1_63' title='bbox 1109 1405 1380 1490; x_wconf 84' lang='lat' dir='ltr'>cognationemve</span> 
     </span>
     <span class='ocr_line' id='line_1_10' title="bbox 222 1512 1151 1598; baseline 0.002 -21"><span class='ocrx_word' id='word_1_64' title='bbox 222 1514 428 1598; x_wconf 82' lang='lat' dir='ltr'>probabilem</span> <span class='ocrx_word' id='word_1_65' title='bbox 451 1513 561 1579; x_wconf 89' lang='lat' dir='ltr'>habet.</span> <span class='ocrx_word' id='word_1_66' title='bbox 606 1513 823 1580; x_wconf 88' lang='lat' dir='ltr'>Scribendum</span> <span class='ocrx_word' id='word_1_67' title='bbox 845 1514 975 1580; x_wconf 84' lang='lat' dir='ltr'>Pisias</span> <span class='ocrx_word' id='word_1_68' title='bbox 999 1512 1151 1596; x_wconf 77' lang='grc' dir='ltr'>(Πεισίας).</span> 
     </span>
    </p>

    <p class='ocr_par' dir='ltr' id='par_1_4' title="bbox 221 1617 1441 2132">
     <span class='ocr_line' id='line_1_11' title="bbox 309 1617 1381 1714; baseline -0.003 -29"><span class='ocrx_word' id='word_1_69' title='bbox 309 1620 386 1706; x_wconf 87' lang='lat' dir='ltr'>Cap.</span> <span class='ocrx_word' id='word_1_70' title='bbox 411 1625 504 1701; x_wconf 16' lang='lat'><strong>24‚43</strong></span> <span class='ocrx_word' id='word_1_71' title='bbox 528 1620 582 1703; x_wconf 89' lang='lat' dir='ltr'>(de</span> <span class='ocrx_word' id='word_1_72' title='bbox 606 1623 851 1706; x_wconf 82' lang='lat' dir='ltr'>oppugnatione</span> <span class='ocrx_word' id='word_1_73' title='bbox 875 1620 1033 1704; x_wconf 85' lang='lat' dir='ltr'>Elateae):</span> <span class='ocrx_word' id='word_1_74' title='bbox 1057 1622 1197 1714; x_wconf 83' lang='lat' dir='ltr'>Ariete</span> <span class='ocrx_word' id='word_1_75' title='bbox 1220 1617 1381 1686; x_wconf 87' lang='lat' dir='ltr'>admoto</span> 
     </span>
     <span class='ocr_line' id='line_1_12' title="bbox 223 1724 1441 1813; baseline -0.002 -19"><span class='ocrx_word' id='word_1_76' title='bbox 223 1751 354 1813; x_wconf 85' lang='lat' dir='ltr'>quum,</span> <span class='ocrx_word' id='word_1_77' title='bbox 385 1735 572 1811; x_wconf 88' lang='lat' dir='ltr'>quantum</span> <span class='ocrx_word' id='word_1_78' title='bbox 602 1730 712 1794; x_wconf 90' lang='lat' dir='ltr'>inter</span> <span class='ocrx_word' id='word_1_79' title='bbox 740 1736 875 1795; x_wconf 85' lang='lat' dir='ltr'>turres</span> <span class='ocrx_word' id='word_1_80' title='bbox 905 1730 1006 1794; x_wconf 89' lang='lat' dir='ltr'>muri</span> <span class='ocrx_word' id='word_1_81' title='bbox 1029 1734 1133 1810; x_wconf 91' lang='lat' dir='ltr'>erat,</span> <span class='ocrx_word' id='word_1_82' title='bbox 1162 1733 1380 1813; x_wconf 85' lang='lat' dir='ltr'>prorutum</span> <span class='ocrx_word' id='word_1_83' title='bbox 1436 1724 1441 1731; x_wconf 82' lang='grc'><strong>’</strong></span> 
     </span>
     <span class='ocr_line' id='line_1_13' title="bbox 223 1834 1379 1921; baseline 0.001 -23"><span class='ocrx_word' id='word_1_84' title='bbox 223 1856 308 1899; x_wconf 90' lang='lat' dir='ltr'>cum</span> <span class='ocrx_word' id='word_1_85' title='bbox 335 1836 493 1918; x_wconf 84' lang='lat' dir='ltr'>ingenti</span> <span class='ocrx_word' id='word_1_86' title='bbox 520 1835 683 1919; x_wconf 83' lang='lat' dir='ltr'>fragore</span> <span class='ocrx_word' id='word_1_87' title='bbox 718 1858 763 1903; x_wconf 87' lang='lat' dir='ltr'>ac</span> <span class='ocrx_word' id='word_1_88' title='bbox 799 1839 978 1921; x_wconf 88' lang='lat' dir='ltr'>strepitu</span> <span class='ocrx_word' id='word_1_89' title='bbox 1006 1836 1210 1902; x_wconf 85' lang='lat' dir='ltr'>nudasset</span> <span class='ocrx_word' id='word_1_90' title='bbox 1238 1834 1379 1900; x_wconf 87' lang='lat' dir='ltr'>urbem</span> 
     </span>
     <span class='ocr_line' id='line_1_14' title="bbox 223 1939 1380 2028; baseline 0.002 -22"><span class='ocrx_word' id='word_1_91' title='bbox 223 1949 284 2006; x_wconf 89' lang='lat' dir='ltr'>oet.</span> <span class='ocrx_word' id='word_1_92' title='bbox 341 1944 534 2010; x_wconf 88' lang='lat' dir='ltr'>Necessario</span> <span class='ocrx_word' id='word_1_93' title='bbox 570 1945 794 2010; x_wconf 89' lang='lat' dir='ltr'>scribendum:</span> <span class='ocrx_word' id='word_1_94' title='bbox 829 1950 1020 2028; x_wconf 90' lang='lat' dir='ltr'>quantum</span> <span class='ocrx_word' id='word_1_95' title='bbox 1054 1944 1164 2008; x_wconf 89' lang='lat' dir='ltr'>inter</span> <span class='ocrx_word' id='word_1_96' title='bbox 1196 1941 1236 2008; x_wconf 94' lang='lat' dir='ltr'>II</span> <span class='ocrx_word' id='word_1_97' title='bbox 1266 1939 1380 2024; x_wconf 88' lang='lat' dir='ltr'>(duas)</span> 
     </span>
     <span class='ocr_line' id='line_1_15' title="bbox 221 2050 1381 2132; baseline 0.001 -18"><span class='ocrx_word' id='word_1_98' title='bbox 221 2062 358 2117; x_wconf 88' lang='lat' dir='ltr'>turres</span> <span class='ocrx_word' id='word_1_99' title='bbox 382 2054 483 2116; x_wconf 91' lang='lat' dir='ltr'>muri</span> <span class='ocrx_word' id='word_1_100' title='bbox 507 2058 605 2132; x_wconf 83' lang='lat' dir='ltr'>erat,</span> <span class='ocrx_word' id='word_1_101' title='bbox 633 2074 674 2117; x_wconf 93' lang='lat' dir='ltr'>ne</span> <span class='ocrx_word' id='word_1_102' title='bbox 698 2059 789 2118; x_wconf 89' lang='lat' dir='ltr'>totus</span> <span class='ocrx_word' id='word_1_103' title='bbox 812 2053 895 2118; x_wconf 89' lang='lat' dir='ltr'>muri</span> <span class='ocrx_word' id='word_1_104' title='bbox 919 2051 1088 2132; x_wconf 85' lang='lat' dir='ltr'>circuitus,</span> <span class='ocrx_word' id='word_1_105' title='bbox 1117 2050 1287 2117; x_wconf 84' lang='lat' dir='ltr'>stantibus</span> <span class='ocrx_word' id='word_1_106' title='bbox 1309 2055 1381 2115; x_wconf 85' lang='lat' dir='ltr'>tur·</span> 
     </span>
    </p>

    <p class='ocr_par' dir='ltr' id='par_1_5' title="bbox 136 2158 1383 2655">
     <span class='ocr_line' id='line_1_16' title="bbox 136 2158 1383 2247; baseline 0 -25"><span class='ocrx_word' id='word_1_107' title='bbox 136 2176 207 2247; x_wconf 78' lang='lat'><strong>(383)</strong></span> <span class='ocrx_word' id='word_1_108' title='bbox 226 2159 335 2238; x_wconf 75' lang='lat' dir='ltr'>ribnS,</span> <span class='ocrx_word' id='word_1_109' title='bbox 375 2159 556 2242; x_wconf 88' lang='lat' dir='ltr'>procidisse</span> <span class='ocrx_word' id='word_1_110' title='bbox 596 2160 732 2225; x_wconf 89' lang='lat' dir='ltr'>dicatur.</span> <span class='ocrx_word' id='word_1_111' title='bbox 800 2159 866 2225; x_wconf 84' lang='lat' dir='ltr'>Cir.</span> <span class='ocrx_word' id='word_1_112' title='bbox 900 2161 933 2225; x_wconf 90' lang='lat' dir='ltr'>h.</span> <span class='ocrx_word' id='word_1_113' title='bbox 960 2160 1017 2225; x_wconf 90' lang='lat' dir='ltr'>lib.</span> <span class='ocrx_word' id='word_1_114' title='bbox 1054 2180 1080 2224; x_wconf 89' lang='lat' dir='ltr'>c.</span> <span class='ocrx_word' id='word_1_115' title='bbox 1113 2163 1146 2240; x_wconf 91' lang='lat'>1,</span> <span class='ocrx_word' id='word_1_116' title='bbox 1183 2162 1237 2224; x_wconf 86' lang='lat'>10:</span> <span class='ocrx_word' id='word_1_117' title='bbox 1278 2158 1383 2223; x_wconf 88' lang='lat' dir='ltr'>duas</span> 
     </span>
     <span class='ocr_line' id='line_1_17' title="bbox 222 2265 1381 2350; baseline -0.001 -20"><span class='ocrx_word' id='word_1_118' title='bbox 222 2273 383 2350; x_wconf 80' lang='lat' dir='ltr'>portae,</span> <span class='ocrx_word' id='word_1_119' title='bbox 413 2268 602 2350; x_wconf 89' lang='lat' dir='ltr'>quodque</span> <span class='ocrx_word' id='word_1_120' title='bbox 632 2269 740 2333; x_wconf 88' lang='lat' dir='ltr'>inter</span> <span class='ocrx_word' id='word_1_121' title='bbox 770 2289 836 2333; x_wconf 88' lang='lat' dir='ltr'>cas</span> <span class='ocrx_word' id='word_1_122' title='bbox 857 2269 959 2334; x_wconf 88' lang='lat' dir='ltr'>muri</span> <span class='ocrx_word' id='word_1_123' title='bbox 982 2274 1085 2346; x_wconf 80' lang='lat' dir='ltr'>erat3</span> <span class='ocrx_word' id='word_1_124' title='bbox 1119 2265 1225 2347; x_wconf 86' lang='lat' dir='ltr'><strong>XLII,</strong></span> <span class='ocrx_word' id='word_1_125' title='bbox 1254 2269 1313 2345; x_wconf 83' lang='lat'>63,</span> <span class='ocrx_word' id='word_1_126' title='bbox 1344 2269 1381 2330; x_wconf 86' lang='lat'>6:</span> 
     </span>
     <span class='ocr_line' id='line_1_18' title="bbox 223 2370 1381 2460; baseline 0.001 -24"><span class='ocrx_word' id='word_1_127' title='bbox 223 2373 306 2437; x_wconf 78' lang='lat' dir='ltr'>duas</span> <span class='ocrx_word' id='word_1_128' title='bbox 329 2381 485 2454; x_wconf 81' lang='lat' dir='ltr'>turrea,</span> <span class='ocrx_word' id='word_1_129' title='bbox 520 2375 708 2460; x_wconf 89' lang='lat' dir='ltr'>quodque</span> <span class='ocrx_word' id='word_1_130' title='bbox 738 2377 848 2441; x_wconf 88' lang='lat' dir='ltr'>inter</span> <span class='ocrx_word' id='word_1_131' title='bbox 878 2396 944 2441; x_wconf 90' lang='lat' dir='ltr'>eas</span> <span class='ocrx_word' id='word_1_132' title='bbox 972 2375 1076 2441; x_wconf 91' lang='lat' dir='ltr'>muri</span> <span class='ocrx_word' id='word_1_133' title='bbox 1103 2371 1256 2452; x_wconf 83' lang='lat' dir='ltr'>fucrat;</span> <span class='ocrx_word' id='word_1_134' title='bbox 1289 2370 1381 2452; x_wconf 84' lang='lat' dir='ltr'>XXI,</span> 
     </span>
     <span class='ocr_line' id='line_1_19' title="bbox 220 2482 1382 2568; baseline 0.003 -24"><span class='ocrx_word' id='word_1_135' title='bbox 220 2488 256 2558; x_wconf 86' lang='grc'>8,</span> <span class='ocrx_word' id='word_1_136' title='bbox 286 2486 319 2544; x_wconf 82' lang='grc'>5;</span> <span class='ocrx_word' id='word_1_137' title='bbox 356 2488 439 2548; x_wconf 90' lang='lat' dir='ltr'>tres</span> <span class='ocrx_word' id='word_1_138' title='bbox 469 2482 661 2566; x_wconf 84' lang='lat' dir='ltr'>deinceps</span> <span class='ocrx_word' id='word_1_139' title='bbox 689 2490 843 2561; x_wconf 84' lang='lat' dir='ltr'>turres,</span> <span class='ocrx_word' id='word_1_140' title='bbox 873 2489 1142 2568; x_wconf 91' lang='lat' dir='ltr'>quantumque</span> <span class='ocrx_word' id='word_1_141' title='bbox 1172 2482 1282 2548; x_wconf 89' lang='lat' dir='ltr'>inter</span> <span class='ocrx_word' id='word_1_142' title='bbox 1311 2500 1382 2547; x_wconf 86' lang='lat' dir='ltr'>eas</span> 
     </span>
     <span class='ocr_line' id='line_1_20' title="bbox 219 2589 448 2655; baseline 0.013 -3"><span class='ocrx_word' id='word_1_143' title='bbox 219 2589 323 2653; x_wconf 91' lang='lat' dir='ltr'>muri</span> <span class='ocrx_word' id='word_1_144' title='bbox 347 2597 448 2655; x_wconf 88' lang='lat' dir='ltr'>erat.</span> 
     </span>
    </p>

    <p class='ocr_par' dir='ltr' id='par_1_6' title="bbox 214 2695 1384 4183">
     <span class='ocr_line' id='line_1_21' title="bbox 306 2695 1377 2782; baseline 0.002 -23"><span class='ocrx_word' id='word_1_145' title='bbox 306 2696 384 2780; x_wconf 89' lang='lat' dir='ltr'>Cap.</span> <span class='ocrx_word' id='word_1_146' title='bbox 409 2701 464 2778; x_wconf 83' lang='grc'>25,</span> <span class='ocrx_word' id='word_1_147' title='bbox 501 2702 539 2761; x_wconf 93' lang='grc'>10</span> <span class='ocrx_word' id='word_1_148' title='bbox 571 2697 625 2780; x_wconf 84' lang='lat' dir='ltr'>(de</span> <span class='ocrx_word' id='word_1_149' title='bbox 647 2698 858 2763; x_wconf 87' lang='lat' dir='ltr'>AEnesidemo</span> <span class='ocrx_word' id='word_1_150' title='bbox 887 2698 1032 2782; x_wconf 89' lang='lat' dir='ltr'>praesidii</span> <span class='ocrx_word' id='word_1_151' title='bbox 1056 2697 1252 2762; x_wconf 79' lang='lat' dir='ltr'>Achaeorum</span> <span class='ocrx_word' id='word_1_152' title='bbox 1275 2695 1377 2779; x_wconf 84' lang='lat' dir='ltr'>Argis</span> 
     </span>
     <span class='ocr_line' id='line_1_22' title="bbox 218 2804 1384 2890; baseline 0.003 -23"><span class='ocrx_word' id='word_1_153' title='bbox 218 2805 362 2887; x_wconf 81' lang='lat' dir='ltr'>impositi</span> <span class='ocrx_word' id='word_1_154' title='bbox 392 2805 544 2888; x_wconf 86' lang='lat' dir='ltr'>praefecto</span> <span class='ocrx_word' id='word_1_155' title='bbox 568 2813 707 2871; x_wconf 88' lang='lat' dir='ltr'>mortem</span> <span class='ocrx_word' id='word_1_156' title='bbox 731 2812 920 2871; x_wconf 85' lang='lat' dir='ltr'>constanter</span> <span class='ocrx_word' id='word_1_157' title='bbox 944 2804 1148 2890; x_wconf 87' lang='lat' dir='ltr'>oppetentc):</span> <span class='ocrx_word' id='word_1_158' title='bbox 1182 2804 1337 2870; x_wconf 87' lang='lat' dir='ltr'>Missus</span> <span class='ocrx_word' id='word_1_159' title='bbox 1361 2826 1384 2870; x_wconf 88' lang='lat' dir='ltr'>a</span> 
     </span>
     <span class='ocr_line' id='line_1_23' title="bbox 218 2912 1383 2996; baseline 0.002 -20"><span class='ocrx_word' id='word_1_160' title='bbox 218 2913 419 2985; x_wconf 78' lang='lat' dir='ltr'>Philocle,</span> <span class='ocrx_word' id='word_1_161' title='bbox 462 2915 528 2995; x_wconf 83' lang='lat' dir='ltr'>qui</span> <span class='ocrx_word' id='word_1_162' title='bbox 562 2921 780 2996; x_wconf 81' lang='lat' dir='ltr'>quaereret,</span> <span class='ocrx_word' id='word_1_163' title='bbox 822 2913 917 2996; x_wconf 89' lang='lat' dir='ltr'>quid</span> <span class='ocrx_word' id='word_1_164' title='bbox 952 2913 1031 2977; x_wconf 89' lang='lat' dir='ltr'>sibi</span> <span class='ocrx_word' id='word_1_165' title='bbox 1065 2912 1201 2978; x_wconf 84' lang='lat' dir='ltr'>vellet.</span> <span class='ocrx_word' id='word_1_166' title='bbox 1262 2912 1383 2978; x_wconf 88' lang='lat' dir='ltr'>Nihil</span> 
     </span>
     <span class='ocr_line' id='line_1_24' title="bbox 219 3019 1382 3104; baseline 0.003 -21"><span class='ocrx_word' id='word_1_167' title='bbox 219 3028 332 3085; x_wconf 86' lang='lat' dir='ltr'>statu</span> <span class='ocrx_word' id='word_1_168' title='bbox 356 3021 484 3098; x_wconf 77' lang='lat' dir='ltr'>modo,</span> <span class='ocrx_word' id='word_1_169' title='bbox 519 3043 636 3104; x_wconf 90' lang='lat' dir='ltr'>quum</span> <span class='ocrx_word' id='word_1_170' title='bbox 667 3022 853 3103; x_wconf 81' lang='lat' dir='ltr'>proiecto</span> <span class='ocrx_word' id='word_1_171' title='bbox 883 3042 963 3104; x_wconf 82' lang='lat' dir='ltr'>prae</span> <span class='ocrx_word' id='word_1_172' title='bbox 992 3042 1031 3086; x_wconf 92' lang='lat' dir='ltr'>se</span> <span class='ocrx_word' id='word_1_173' title='bbox 1060 3019 1193 3104; x_wconf 88' lang='lat' dir='ltr'>clipeo</span> <span class='ocrx_word' id='word_1_174' title='bbox 1223 3024 1382 3099; x_wconf 81' lang='lat' dir='ltr'>staret,</span> 
     </span>
     <span class='ocr_line' id='line_1_25' title="bbox 218 3128 1383 3208; baseline 0.003 -18"><span class='ocrx_word' id='word_1_175' title='bbox 218 3129 256 3190; x_wconf 88' lang='lat' dir='ltr'>in</span> <span class='ocrx_word' id='word_1_176' title='bbox 287 3128 482 3208; x_wconf 75' lang='lat' dir='ltr'>praesidio</span> <span class='ocrx_word' id='word_1_177' title='bbox 512 3128 679 3192; x_wconf 75' lang='lat' dir='ltr'>credita</span> <span class='ocrx_word' id='word_1_178' title='bbox 708 3129 820 3193; x_wconf 89' lang='lat' dir='ltr'>urbis</span> <span class='ocrx_word' id='word_1_179' title='bbox 850 3129 1089 3193; x_wconf 89' lang='lat' dir='ltr'>moriturum</span> <span class='ocrx_word' id='word_1_180' title='bbox 1112 3149 1152 3193; x_wconf 85' lang='lat' dir='ltr'>sc</span> <span class='ocrx_word' id='word_1_181' title='bbox 1176 3133 1383 3194; x_wconf 83' lang='lat' dir='ltr'>armatum</span> 
     </span>
     <span class='ocr_line' id='line_1_26' title="bbox 217 3235 1383 3319; baseline 0.006 -23"><span class='ocrx_word' id='word_1_182' title='bbox 217 3235 440 3316; x_wconf 88' lang='lat' dir='ltr'>respondit.</span> <span class='ocrx_word' id='word_1_183' title='bbox 492 3235 544 3298; x_wconf 87' lang='lat' dir='ltr'>Sic</span> <span class='ocrx_word' id='word_1_184' title='bbox 572 3235 598 3298; x_wconf 94' lang='lat' dir='ltr'>B</span> <span class='ocrx_word' id='word_1_185' title='bbox 622 3258 695 3300; x_wconf 89' lang='lat' dir='ltr'>oum</span> <span class='ocrx_word' id='word_1_186' title='bbox 725 3237 871 3319; x_wconf 86' lang='lat' dir='ltr'>quinque</span> <span class='ocrx_word' id='word_1_187' title='bbox 899 3235 1235 3315; x_wconf 82' lang='lat' dir='ltr'>Drakenborchianis3</span> <span class='ocrx_word' id='word_1_188' title='bbox 1275 3238 1383 3303; x_wconf 82' lang='lat' dir='ltr'>ceteri</span> 
     </span>
     <span class='ocr_line' id='line_1_27' title="bbox 217 3341 1383 3428; baseline 0.007 -26"><span class='ocrx_word' id='word_1_189' title='bbox 217 3341 321 3404; x_wconf 89' lang='lat' dir='ltr'>nihil</span> <span class='ocrx_word' id='word_1_190' title='bbox 360 3342 636 3408; x_wconf 87' lang='lat' dir='ltr'>tantummodo</span> <span class='ocrx_word' id='word_1_191' title='bbox 678 3344 881 3422; x_wconf 82' lang='lat' dir='ltr'>similitcrvc,</span> <span class='ocrx_word' id='word_1_192' title='bbox 922 3366 960 3407; x_wconf 83' lang='lat' dir='ltr'>ex</span> <span class='ocrx_word' id='word_1_193' title='bbox 1000 3365 1064 3428; x_wconf 91' lang='lat' dir='ltr'>quo</span> <span class='ocrx_word' id='word_1_194' title='bbox 1098 3343 1237 3409; x_wconf 88' lang='lat' dir='ltr'>ulterius</span> <span class='ocrx_word' id='word_1_195' title='bbox 1273 3343 1383 3410; x_wconf 87' lang='lat' dir='ltr'>inter·</span> 
     </span>
     <span class='ocr_line' id='line_1_28' title="bbox 217 3447 1383 3534; baseline 0.008 -24"><span class='ocrx_word' id='word_1_196' title='bbox 217 3447 361 3530; x_wconf 86' lang='lat' dir='ltr'>palando</span> <span class='ocrx_word' id='word_1_197' title='bbox 384 3456 497 3513; x_wconf 87' lang='lat' dir='ltr'>uatum</span> <span class='ocrx_word' id='word_1_198' title='bbox 522 3453 554 3514; x_wconf 90' lang='lat' dir='ltr'>in</span> <span class='ocrx_word' id='word_1_199' title='bbox 579 3451 795 3515; x_wconf 84' lang='lat' dir='ltr'>editionibus:</span> <span class='ocrx_word' id='word_1_200' title='bbox 819 3451 922 3516; x_wconf 91' lang='lat' dir='ltr'>nihil</span> <span class='ocrx_word' id='word_1_201' title='bbox 945 3451 1064 3532; x_wconf 76' lang='lat' dir='ltr'>fatus,</span> <span class='ocrx_word' id='word_1_202' title='bbox 1087 3453 1383 3534; x_wconf 83' lang='lat' dir='ltr'>tantummodo,</span> 
     </span>
     <span class='ocr_line' id='line_1_29' title="bbox 218 3554 1382 3645; baseline 0.011 -30"><span class='ocrx_word' id='word_1_203' title='bbox 218 3554 304 3635; x_wconf 85' lang='lat' dir='ltr'>quod</span> <span class='ocrx_word' id='word_1_204' title='bbox 333 3555 506 3620; x_wconf 89' lang='lat' dir='ltr'>ridiculum</span> <span class='ocrx_word' id='word_1_205' title='bbox 538 3566 589 3622; x_wconf 84' lang='lat' dir='ltr'>est</span> <span class='ocrx_word' id='word_1_206' title='bbox 613 3558 728 3639; x_wconf 86' lang='lat' dir='ltr'>(nihil</span> <span class='ocrx_word' id='word_1_207' title='bbox 752 3557 860 3624; x_wconf 88' lang='lat' dir='ltr'>fatus</span> <span class='ocrx_word' id='word_1_208' title='bbox 883 3596 926 3605; x_wconf 90' lang='lat'>—</span> <span class='ocrx_word' id='word_1_209' title='bbox 947 3560 1189 3645; x_wconf 86' lang='lat' dir='ltr'>rospondit).</span> <span class='ocrx_word' id='word_1_210' title='bbox 1242 3560 1296 3625; x_wconf 82' lang='lat' dir='ltr'>Ex</span> <span class='ocrx_word' id='word_1_211' title='bbox 1318 3561 1382 3628; x_wconf 85' lang='lat' dir='ltr'>illa</span> 
     </span>
     <span class='ocr_line' id='line_1_30' title="bbox 218 3662 1381 3752; baseline 0.009 -28"><span class='ocrx_word' id='word_1_212' title='bbox 218 3662 383 3744; x_wconf 85' lang='lat' dir='ltr'>scriptura</span> <span class='ocrx_word' id='word_1_213' title='bbox 411 3687 474 3728; x_wconf 91' lang='lat' dir='ltr'>non</span> <span class='ocrx_word' id='word_1_214' title='bbox 504 3686 576 3728; x_wconf 89' lang='lat' dir='ltr'>oum</span> <span class='ocrx_word' id='word_1_215' title='bbox 607 3667 787 3747; x_wconf 78' lang='lat' dir='ltr'>Gronosio‚</span> <span class='ocrx_word' id='word_1_216' title='bbox 824 3690 918 3751; x_wconf 83' lang='lat' dir='ltr'>quern</span> <span class='ocrx_word' id='word_1_217' title='bbox 948 3670 1149 3734; x_wconf 87' lang='lat' dir='ltr'>recentiores</span> <span class='ocrx_word' id='word_1_218' title='bbox 1178 3675 1381 3752; x_wconf 87' lang='lat' dir='ltr'>sequuntur,</span> 
     </span>
     <span class='ocr_line' id='line_1_31' title="bbox 216 3769 1382 3856; baseline 0.011 -24"><span class='ocrx_word' id='word_1_219' title='bbox 216 3769 401 3835; x_wconf 86' lang='lat' dir='ltr'>faciendum</span> <span class='ocrx_word' id='word_1_220' title='bbox 424 3769 569 3836; x_wconf 84' lang='lat' dir='ltr'>videtur:</span> <span class='ocrx_word' id='word_1_221' title='bbox 604 3773 708 3839; x_wconf 89' lang='lat' dir='ltr'>nihil</span> <span class='ocrx_word' id='word_1_222' title='bbox 737 3783 848 3842; x_wconf 85' lang='lat' dir='ltr'>statu</span> <span class='ocrx_word' id='word_1_223' title='bbox 877 3784 1023 3856; x_wconf 80' lang='lat' dir='ltr'>mutua,</span> <span class='ocrx_word' id='word_1_224' title='bbox 1054 3777 1125 3855; x_wconf 87' lang='lat' dir='ltr'>sed,</span> <span class='ocrx_word' id='word_1_225' title='bbox 1154 3795 1220 3839; x_wconf 90' lang='lat' dir='ltr'>una</span> <span class='ocrx_word' id='word_1_226' title='bbox 1244 3781 1382 3845; x_wconf 85' lang='lat' dir='ltr'>tantum</span> 
     </span>
     <span class='ocr_line' id='line_1_32' title="bbox 214 3876 1383 3967; baseline 0.01 -27"><span class='ocrx_word' id='word_1_227' title='bbox 214 3876 329 3942; x_wconf 84' lang='lat' dir='ltr'>littora</span> <span class='ocrx_word' id='word_1_228' title='bbox 352 3885 493 3943; x_wconf 85' lang='lat' dir='ltr'>mutata:</span> <span class='ocrx_word' id='word_1_229' title='bbox 518 3880 622 3944; x_wconf 91' lang='lat' dir='ltr'>nihil</span> <span class='ocrx_word' id='word_1_230' title='bbox 647 3888 757 3947; x_wconf 85' lang='lat' dir='ltr'>statu</span> <span class='ocrx_word' id='word_1_231' title='bbox 782 3889 897 3961; x_wconf 88' lang='lat' dir='ltr'>moto,</span> <span class='ocrx_word' id='word_1_232' title='bbox 922 3906 959 3948; x_wconf 86' lang='lat' dir='ltr'>oo</span> <span class='ocrx_word' id='word_1_233' title='bbox 982 3882 1177 3967; x_wconf 84' lang='lat' dir='ltr'>significatu,</span> <span class='ocrx_word' id='word_1_234' title='bbox 1201 3905 1269 3967; x_wconf 90' lang='lat' dir='ltr'>quo</span> <span class='ocrx_word' id='word_1_235' title='bbox 1295 3884 1383 3953; x_wconf 87' lang='lat' dir='ltr'>Gro-</span> 
     </span>
     <span class='ocr_line' id='line_1_33' title="bbox 215 3987 1382 4074; baseline 0.009 -26"><span class='ocrx_word' id='word_1_236' title='bbox 215 3987 311 4050; x_wconf 81' lang='lat' dir='ltr'>novio</span> <span class='ocrx_word' id='word_1_237' title='bbox 342 3987 375 4050; x_wconf 91' lang='lat' dir='ltr'>in</span> <span class='ocrx_word' id='word_1_238' title='bbox 398 3995 539 4052; x_wconf 90' lang='lat' dir='ltr'>mentem</span> <span class='ocrx_word' id='word_1_239' title='bbox 562 3995 696 4054; x_wconf 81' lang='lat' dir='ltr'>venerat</span> <span class='ocrx_word' id='word_1_240' title='bbox 727 3990 828 4055; x_wconf 87' lang='lat' dir='ltr'>scribi</span> <span class='ocrx_word' id='word_1_241' title='bbox 857 3991 955 4055; x_wconf 87' lang='lat' dir='ltr'>etiarn</span> <span class='ocrx_word' id='word_1_242' title='bbox 984 4013 1095 4074; x_wconf 88' lang='lat' dir='ltr'>posse:</span> <span class='ocrx_word' id='word_1_243' title='bbox 1130 3990 1237 4055; x_wconf 92' lang='lat' dir='ltr'>nihil</span> <span class='ocrx_word' id='word_1_244' title='bbox 1262 3998 1382 4059; x_wconf 84' lang='lat' dir='ltr'>statu</span> 
     </span>
     <span class='ocr_line' id='line_1_34' title="bbox 216 4093 1381 4183; baseline 0.011 -28"><span class='ocrx_word' id='word_1_245' title='bbox 216 4098 379 4158; x_wconf 88' lang='lat' dir='ltr'>mutato.</span> <span class='ocrx_word' id='word_1_246' title='bbox 418 4093 535 4179; x_wconf 90' lang='lat' dir='ltr'>Neque</span> <span class='ocrx_word' id='word_1_247' title='bbox 558 4097 645 4160; x_wconf 87' lang='lat' dir='ltr'>enim</span> <span class='ocrx_word' id='word_1_248' title='bbox 668 4097 771 4176; x_wconf 85' lang='lat' dir='ltr'>video,</span> <span class='ocrx_word' id='word_1_249' title='bbox 794 4119 852 4163; x_wconf 91' lang='lat' dir='ltr'>cur</span> <span class='ocrx_word' id='word_1_250' title='bbox 870 4105 977 4162; x_wconf 90' lang='lat' dir='ltr'>status</span> <span class='ocrx_word' id='word_1_251' title='bbox 997 4099 1117 4162; x_wconf 84' lang='lat' dir='ltr'>moveri</span> <span class='ocrx_word' id='word_1_252' title='bbox 1135 4098 1201 4162; x_wconf 87' lang='lat' dir='ltr'>dici</span> <span class='ocrx_word' id='word_1_253' title='bbox 1217 4109 1381 4183; x_wconf 87' lang='lat' dir='ltr'>nequeat.</span> 
     </span>
    </p>

    <p class='ocr_par' dir='ltr' id='par_1_7' title="bbox 216 4197 1382 4395">
     <span class='ocr_line' id='line_1_35' title="bbox 302 4197 1382 4289; baseline 0.011 -25"><span class='ocrx_word' id='word_1_254' title='bbox 302 4197 381 4284; x_wconf 83' lang='lat' dir='ltr'>Cap.</span> <span class='ocrx_word' id='word_1_255' title='bbox 402 4204 452 4281; x_wconf 81' lang='grc'>26,</span> <span class='ocrx_word' id='word_1_256' title='bbox 477 4207 495 4266; x_wconf 91' lang='grc'><strong>6</strong></span> <span class='ocrx_word' id='word_1_257' title='bbox 519 4209 552 4268; x_wconf 89' lang='lat' dir='ltr'>et</span> <span class='ocrx_word' id='word_1_258' title='bbox 576 4205 646 4268; x_wconf 77' lang='lat' dir='ltr'>lin</span> <span class='ocrx_word' id='word_1_259' title='bbox 669 4206 812 4289; x_wconf 88' lang='lat' dir='ltr'>quinque</span> <span class='ocrx_word' id='word_1_260' title='bbox 836 4206 954 4284; x_wconf 88' lang='lat' dir='ltr'>verbis,</span> <span class='ocrx_word' id='word_1_261' title='bbox 984 4226 1056 4289; x_wconf 87' lang='lat' dir='ltr'>quae</span> <span class='ocrx_word' id='word_1_262' title='bbox 1079 4206 1106 4270; x_wconf 93' lang='lat' dir='ltr'>B</span> <span class='ocrx_word' id='word_1_263' title='bbox 1131 4227 1192 4270; x_wconf 90' lang='lat' dir='ltr'>sua</span> <span class='ocrx_word' id='word_1_264' title='bbox 1213 4206 1274 4273; x_wconf 91' lang='lat' dir='ltr'>illa</span> <span class='ocrx_word' id='word_1_265' title='bbox 1296 4229 1382 4276; x_wconf 88' lang='lat' dir='ltr'>con-</span> 
     </span>
     <span class='ocr_line' id='line_1_36' title="bbox 216 4306 1382 4395; baseline 0.015 -25"><span class='ocrx_word' id='word_1_266' title='bbox 216 4306 389 4372; x_wconf 89' lang='lat' dir='ltr'>suetudine</span> <span class='ocrx_word' id='word_1_267' title='bbox 417 4309 539 4375; x_wconf 89' lang='lat' dir='ltr'>omittit</span> <span class='ocrx_word' id='word_1_268' title='bbox 567 4312 675 4395; x_wconf 91' lang='lat' dir='ltr'>spatio</span> <span class='ocrx_word' id='word_1_269' title='bbox 705 4333 805 4377; x_wconf 75' lang='lat' dir='ltr'>vacuo</span> <span class='ocrx_word' id='word_1_270' title='bbox 828 4312 960 4394; x_wconf 80' lang='lat' dir='ltr'>relicto,</span> <span class='ocrx_word' id='word_1_271' title='bbox 989 4313 1278 4381; x_wconf 87' lang='lat' dir='ltr'>Weissenbornius</span> <span class='ocrx_word' id='word_1_272' title='bbox 1304 4317 1382 4387; x_wconf 88' lang='lat' dir='ltr'>sine</span> 
     </span>
    </p>
   </div>
   <div class='ocr_carea' id='block_1_3' title="bbox 0 0 1502 5108">
    <p class='ocr_par' dir='ltr' id='par_1_8' title="bbox 0 0 1502 5108">
     <span class='ocr_line' id='line_1_37' title="bbox 0 0 1502 5108; baseline 0 1"><span class='ocrx_word' id='word_1_273' title='bbox 0 0 1502 5108; x_wconf 95' lang='lat' dir='ltr'> </span> 
     </span>
    </p>
   </div>
  </div>
 </body>
</html>
