2994 5108
638 467 699 528 519
1037 477 1099 531 Lib.
1118 476 1241 531 XXXVI.

92 647 134 713 ad
165 647 249 712 illud
282 648 446 732 regibus
482 670 555 714 oum
588 651 713 716 minore
747 649 905 716 orationis
939 648 1051 713 formae
1080 670 1158 713 cura
1186 649 1243 713 ad·

92 756 250 840 seriptum
280 777 368 822 esse:
409 756 604 841 Philippo
633 765 672 822 et
702 756 922 824 Ptolemaeo
950 756 1111 839 AEgypti
1139 778 1240 839 rege.

92 864 165 929 Vid.
189 865 233 929 ad
256 863 401 941 XXXIV,
426 867 476 943 23,
500 866 565 944 2¹)

176 970 256 1055 Gap.
280 976 314 1052 l,
347 977 368 1035 4
398 971 446 1053 (in
482 973 632 1038 oratione
659 970 870 1053 Hannibalis)
905 971 1007 1036 verba
1039 973 1086 1036 sio
1120 972 1242 1037 descri-

90 1078 199 1145 benda
222 1087 313 1157 suut,
343 1086 381 1143 ut
404 1088 575 1163 appareat,
603 1080 682 1162 quid
706 1087 825 1161 agatur
848 1086 1080 1163 quaeraturque
1103 1080 1146 1144 ad
1168 1102 1243 1163 pro·

91 1188 232 1271 positam
270 1208 355 1263 rem,
400 1188 480 1269 quid
519 1211 579 1272 pro
620 1195 813 1271 argumento
853 1189 1099 1270 interponatur:
1150 1189 1244 1254 Nam

91 1294 197 1378 qnod
227 1295 275 1360 ad
305 1294 509 1359 Euboeam
540 1296 796 1378 Boeotosque
825 1303 865 1359 et
886 1294 1116 1360 Thessalos
1146 1299 1244 1360 atti·

90 1408 171 1481 net,
206 1404 269 1467 oui
303 1402 469 1467 dubium
504 1410 580 1481 est,
615 1405 712 1484 quin
747 1405 804 1483 (ut
839 1403 987 1487 quibus
1015 1402 1134 1467 nullae
1165 1425 1243 1468 suae

92 1510 199 1575 vires
236 1512 334 1589 sint,
367 1509 644 1594 praesentibus
680 1508 886 1574 adulando
918 1531 1094 1592 semper,
1130 1531 1244 1593 quem

91 1623 233 1682 metum
262 1619 300 1681 in
329 1617 504 1682 oonsilio
533 1617 727 1696 habeant,
761 1616 899 1683 eodem
935 1617 984 1680 ad
1018 1619 1330 1700 impetran·(418)

93 1722 179 1789 dam
210 1727 368 1790 reniam
390 1724 588 1805 utantur),
624 1724 743 1789 simul
772 1745 817 1788 ae
841 1726 1058 1789 Romanum
1088 1727 1243 1790 exerei-

92 1836 169 1896 tum
198 1832 237 1896 in
268 1831 423 1896 Graecia
450 1831 645 1905 viderint,
679 1832 727 1897 ad
763 1840 999 1896 consuetum
1028 1832 1244 1915 imperium

91 1958 128 2004 se
163 1945 358 2004 avertant
390 1959 461 2003 neo
491 1941 544 2004 iis
573 1942 704 2005 noxiae
733 1939 916 2003 futurum
945 1940 999 2002 sit
1026 1945 1086 2003 oet,
1142 1940 1244 2004 Recte

90 2044 153 2111 iam
183 2045 350 2130 descripta
379 2048 542 2125 oratione,
577 2047 709 2112 sublata
740 2045 836 2111 simul
865 2053 916 2110 est
945 2047 1049 2110 omnis
1079 2045 1243 2112 dubitatio

89 2151 127 2219 de
157 2153 279 2219 simul
309 2174 355 2218 ae
384 2162 416 2218 et
447 2154 488 2219 de
517 2137 679 2238 asyndeto
709 2154 809 2229 duro,
843 2154 932 2235 quod
962 2154 1090 2218 eratin
1113 2155 1246 2237 vulgata

84 2256 185 2326 buius
207 2260 274 2326 loci
296 2261 411 2325 forma.
464 2260 617 2339 Obstitit,
649 2283 715 2344 quo
742 2262 850 2326 minus
873 2282 950 2326 vera
974 2263 1144 2325 sententiae
1168 2283 1245 2325 oon-

79 2367 231 2434 tinuatio
265 2368 530 2451 intellegeretur,
565 2369 673 2434 forma
708 2370 867 2435 orationis
904 2367 1003 2452 paulo
1037 2369 1143 2433 minus
1177 2369 1246 2433 vul·

71 2478 194 2558 garis,
228 2477 360 2541 minime
383 2483 493 2540 tamen
515 2498 591 2541 rara
614 2478 647 2540 in
670 2477 726 2555 iis,
761 2498 833 2561 quae
861 2475 1052 2559 parenthesi
1076 2477 1246 2540 eontinen-

73 2587 165 2661 tur,
200 2582 365 2662 adbibita,
400 2590 436 2647 ut
469 2604 510 2648 ex
543 2583 653 2648 dativo
687 2585 889 2667 pronominis
916 2583 1045 2649 relativi
1072 2584 1106 2647 in
1135 2585 1244 2666 priore

60 2690 242 2756 membro
276 2691 385 2774 posito
422 2691 578 2756 audiatur
610 2693 643 2755 in
671 2691 789 2770 altero,
817 2690 881 2756 hoo
909 2692 1041 2772 quidem
1070 2691 1141 2756 loeo
1171 2712 1243 2754 aum

100 2958 144 3024 ι)
162 2958 227 3029 Cap.
246 2962 276 3026 6,
298 2962 409 3016 breete
427 2962 569 3016 Bekkerus
589 2980 603 3015 e
621 2962 655 3015 B:
684 2962 746 3015 sub
771 2962 843 3015 leni
869 2963 1051 3015 verborum
1068 2967 1246 3030 praetextu.

160 3042 284 3097 Lenibus
313 3051 341 3099 et
367 3046 482 3100 mitibus
510 3047 604 3101 verbis
633 3063 728 3099 verum
757 3046 861 3101 decreti
888 3061 1000 3098 sensum
1022 3044 1148 3099 Thebani
1172 3061 1245 3109 prse-

160 3129 285 3183 texuisse
312 3135 341 3183 et
367 3131 517 3185 involvisse
544 3131 687 3196 dicuntur;
723 3132 851 3185 levitas
878 3130 955 3184 nulla
982 3136 1055 3194 erat;
1089 3146 1180 3183 oausae
1208 3130 1248 3196 (in

163 3230 243 3280 quem
276 3213 466 3282 significatum
498 3215 582 3270 oredo
610 3216 760 3271 nonnullos
793 3217 901 3270 levem
928 3214 1008 3267 illum
1039 3221 1249 3283 praetextum

165 3297 320 3364 deflexisse)
337 3301 369 3354 in
386 3301 500 3354 decreto
518 3318 575 3354 non
593 3301 795 3380 adferebantur
813 3317 903 3369 neque
921 3301 950 3352 in
968 3300 1062 3353 verbis
1081 3306 1169 3354 erant.
1203 3299 1218 3369 ξ
1233 3302 1249 3353 6

163 3398 259 3437 vereor
281 3402 317 3439 ne
338 3401 392 3454 pro
416 3385 457 3438 ad
480 3385 568 3439 diem
598 3385 772 3441 indictum
790 3385 875 3440 scribi
894 3384 995 3439 debeat
1013 3384 1053 3437 ad
1072 3383 1159 3438 diem
1178 3385 1247 3440 dic·

167 3471 240 3520 tum.
277 3467 349 3522 Nam
367 3469 540 3537 indicuntur,
559 3487 621 3539 quae
640 3468 699 3524 fieri
718 3471 905 3539 praestarique
924 3470 1028 3523 debent
1046 3470 1142 3535 (etiam
1161 3486 1250 3524 exer·

167 3552 270 3618 situs,
298 3553 352 3607 hoc
375 3559 432 3620 est,
461 3555 519 3608 eius
543 3555 753 3624 congregatio);
782 3561 894 3624 tempus
916 3554 957 3607 rei
982 3554 1098 3622 egendae
1118 3554 1251 3609 dicitur

166 3634 257 3701 (Gron.
280 3644 309 3693 at
331 3638 472 3693 Drelrenb.
491 3640 527 3693 ed
552 3639 668 3706 XXXV,
692 3643 721 3705 3,
744 3639 769 3705 2)
793 3645 843 3693 ent
865 3638 1021 3692 edicitur
1045 3638 1193 3705 (Drakenb.
1213 3639 1269 3715 ed,

167 3718 273 3789 XXXI,
295 3725 342 3789 49,
367 3723 416 3791 12).
457 3723 526 3791 Neo,
549 3725 596 3792 qui
615 3725 641 3777 b.
660 3726 678 3778 l.
696 3729 801 3791 tacent,
824 3724 946 3778 editores
965 3740 988 3779 o.
1007 3726 1032 3787 8,
1056 3725 1072 3776 2
1090 3724 1216 3777 tulerunt
1234 3741 1250 3779 e

165 3803 193 3859 u
206 3807 356 3876 seriptum:
375 3807 449 3863 dies
464 3808 504 3861 ad
519 3808 795 3862 conveniendum
813 3807 987 3862 exercitui
1004 3808 1070 3873 (sor.
1086 3825 1149 3861 cum
1165 3806 1249 3861 Gron.

167 3906 240 3945 eum
264 3892 429 3960 exercitu)
449 3893 579 3949 Pheras
603 3898 654 3947 est
671 3893 840 3959 indictus,
865 3893 916 3947 sed
933 3909 948 3945 e
966 3892 989 3945 B
1008 3897 1037 3946 et
1056 3892 1156 3946 esteris
1173 3908 1250 3946 revo-

165 3980 276 4029 eerunt:
304 3982 358 4031 est
384 3977 508 4031 dietus.
554 3977 656 4033 Obstat
679 3976 801 4044 XXVII,
825 3981 873 4043 30,
897 3981 928 4032 o:
964 3976 1190 4043 concilioque
1218 3982 1250 4031 et

167 4057 259 4115 loeus
285 4067 317 4115 et
340 4061 412 4116 dies
434 4064 529 4117 o'erta
552 4064 694 4118 indicta.
736 4063 807 4117 Nam
826 4062 859 4130 X,
878 4065 920 4127 27,
938 4065 954 4115 3
974 4060 1152 4116 scribendum
1170 4060 1271 4114 vide*

167 4148 211 4198 tur
236 4148 408 4204 necessario:
437 4147 509 4202 dies
538 4148 617 4202 inde
644 4149 739 4203 dieta
764 4164 886 4217 pugnae
913 4164 980 4217 pro:
1010 4145 1084 4198 dies
1113 4145 1251 4199 indicta

167 4244 300 4299 pugnoe;
328 4230 504 4286 desideratur
532 4234 606 4286 enim
629 4233 743 4288 omnino
766 4251 835 4298 vox,
863 4248 925 4300 quae
952 4231 1069 4284 transiri
1091 4230 1126 4283 ad
1149 4247 1251 4284 novam

169 4329 225 4368 rem
244 4315 392 4384 significet.
