2994 5108
222 471 284 529 Lib.
303 471 353 527 IIL
779 460 821 522 94

221 644 361 710 vocati
393 664 472 709 non
505 648 651 708 entant
683 643 723 708 in
755 648 959 724 senatum,
993 644 1051 710 sie
1080 643 1199 729 plebs
1226 643 1380 711 abnuat

222 751 431 818 dilectum.
472 751 512 817 ln
534 751 617 816 illis:
641 735 718 816 iam
741 757 865 835 eaput
885 751 985 818 fieri
1006 751 1244 819 libertatem
1265 772 1379 838 repe·

221 862 395 931 teutium
414 881 528 938 unus,
563 859 653 944 quod
686 859 805 941 seiam,
839 858 992 944 Sigonius
1018 860 1130 943 haesit,
1163 880 1237 945 qum
1263 861 1381 928 multis

220 968 326 1036 modis
359 969 480 1034 vitiose
513 972 599 1034 sunt.
659 966 746 1032 Nam
777 988 885 1051 neque
917 967 979 1033 ulli
1012 974 1106 1035 erant
1138 968 1378 1036 libertatem

220 1081 474 1160 repetentes,
503 1073 655 1141 omnibns
683 1073 845 1141 haetenus
867 1075 1077 1161 torpentibus
1099 1082 1133 1143 et
1153 1076 1257 1143 tacite
1278 1076 1379 1144 liber-

153 1190 205 1258 (78)
224 1190 328 1250 tatem
356 1182 622 1249 desiderantibus
649 1187 709 1248 aut
730 1183 820 1249 inani
843 1204 1008 1266 sermone,
1039 1205 1101 1250 nee
1122 1184 1230 1274 magis
1253 1191 1379 1271 capnt

221 1292 515 1376 repetentium,
549 1291 640 1374 quod
662 1290 702 1356 de
726 1291 809 1356 duee
831 1291 1051 1376 intellegitur,
1084 1298 1254 1376 repertum
1274 1292 1380 1359 ullum

222 1406 302 1481 erat,
326 1399 444 1482 (neque
467 1399 553 1465 enim
575 1404 711 1465 senatus
732 1399 902 1465 universus
925 1406 1050 1484 eaput
1070 1403 1292 1484 repetentium
1313 1400 1379 1467 diei

221 1508 289 1574 ullo
324 1507 421 1573 modo
449 1511 598 1592 poterat,
633 1527 706 1590 qum
734 1506 915 1591 appellatio
943 1508 987 1573 ad
1016 1528 1119 1574 unum
1147 1509 1292 1593 aliquem
1318 1508 1378 1577 ho·

221 1617 340 1683 minem
363 1616 522 1701 pertinet,
556 1621 593 1680 ut
626 1622 726 1698 eaput
754 1615 904 1699 ospitare
932 1616 1169 1682 coniurationis
1198 1616 1380 1700 dioimtnr),

220 1747 280 1790 nee
304 1746 348 1790 ca
355 1730 429 1810 put
451 1729 509 1789 aut
532 1723 597 1789 dux
620 1722 679 1787 fit.
718 1721 822 1788 Breve
844 1723 973 1789 faciam.
1006 1722 1160 1790 Nondum
1182 1726 1223 1792 de
1245 1724 1380 1792 homine

220 1835 345 1918 agitur,
380 1831 439 1898 sed
475 1831 516 1897 de
545 1831 592 1897 rei
622 1831 756 1914 agendae
784 1832 879 1897 initio
909 1852 949 1896 ao
977 1853 1045 1916 spe.
1100 1832 1217 1916 Itaque
1245 1840 1379 1918 partem

220 1942 367 2024 aliquam
389 1941 457 2005 veri
481 1938 636 2023 Sigonius
658 1938 759 2019 vidit,
787 1940 845 2024 qni
869 1932 969 2005 scribi
990 1940 1110 2006 voluit:
1144 1942 1225 2006 iam
1253 1948 1381 2027 eaput

219 2048 316 2114 fieri
354 2048 573 2113 libertatis
606 2047 846 2132 repetendae
880 2047 1038 2129 (debebat
1071 2049 1190 2115 saltem
1222 2051 1380 2134 propius:

220 2157 461 2223 libertatem
483 2153 729 2239 repetendi);
760 2176 855 2220 suam
877 2155 973 2236 enim,
1002 2157 1129 2241 opinor,
1153 2157 1380 2223 coniecturam

219 2266 322 2330 veteri
344 2264 429 2329 libro
451 2262 578 2328 tribuit.
631 2260 697 2327 Sed
726 2269 850 2347 eaput
878 2263 919 2329 de
947 2264 1042 2331 initio
1065 2266 1115 2330 rei
1137 2265 1274 2350 agendae
1293 2287 1381 2331 nun-

220 2393 320 2457 quam
332 2371 454 2437 dicitnr
465 2375 499 2436 et
509 2371 543 2435 in
555 2372 829 2454 repetentium
845 2370 920 2456 plus
937 2372 1020 2438 latet
1036 2393 1136 2457 qnam
1150 2373 1380 2458 repetendi.

221 2478 407 2564 Scripserat
429 2478 556 2544 Livius:
585 2479 662 2543 iam
683 2478 872 2560 patelieri
894 2479 1136 2547 libertatem
1157 2479 1380 2565 repetendi

220 2587 326 2668 niun,
349 2588 383 2653 si
407 2607 447 2653 se
469 2584 587 2669 plebs
610 2591 671 2651 oet.
721 2587 992 2669 Antiquissimum
1014 2586 1169 2653 mendum
1190 2587 1380 2655 ooalescen-

219 2695 309 2760 tibus
342 2693 449 2759 verbis
476 2693 806 2777 repetendiuiam
832 2702 963 2777 natum,
997 2695 1116 2763 deinde
1143 2694 1379 2781 interpolando

220 2802 423 2868 occultatum
446 2800 543 2884 est.¹)

304 2908 382 2995 Cap.
414 2913 469 2990 39,
505 2915 523 2974 5
556 2933 623 2977 non
651 2931 813 2995 exponam
845 2908 1012 2994 pluribus,
1048 2911 1128 2995 qnid
1162 2911 1206 2976 sit
1240 2911 1313 2977 sitii
1340 2910 1380 2977 in

217 3019 326 3085 verbis
348 3020 387 3083 in
410 3039 505 3102 rege
527 3022 608 3083 tum
631 3018 773 3083 eodem.
818 3016 903 3082 Nam
924 3038 1030 3101 neque
1051 3040 1121 3083 rex
1143 3017 1249 3084 idern
1270 3040 1380 3104 neque

217 3134 301 3192 tum
330 3126 437 3192 idem
459 3123 597 3192 ferenda
620 3133 712 3206 sunt;
747 3130 782 3190 et
809 3126 919 3208 ipsum
947 3131 1031 3191 tum
1053 3128 1201 3211 ineptum
1224 3132 1278 3193 est
1299 3134 1381 3212 post

219 3235 370 3318 superius
397 3233 493 3298 illud:
528 3233 607 3297 Neo
635 3234 808 3298 nominis
836 3232 1018 3298 homines
1041 3238 1122 3298 tum
1145 3241 1380 3318 pertaesum,
1408 3280 1416 3297 .

219 3341 259 3404 ab
283 3340 441 3405 hocloco
464 3342 622 3425 temporis
645 3342 737 3406 notio
761 3340 869 3406 aliena
891 3345 951 3408 est.
1002 3339 1220 3407 Scribendum
1243 3342 1377 3427 opinor:

246 3560 269 3627 ¹)
290 3560 355 3631 Cap.
375 3563 421 3628 39,
444 3564 461 3614 4
479 3559 555 3631 qnod
577 3560 771 3631 disputaturus
795 3577 884 3628 eram,
906 3560 1102 3630 appellatos
1124 3562 1198 3617 male
1219 3562 1307 3619 mann
1329 3564 1380 3618 ad-

287 3645 379 3700 ditum
407 3663 480 3714 esse,
510 3645 740 3701 Weissenbornio
768 3646 798 3701 in
824 3648 947 3701 mentem
974 3646 1085 3702 venisse
1111 3646 1202 3702 rideo.
1251 3647 1379 3705 Auditur

287 3731 467 3802 appellari.
513 3730 622 3786 Praeter
649 3731 788 3785 rationem
815 3731 1026 3801 grammaticam
1053 3733 1240 3789 neeessariam
1262 3733 1308 3802 (-·
1330 3733 1379 3789 de·

285 3817 373 3871 bebat
395 3804 470 3872 enim
493 3816 560 3870 diei:
589 3833 654 3885 quo
678 3814 841 3870 Romulus
869 3815 1101 3887 deincepsque
1129 3834 1232 3889 reges
1254 3820 1375 3892 appel-

285 3902 352 3957 lati
377 3903 446 3957 sint
470 3900 513 3970 -)
532 3899 682 3955 manifesto
710 3900 960 3970 interpolationem
983 3902 1125 3957 sententie
1146 3904 1255 3974 arguit3
1280 3922 1377 3976 neque

285 3988 359 4041 enim
389 3987 424 4042 ad
450 4004 510 4041 rem
537 3986 676 4056 pertinet,
703 4003 784 4056 reges
812 3991 885 4054 tum,
913 4004 998 4055 quum
1021 3993 1129 4057 essent,
1156 3989 1237 4059 regio
1259 3992 1378 4049 nomine

285 4073 442 4142 appellatos
469 4089 543 4138 esse,
571 4071 622 4126 sed
645 4076 677 4124 ut
700 4072 877 4138 ostendatur,
904 4088 964 4126 non
988 4071 1077 4141 ipsius
1098 4075 1221 4131 nominis
1243 4075 1377 4133 homines

285 4160 439 4226 pertaesum
463 4174 536 4224 esse,
564 4156 788 4224 demonstratur,
816 4174 891 4212 nuno
915 4173 1025 4226 quoque
1048 4161 1077 4211 et
1099 4158 1131 4213 in
1152 4159 1227 4214 Ioris
1250 4161 1376 4231 appella·

284 4242 362 4295 tione
396 4248 425 4295 et
452 4242 482 4296 in
503 4241 615 4295 Romuli
643 4246 855 4311 oeterorumque
882 4256 981 4310 regum
1008 4242 1153 4298 mentione
1180 4245 1262 4301 etin
1284 4247 1376 4302 saeris

285 4327 404 4381 retineri
421 4343 526 4381 nornen
542 4331 679 4395 tanquam
696 4325 892 4382 honorificum.
