2994 5108
208 503 270 557 Lib.
288 502 350 557 VII.
757 490 817 551 180

210 686 245 740 ut
269 698 308 740 ex
331 676 380 756 iis,
404 697 504 759 quum
526 675 683 755 venerint,
707 674 914 739 sciscitemur
938 673 1078 759 aliquid;
1106 680 1366 759 prospectam,

210 784 329 868 ecquid
351 790 528 867 appareat;
561 788 835 867 prospectare
858 784 975 863 riam,
1004 784 1102 867 quid
1125 784 1190 848 cui
1213 805 1286 868 per
1306 783 1367 850 le-

211 900 329 976 gatos
356 892 590 956 renuntiari
613 892 815 957 Romanus
839 899 1006 956 senatus
1029 891 1173 957 iubeat
1196 890 1258 974 (sic
1280 893 1368 958 enim

211 1000 390 1082 enarrant),
412 1000 629 1083 nugacissimo
653 1000 783 1064 dicitur.
835 999 972 1079 Deinde,
996 1000 1024 1065 si
1045 999 1157 1066 Livius
1179 999 1271 1065 illam
1294 1022 1368 1066 sen·

210 1111 364 1189 tentiam,
398 1129 469 1191 quae
494 1130 514 1172 a
535 1109 727 1191 pronomine
758 1107 854 1192 quid
881 1109 1014 1192 incipit,
1049 1108 1213 1192 superiori
1235 1108 1369 1175 adnecti

211 1226 245 1284 et
273 1240 313 1282 ex
337 1217 579 1301 Campanorum
608 1217 694 1281 domi
724 1218 984 1300 exspectantium
1013 1217 1121 1281 animo
1149 1216 1292 1301 proferri
1312 1238 1369 1283 ro·

213 1327 343 1403 luisset,
377 1348 443 1389 non
466 1324 571 1404 illia,
605 1325 663 1389 sed
687 1324 765 1389 sibi
788 1325 992 1409 scripsisset,
1025 1346 1086 1390 nec
1109 1331 1248 1408 patres
1272 1345 1369 1392 con·

212 1435 359 1519 scripti
383 1433 572 1512 addidisset,
595 1432 684 1516 quod
706 1433 880 1499 manifesto
905 1440 955 1498 est
976 1433 1077 1515 legati
1095 1433 1198 1516 ipsius
1216 1439 1370 1499 senatum

212 1543 419 1625 alloquentis.
478 1542 664 1626 Scripserat
695 1542 806 1607 Livius
840 1563 906 1607 una
940 1542 1054 1606 littera
1086 1542 1209 1606 miuus:
1250 1539 1371 1608 Stare

213 1674 364 1716 omnem
391 1650 703 1715 multitudinem
732 1649 781 1714 ad
809 1658 951 1734 portas
980 1651 1083 1714 viam
1110 1648 1204 1714 hinc
1231 1647 1370 1716 feren·

213 1768 289 1824 tem
312 1764 642 1843 prospectantes,
672 1766 826 1822 certum
853 1757 994 1823 habe0.
1049 1757 1152 1836 Quid
1173 1757 1264 1823 illis
1286 1779 1371 1838 nos,

213 1875 354 1952 patres
379 1868 624 1950 conscripti,
655 1865 856 1930 sollicitis
881 1887 926 1930 ac
948 1865 1223 1950 pendentibus
1246 1866 1372 1931 animi

215 1978 455 2043 renuntiare
494 1975 661 2038 lnbctls?
700 1974 770 2038 Iam
810 1974 887 2039 huic
921 1986 1019 2040 recta
1051 1975 1304 2057 interrogationi
1338 1983 1374 2040 et

129 2101 199 2170 (152)
217 2086 366 2170 responsi
395 2084 610 2167 postulationi
639 2083 736 2164 longe
765 2082 874 2167 aptius
904 2084 1127 2165 adiunguntur
1148 2083 1223 2147 illa:
1256 2082 1373 2148 Alte·

215 2216 301 2259 rum
324 2214 562 2276 responsum
586 2191 760 2255 salutem
781 2216 842 2272 —3
872 2192 1056 2271 alterum,
1080 2191 1254 2257 ominari
1275 2189 1374 2257 hor·

213 2325 296 2383 reo,
330 2323 413 2386 quac
440 2300 559 2364 ferat.
616 2299 678 2377 Qui
707 2299 802 2383 quid
832 2299 1003 2364 sententia
1031 2320 1051 2363 a
1078 2300 1246 2383 superiore
1279 2320 1374 2365 nexae

214 2411 356 2475 indicem
379 2410 522 2492 putarit,
557 2431 597 2473 ex
626 2407 780 2472 iubetis
809 2406 888 2472 fecit
914 2406 1110 2471 iubeatis
1139 2426 1144 2431 ·
1166 2407 1238 2472 Hoc
1259 2414 1373 2473 autem

214 2518 404 2597 constituta
428 2522 568 2601 apparet
590 2517 699 2595 etiam,
720 2516 755 2579 ni
777 2513 884 2594 fallor,
908 2514 1035 2579 Litium
1058 2535 1123 2579 non
1147 2535 1221 2581 cum
1244 2536 1374 2581 summa

215 2627 430 2708 ambiguitate
452 2625 792 2708 prospectantes,
820 2624 994 2689 interiecto
1018 2630 1170 2707 portas,
1200 2623 1372 2690 rettulisse

215 2735 258 2799 ad
286 2733 608 2811 multitudinem,
644 2731 703 2796 sed
734 2737 877 2814 portas
911 2733 1013 2796 riam
1046 2732 1140 2796 hinc
1168 2730 1375 2798 ferentem

215 2847 526 2926 prospectantes
550 2840 679 2920 dixisse,
703 2860 775 2922 qum
798 2847 1010 2923 prospectum
1032 2841 1091 2904 riae
1114 2840 1282 2921 haberent,
1306 2862 1373 2924 quo

215 2973 334 3034 genere
367 2949 523 3042 loquendi
551 2949 687 3012 Tacitus
722 2954 755 3011 et
789 2948 912 3012 Plinius
946 2955 1085 3033 uterque
1118 2953 1272 3027 utuntur,
1307 2948 1372 3014 etsi

215 3058 380 3141 (XXXIII,
409 3062 457 3136 17,
482 3057 514 3139 5)
533 3057 805 3120 Acarnaniam
833 3057 957 3121 solem
980 3055 1238 3121 occidentem
1261 3076 1375 3140 spec·

215 3176 304 3232 tare
339 3167 419 3230 (licit
454 3165 493 3229 de
528 3166 599 3247 ipso
635 3165 710 3229 situ.
766 3165 900 3229 Retinui
932 3141 1213 3248 pendentibus
1247 3164 1375 3229 animi

216 3282 331 3340 contra
365 3274 511 3354 codices,
552 3295 591 3337 ex
625 3273 743 3356 quibus
777 3295 882 3357 nuper
915 3274 1097 3357 repositum
1131 3279 1182 3337 est
1215 3272 1373 3336 animis.

215 3383 261 3448 Ut
283 3383 368 3446 enim
379 3382 495 3446 Latine
519 3382 647 3445 dicatur
670 3381 709 3445 de
733 3382 882 3465 pluribus
904 3381 1081 3465 pendere
1105 3380 1259 3459 animia,
1284 3379 1376 3462 quod

215 3514 280 3555 uno
321 3489 487 3555 Ciceronis
534 3489 608 3554 loco
655 3498 771 3553 contra
813 3489 993 3574 permultos
1032 3489 1216 3555 contrarios
1255 3508 1376 3571 parum

216 3598 441 3678 confirmatur,
487 3597 642 3679 qnoniam
677 3598 709 3660 in
743 3597 806 3662 hac
839 3598 1007 3663 locutione
1040 3604 1166 3662 certum
1199 3594 1302 3661 habet
1324 3595 1376 3661 lo-

217 3729 290 3772 cum
322 3706 403 3770 illud
438 3706 561 3770 animi
597 3705 637 3770 de
671 3705 748 3771 sede
783 3706 922 3786 dictum,
955 3706 1019 3770 hoc
1052 3705 1185 3790 quidem
1217 3703 1291 3769 loco
1319 3703 1376 3769 Li·

216 3816 287 3879 vius
326 3836 398 3879 eam
437 3814 576 3879 formam
621 3814 784 3878 vitaturus
824 3820 897 3879 erat
943 3814 984 3879 ob
1032 3815 1139 3897 ipsam
1178 3811 1376 3896 ambiguita-

215 3932 291 4001 tem,
314 3947 355 3987 ne
376 3923 543 3987 videretur
565 3922 710 3986 animis
734 3921 830 4004 (dat.)
849 3922 1120 4007 pendentibus
1143 3921 1379 3986 renuntiari

217 4030 373 4112 aliquid
402 4030 509 4094 (licere
538 4029 588 4111 (ut
616 4031 704 4095 risus
734 4038 783 4096 est
805 4029 1027 4110 Alschefskio,
1057 4029 1263 4123 comparanti
1291 4051 1310 4094 e
1346 4050 1376 4094 c.

220 4142 272 4218 10,
314 4143 332 4201 9
366 4138 462 4203 huius
496 4138 587 4202 libri:
634 4140 778 4204 animis
823 4161 892 4223 spe
932 4145 1118 4223 metuque
1157 4136 1378 4221 pendenti·

218 4245 322 4328 bus);
345 4247 462 4310 animis
487 4248 572 4311 enim
595 4246 676 4311 nihil
698 4248 918 4312 renuntiatur.
960 4246 1128 4312 Librarius
1152 4246 1309 4313 facillime
1333 4245 1381 4312 ad
