3000 5116
618 565 622 573 ⁴
682 479 742 570 5Q9
1097 490 1158 544 mu
1176 488 1286 543 xxxv.

135 674 228 732 certa
250 671 336 729 sunt.
386 662 451 726 Sed
473 668 578 726 restat
600 660 735 743 aliquid.
787 659 914 724 Livium
937 663 1023 725 enim
1047 663 1164 744 opinor
1186 662 1288 744 scrip-

137 775 236 838 sisse:
266 794 312 836 ex
335 791 409 852 quo
433 768 630 851 ceperint,
654 788 733 831 nou:
764 787 807 830 ex
831 788 909 851 quo
933 770 1162 852 coeperint3
1191 769 1288 834 debe-

137 879 197 945 bat
219 880 306 944 enim
329 875 407 941 addi
430 875 650 959 pussidere.

563 1066 654 1146 Lib.
691 1065 864 1148 XXXV.

223 1199 301 1284 Cep.
326 1204 354 1279 8,
380 1203 399 1262 7
423 1199 470 1278 (in
494 1199 641 1262 oratione
664 1196 799 1277 Metelli,
830 1200 1007 1282 querentis,
1039 1199 1127 1282 quod
1151 1199 1186 1263 L.
1211 1196 1290 1263 Cor·

138 1311 246 1375 relius
280 1307 394 1372 consul
428 1327 492 1370 non
527 1306 570 1370 M.
602 1305 793 1370 Marcellum
829 1307 975 1387 legatum
1009 1307 1147 1370 Romam
1182 1327 1291 1371 secum

139 1417 345 1494 deduxisset,
378 1415 434 1497 qui
469 1414 637 1477 contraria
671 1414 814 1478 consulis
842 1415 963 1479 litteris
993 1414 1033 1478 de
1062 1413 1187 1496 proelio
1217 1434 1291 1478 cum

139 1524 228 1590 Boiis
267 1523 356 1588 facto
391 1521 432 1585 ad
467 1520 590 1584 multos
626 1520 831 1603 scripserat):
878 1521 987 1586 Nune
1026 1521 1160 1585 videri
1200 1541 1291 1586 esse

140 1638 314 1698 amotum
338 1630 384 1694 de
406 1628 625 1705 industria,
649 1629 716 1709 qui
740 1650 792 1708 ea,
817 1650 901 1711 quae
925 1630 1175 1712 scripsisset,
1197 1650 1291 1711 prae-

140 1761 233 1805 sens
263 1739 438 1814 diceret,
473 1756 646 1818 arguere
676 1756 809 1800 coram
839 1744 891 1815 et,
928 1739 962 1801 si
985 1737 1083 1818 quid
1108 1737 1198 1799 vani
1221 1735 1290 1800 ud·

140 1849 284 1924 terret,
320 1844 436 1925 argui
470 1849 630 1926 posset,
666 1843 795 1909 donec
829 1845 876 1907 ad
906 1844 1107 1927 liquidum
1136 1845 1292 1908 veritas

141 1954 358 2037 exploratu
392 1956 513 2015 esset.
569 1950 624 2014 Sic
653 1971 739 2014 nunc
768 1950 802 2031 (a
831 1951 1108 2026 Weissenboruio)
1139 1949 1248 2016 editur
1275 1973 1292 2015 e

140 2060 167 2126 B
190 2068 223 2125 et
247 2058 436 2142 vulgaribus
458 2057 643 2136 codicibus,
678 2059 711 2121 in
740 2080 806 2140 qua
832 2060 997 2141 scriptura
1019 2066 1052 2122 et
1074 2058 1208 2139 longum
1230 2057 1292 2122 hoc

142 2176 175 2234 et
209 2168 402 2251 bipartitum
436 2165 619 2229 membrum
653 2180 823 2248 arguere
857 2186 990 2230 coram
1023 2172 1062 2229 et
1095 2201 1137 2210 —
1170 2167 1378 2249 arguitsos)

141 2283 283 2360 posset
310 2275 424 2339 vitiose
454 2266 525 2337 sine
555 2272 718 2355 particula
747 2274 936 2355 adiungitur
963 2273 1030 2338 illi:
1068 2274 1136 2354 qui
1163 2308 1206 2317 —
1234 2273 1293 2337 di-

142 2393 265 2460 ceret,
290 2390 322 2446 et
344 2402 443 2465 prave
466 2381 528 2446 hoc
551 2380 689 2445 dieitur:
720 2388 890 2445 amotum
913 2402 1011 2458 esse,
1040 2382 1107 2464 qui
1130 2401 1185 2459 ea,
1209 2400 1293 2462 quae

143 2491 403 2573 scripsisset,
444 2509 622 2571 praesens
663 2488 837 2567 diceret,
878 2510 950 2570 quae
990 2489 1150 2553 orationis
1188 2487 1295 2552 forma

142 2606 257 2682 aperte
281 2596 408 2662 consilii
431 2594 701 2678 significationem
724 2596 848 2661 habere
870 2597 1000 2660 videtur
1022 2596 1221 2676 (amotum,
1252 2603 1295 2660 ut

142 2704 297 2769 alicubi
333 2704 508 2782 diceret3
543 2703 640 2784 louge
669 2704 756 2766 enim
785 2703 875 2768 aliud
905 2710 1005 2782 esset,
1039 2704 1067 2767 si
1095 2705 1142 2767 sic
1172 2703 1294 2768 scribe-

143 2820 248 2878 retur:
286 2831 390 2875 nunc
423 2817 599 2875 amotum
634 2831 739 2889 esse,
779 2813 847 2894 qui
886 2813 1095 2875 contraria
1134 2810 1294 2875 consuli

143 2905 414 3002 scripsisset).
464 2917 581 3000 ltaque
611 2919 639 2981 si
661 2917 777 2982 horum
801 2919 950 2983 codicum
974 2919 1119 3000 vestigiis
1141 2918 1295 2982 insisten-

144 3027 221 3092 dum
244 3032 345 3103 esset,
379 3025 587 3089 scribendum
610 3025 727 3088 saltem
750 3034 836 3090 erat:
872 3027 939 3109 qui
961 3060 1005 3068 -
1027 3046 1208 3107 praesens
1237 3026 1295 3087 dl-

143 3153 230 3196 cere
264 3139 299 3195 et
329 3152 499 3214 arguere
529 3153 661 3196 coram
692 3141 730 3197 et
757 3168 800 3178 —
830 3135 1129 3215 argui-posset3
1164 3132 1227 3196 etsi
1254 3153 1296 3196 ne

144 3242 190 3307 sic
219 3241 352 3325 quidem
381 3239 491 3322 placet
517 3237 587 3304 haec
617 3242 777 3305 orationis
799 3240 944 3305 relativae
966 3239 1087 3304 forma:
1122 3246 1296 3304 amotum

143 3370 252 3427 esse,
276 3349 343 3431 qui
365 3382 408 3392 —
432 3355 578 3429 posset,
603 3368 669 3430 qua
691 3355 859 3431 tamquam
881 3349 1009 3411 incerta
1032 3368 1177 3431 persona
1199 3368 1296 3430 gene-

144 3458 243 3522 ratim
266 3455 483 3538 significatur,
515 3456 566 3518 cui
590 3455 820 3536 significationi
843 3456 1013 3519 contraria
1035 3463 1112 3520 sunt
1134 3454 1206 3519 illa:
1241 3476 1297 3533 ea,

145 3584 229 3645 quae
253 3562 505 3644 scripsisset.
558 3562 673 3644 ltaque
696 3563 900 3627 redeundum
923 3563 1052 3627 videtur
1076 3563 1119 3628 ad
1142 3572 1298 3645 praestan-

144 3672 262 3736 tiorem
292 3670 417 3732 codicis
445 3669 479 3733 M
507 3671 755 3747 auctoritatem,
789 3671 822 3733 in
857 3692 922 3753 quo
957 3671 1003 3734 sic
1039 3673 1197 3754 scriptum
1232 3679 1296 3734 est:

145 3783 319 3842 amotum
343 3796 430 3841 esse
455 3776 501 3839 ‹le
524 3777 748 3855 industria,
776 3798 823 3841 ne
848 3798 907 3857 ea,
936 3799 1019 3861 quae
1049 3779 1298 3861 scripsisset,

146 3905 326 3968 prsesens
362 3883 521 3948 diceret
557 3892 629 3949 aut
663 3894 855 3966 argueret
890 3906 1024 3951 corum
1052 3893 1103 3963 et,
1140 3884 1299 3967 siquid

138 3982 235 4056 ¹vsni
259 3992 455 4069 adferret,
480 3993 594 4072 argui
623 3999 766 4073 posset
791 3991 867 4073 (etsi
890 4001 1019 4057 tantum
1041 3993 1211 4073 usquead
1235 4013 1299 4056 co-

146 4120 226 4164 ram
250 4105 385 4162 notatur
407 4100 529 4163 codicis
552 4097 748 4181 scriptura),
783 4101 1025 4181 tenendumque
1048 4101 1228 4182 aptissimae
1251 4100 1299 4162 di·

146 4207 326 4271 iunctionis
350 4207 508 4272 indicium
530 4205 615 4286 (aut
638 4208 859 4291 argueret);
890 4207 1099 4272 scribendum
1122 4213 1173 4272 est
1196 4207 1297 4271 enim:

148 4336 195 4379 ne
220 4335 280 4394 ea,
310 4335 393 4396 quae
417 4315 673 4396 scripsisset,
703 4335 880 4396 praesens
909 4314 1066 4379 diceret
1087 4321 1122 4378 ct
1145 4321 1214 4378 aut
1235 4334 1300 4377 ar·
