<?xml version="1.0" encoding="UTF-8"?>
<!DOCTYPE html PUBLIC "-//W3C//DTD XHTML 1.0 Transitional//EN"
    "http://www.w3.org/TR/xhtml1/DTD/xhtml1-transitional.dtd">
<html xmlns="http://www.w3.org/1999/xhtml" xml:lang="en" lang="en">
 <head>
  <title>
</title>
<meta http-equiv="Content-Type" content="text/html;charset=utf-8" />
  <meta name='ocr-system' content='tesseract 3.04.00' />
  <meta name='ocr-capabilities' content='ocr_page ocr_carea ocr_par ocr_line ocrx_word'/>
</head>
<body>
  <div class='ocr_page' id='page_1' title='image "./emendationesliv00madvgoog_0137.png"; bbox 0 0 2994 5108; ppageno 0'>
   <div class='ocr_carea' id='block_1_1' title="bbox 85 476 924 557">
    <p class='ocr_par' dir='ltr' id='par_1_1' title="bbox 85 476 924 557">
     <span class='ocr_line' id='line_1_1' title="bbox 85 476 924 557; baseline -0.006 -14"><span class='ocrx_word' id='word_1_1' title='bbox 85 552 88 557; x_wconf 27' lang='lat'>¹</span> <span class='ocrx_word' id='word_1_2' title='bbox 221 487 285 543; x_wconf 84' lang='lat' dir='ltr'>Lib.</span> <span class='ocrx_word' id='word_1_3' title='bbox 305 487 353 544; x_wconf 88' lang='lat' dir='ltr'>IV.</span> <span class='ocrx_word' id='word_1_4' title='bbox 772 476 833 539; x_wconf 74' lang='lat'>126</span> <span class='ocrx_word' id='word_1_5' title='bbox 920 521 924 529; x_wconf 90' lang='lat'>-</span> 
     </span>
    </p>
   </div>
   <div class='ocr_carea' id='block_1_2' title="bbox 133 656 1391 4415">
    <p class='ocr_par' dir='ltr' id='par_1_2' title="bbox 219 656 1385 1614">
     <span class='ocr_line' id='line_1_2' title="bbox 310 656 1385 746; baseline -0.003 -20"><span class='ocrx_word' id='word_1_6' title='bbox 310 659 387 746; x_wconf 83' lang='lat' dir='ltr'>Cap.</span> <span class='ocrx_word' id='word_1_7' title='bbox 412 666 463 742; x_wconf 78' lang='lat'>51,</span> <span class='ocrx_word' id='word_1_8' title='bbox 486 665 520 726; x_wconf 84' lang='lat'>3:</span> <span class='ocrx_word' id='word_1_9' title='bbox 554 661 583 725; x_wconf 87' lang='lat' dir='ltr'>A</span> <span class='ocrx_word' id='word_1_10' title='bbox 606 660 726 745; x_wconf 82' lang='lat' dir='ltr'>plebe</span> <span class='ocrx_word' id='word_1_11' title='bbox 748 681 951 727; x_wconf 89' lang='lat' dir='ltr'>consensu</span> <span class='ocrx_word' id='word_1_12' title='bbox 974 659 1117 745; x_wconf 93' lang='lat' dir='ltr'>populi</span> <span class='ocrx_word' id='word_1_13' title='bbox 1139 656 1385 726; x_wconf 88' lang='lat' dir='ltr'>consulibus</span> 
     </span>
     <span class='ocr_line' id='line_1_3' title="bbox 222 767 1384 854; baseline -0.003 -20"><span class='ocrx_word' id='word_1_14' title='bbox 222 771 430 854; x_wconf 83' lang='lat' dir='ltr'>negotium</span> <span class='ocrx_word' id='word_1_15' title='bbox 464 768 690 835; x_wconf 83' lang='lat' dir='ltr'>mandatur.</span> <span class='ocrx_word' id='word_1_16' title='bbox 743 768 823 847; x_wconf 83' lang='lat' dir='ltr'>Quae</span> <span class='ocrx_word' id='word_1_17' title='bbox 849 768 1051 836; x_wconf 88' lang='lat' dir='ltr'>Niebuhrius</span> <span class='ocrx_word' id='word_1_18' title='bbox 1079 767 1121 834; x_wconf 91' lang='lat' dir='ltr'>de</span> <span class='ocrx_word' id='word_1_19' title='bbox 1149 767 1294 854; x_wconf 90' lang='lat' dir='ltr'>populi</span> <span class='ocrx_word' id='word_1_20' title='bbox 1322 785 1384 831; x_wconf 91' lang='lat' dir='ltr'>no·</span> 
     </span>
     <span class='ocr_line' id='line_1_4' title="bbox 221 876 1385 962; baseline -0.003 -18"><span class='ocrx_word' id='word_1_21' title='bbox 221 879 309 944; x_wconf 92' lang='lat' dir='ltr'>mine</span> <span class='ocrx_word' id='word_1_22' title='bbox 344 878 428 944; x_wconf 84' lang='lat' dir='ltr'><strong>dixit</strong></span> <span class='ocrx_word' id='word_1_23' title='bbox 461 899 482 943; x_wconf 88' lang='lat' dir='ltr'>a</span> <span class='ocrx_word' id='word_1_24' title='bbox 513 877 606 943; x_wconf 87' lang='lat' dir='ltr'>Livio</span> <span class='ocrx_word' id='word_1_25' title='bbox 639 877 806 944; x_wconf 89' lang='lat' dir='ltr'>interdum</span> <span class='ocrx_word' id='word_1_26' title='bbox 838 877 879 944; x_wconf 90' lang='lat' dir='ltr'>de</span> <span class='ocrx_word' id='word_1_27' title='bbox 913 877 1063 962; x_wconf 85' lang='lat' dir='ltr'>patriciis</span> <span class='ocrx_word' id='word_1_28' title='bbox 1094 877 1146 943; x_wconf 85' lang='lat' dir='ltr'>ita</span> <span class='ocrx_word' id='word_1_29' title='bbox 1177 876 1306 962; x_wconf 90' lang='lat' dir='ltr'>posito,</span> <span class='ocrx_word' id='word_1_30' title='bbox 1344 884 1385 940; x_wconf 89' lang='lat' dir='ltr'>ut</span> 
     </span>
     <span class='ocr_line' id='line_1_5' title="bbox 222 985 1384 1071; baseline -0.001 -21"><span class='ocrx_word' id='word_1_31' title='bbox 222 985 315 1071; x_wconf 84' lang='lat' dir='ltr'>plebs</span> <span class='ocrx_word' id='word_1_32' title='bbox 349 986 393 1052; x_wconf 87' lang='lat' dir='ltr'>ab</span> <span class='ocrx_word' id='word_1_33' title='bbox 426 986 467 1051; x_wconf 89' lang='lat' dir='ltr'>iis</span> <span class='ocrx_word' id='word_1_34' title='bbox 497 987 647 1051; x_wconf 88' lang='lat' dir='ltr'>seiuncta</span> <span class='ocrx_word' id='word_1_35' title='bbox 674 987 892 1071; x_wconf 80' lang='lat' dir='ltr'>cogitaretur,</span> <span class='ocrx_word' id='word_1_36' title='bbox 926 1007 1028 1067; x_wconf 90' lang='lat' dir='ltr'>nunc,</span> <span class='ocrx_word' id='word_1_37' title='bbox 1043 987 1195 1071; x_wconf 68' lang='lat' dir='ltr'>opinor,</span> <span class='ocrx_word' id='word_1_38' title='bbox 1229 985 1384 1051; x_wconf 84' lang='lat' dir='ltr'>omittere</span> 
     </span>
     <span class='ocr_line' id='line_1_6' title="bbox 223 1093 1385 1180; baseline -0.002 -19"><span class='ocrx_word' id='word_1_39' title='bbox 223 1096 294 1161; x_wconf 90' lang='lat' dir='ltr'>sine</span> <span class='ocrx_word' id='word_1_40' title='bbox 326 1093 526 1161; x_wconf 77' lang='lat' dir='ltr'>refutatione</span> <span class='ocrx_word' id='word_1_41' title='bbox 559 1095 654 1177; x_wconf 84' lang='lat' dir='ltr'>licet3</span> <span class='ocrx_word' id='word_1_42' title='bbox 687 1116 825 1180; x_wconf 90' lang='lat' dir='ltr'>prorsus</span> <span class='ocrx_word' id='word_1_43' title='bbox 859 1096 948 1161; x_wconf 91' lang='lat' dir='ltr'>enim</span> <span class='ocrx_word' id='word_1_44' title='bbox 980 1095 1051 1160; x_wconf 90' lang='lat' dir='ltr'>sine</span> <span class='ocrx_word' id='word_1_45' title='bbox 1082 1093 1151 1161; x_wconf 86' lang='lat' dir='ltr'>ullo</span> <span class='ocrx_word' id='word_1_46' title='bbox 1185 1098 1385 1178; x_wconf 84' lang='lat' dir='ltr'>argumento</span> 
     </span>
     <span class='ocr_line' id='line_1_7' title="bbox 220 1200 1385 1289; baseline 0 -22"><span class='ocrx_word' id='word_1_47' title='bbox 220 1202 399 1286; x_wconf 86' lang='lat' dir='ltr'>finguntur.</span> <span class='ocrx_word' id='word_1_48' title='bbox 461 1203 543 1268; x_wconf 86' lang='lat' dir='ltr'>Eius</span> <span class='ocrx_word' id='word_1_49' title='bbox 581 1210 693 1269; x_wconf 87' lang='lat' dir='ltr'>autem</span> <span class='ocrx_word' id='word_1_50' title='bbox 725 1202 854 1289; x_wconf 92' lang='lat' dir='ltr'>populi,</span> <span class='ocrx_word' id='word_1_51' title='bbox 894 1204 953 1286; x_wconf 90' lang='lat' dir='ltr'>qui</span> <span class='ocrx_word' id='word_1_52' title='bbox 984 1224 1003 1268; x_wconf 87' lang='lat' dir='ltr'>e</span> <span class='ocrx_word' id='word_1_53' title='bbox 1034 1203 1184 1288; x_wconf 86' lang='lat' dir='ltr'>patriciis</span> <span class='ocrx_word' id='word_1_54' title='bbox 1217 1208 1253 1268; x_wconf 87' lang='lat' dir='ltr'>et</span> <span class='ocrx_word' id='word_1_55' title='bbox 1284 1200 1385 1287; x_wconf 86' lang='lat' dir='ltr'>plebe</span> 
     </span>
     <span class='ocr_line' id='line_1_8' title="bbox 220 1310 1384 1398; baseline -0.001 -22"><span class='ocrx_word' id='word_1_56' title='bbox 220 1317 359 1393; x_wconf 87' lang='lat' dir='ltr'>constat,</span> <span class='ocrx_word' id='word_1_57' title='bbox 382 1332 545 1377; x_wconf 90' lang='lat' dir='ltr'>consensu</span> <span class='ocrx_word' id='word_1_58' title='bbox 566 1311 658 1378; x_wconf 89' lang='lat' dir='ltr'>nullo</span> <span class='ocrx_word' id='word_1_59' title='bbox 680 1310 777 1378; x_wconf 92' lang='lat' dir='ltr'>modo</span> <span class='ocrx_word' id='word_1_60' title='bbox 801 1311 896 1397; x_wconf 89' lang='lat' dir='ltr'>plebs</span> <span class='ocrx_word' id='word_1_61' title='bbox 919 1311 984 1377; x_wconf 92' lang='lat' dir='ltr'>dici</span> <span class='ocrx_word' id='word_1_62' title='bbox 1006 1317 1119 1396; x_wconf 83' lang='lat' dir='ltr'>potest</span> <span class='ocrx_word' id='word_1_63' title='bbox 1141 1310 1326 1398; x_wconf 85' lang='lat' dir='ltr'>quidquam</span> <span class='ocrx_word' id='word_1_64' title='bbox 1348 1310 1384 1375; x_wconf 91' lang='lat' dir='ltr'>in</span> 
     </span>
     <span class='ocr_line' id='line_1_9' title="bbox 221 1416 1382 1513; baseline -0.003 -26"><span class='ocrx_word' id='word_1_65' title='bbox 221 1422 289 1487; x_wconf 91' lang='lat' dir='ltr'>suis</span> <span class='ocrx_word' id='word_1_66' title='bbox 311 1421 386 1505; x_wconf 88' lang='lat' dir='ltr'>ipsa</span> <span class='ocrx_word' id='word_1_67' title='bbox 408 1420 549 1486; x_wconf 88' lang='lat' dir='ltr'>comitiis</span> <span class='ocrx_word' id='word_1_68' title='bbox 571 1418 690 1501; x_wconf 83' lang='lat' dir='ltr'>facere,</span> <span class='ocrx_word' id='word_1_69' title='bbox 713 1419 905 1513; x_wconf 81' lang='lat' dir='ltr'>frustraque</span> <span class='ocrx_word' id='word_1_70' title='bbox 916 1420 1204 1487; x_wconf 89' lang='lat' dir='ltr'>Weissenbornius</span> <span class='ocrx_word' id='word_1_71' title='bbox 1222 1419 1318 1486; x_wconf 91' lang='lat' dir='ltr'>locos</span> <span class='ocrx_word' id='word_1_72' title='bbox 1336 1416 1382 1483; x_wconf 88' lang='lat' dir='ltr'>ad</span> 
     </span>
     <span class='ocr_line' id='line_1_10' title="bbox 219 1527 1384 1614; baseline -0.002 -20"><span class='ocrx_word' id='word_1_73' title='bbox 219 1529 306 1595; x_wconf 82' lang='lat' dir='ltr'>banc</span> <span class='ocrx_word' id='word_1_74' title='bbox 328 1550 398 1595; x_wconf 91' lang='lat' dir='ltr'>rem</span> <span class='ocrx_word' id='word_1_75' title='bbox 419 1527 502 1594; x_wconf 90' lang='lat' dir='ltr'><strong>nihil</strong></span> <span class='ocrx_word' id='word_1_76' title='bbox 525 1529 656 1594; x_wconf 93' lang='lat' dir='ltr'>omnino</span> <span class='ocrx_word' id='word_1_77' title='bbox 678 1530 882 1613; x_wconf 88' lang='lat' dir='ltr'>pertinentes</span> <span class='ocrx_word' id='word_1_78' title='bbox 904 1528 1052 1610; x_wconf 82' lang='lat' dir='ltr'>collegit,</span> <span class='ocrx_word' id='word_1_79' title='bbox 1081 1528 1116 1595; x_wconf 91' lang='lat' dir='ltr'>in</span> <span class='ocrx_word' id='word_1_80' title='bbox 1138 1528 1262 1614; x_wconf 90' lang='lat' dir='ltr'>quibus</span> <span class='ocrx_word' id='word_1_81' title='bbox 1284 1547 1384 1592; x_wconf 90' lang='lat' dir='ltr'>con·</span> 
     </span>
    </p>

    <p class='ocr_par' dir='ltr' id='par_1_3' title="bbox 133 1635 1386 2479">
     <span class='ocr_line' id='line_1_11' title="bbox 133 1635 1386 1722; baseline -0.004 -16"><span class='ocrx_word' id='word_1_82' title='bbox 133 1650 205 1720; x_wconf 79' lang='lat'><strong>(106)</strong></span> <span class='ocrx_word' id='word_1_83' title='bbox 223 1659 367 1704; x_wconf 89' lang='lat' dir='ltr'>sensus</span> <span class='ocrx_word' id='word_1_84' title='bbox 396 1636 539 1722; x_wconf 93' lang='lat' dir='ltr'>populi</span> <span class='ocrx_word' id='word_1_85' title='bbox 567 1642 627 1702; x_wconf 87' lang='lat' dir='ltr'>aut</span> <span class='ocrx_word' id='word_1_86' title='bbox 648 1636 839 1702; x_wconf 83' lang='lat' dir='ltr'>civitatis</span> <span class='ocrx_word' id='word_1_87' title='bbox 861 1637 1051 1702; x_wconf 89' lang='lat' dir='ltr'>nominatur</span> <span class='ocrx_word' id='word_1_88' title='bbox 1072 1642 1132 1702; x_wconf 90' lang='lat' dir='ltr'>aut</span> <span class='ocrx_word' id='word_1_89' title='bbox 1154 1635 1285 1721; x_wconf 85' lang='lat' dir='ltr'>plebem</span> <span class='ocrx_word' id='word_1_90' title='bbox 1306 1654 1386 1720; x_wconf 84' lang='lat' dir='ltr'>par·</span> 
     </span>
     <span class='ocr_line' id='line_1_12' title="bbox 218 1743 1384 1830; baseline -0.003 -18"><span class='ocrx_word' id='word_1_91' title='bbox 218 1753 286 1812; x_wconf 89' lang='lat' dir='ltr'>tem</span> <span class='ocrx_word' id='word_1_92' title='bbox 319 1767 392 1812; x_wconf 89' lang='lat' dir='ltr'>esse</span> <span class='ocrx_word' id='word_1_93' title='bbox 425 1743 541 1830; x_wconf 92' lang='lat' dir='ltr'>populi</span> <span class='ocrx_word' id='word_1_94' title='bbox 574 1744 781 1828; x_wconf 88' lang='lat' dir='ltr'>significatur</span> <span class='ocrx_word' id='word_1_95' title='bbox 813 1743 865 1826; x_wconf 92' lang='lat' dir='ltr'>(ut</span> <span class='ocrx_word' id='word_1_96' title='bbox 892 1765 993 1827; x_wconf 90' lang='lat' dir='ltr'>quum</span> <span class='ocrx_word' id='word_1_97' title='bbox 1016 1766 1043 1809; x_wconf 90' lang='lat' dir='ltr'>c.</span> <span class='ocrx_word' id='word_1_98' title='bbox 1068 1749 1123 1826; x_wconf 86' lang='lat'>56,</span> <span class='ocrx_word' id='word_1_99' title='bbox 1158 1747 1176 1808; x_wconf 82' lang='lat'>3</span> <span class='ocrx_word' id='word_1_100' title='bbox 1204 1743 1321 1829; x_wconf 89' lang='lat' dir='ltr'>populi</span> <span class='ocrx_word' id='word_1_101' title='bbox 1348 1744 1384 1808; x_wconf 91' lang='lat' dir='ltr'>in</span> 
     </span>
     <span class='ocr_line' id='line_1_13' title="bbox 218 1851 1382 1938; baseline -0.003 -18"><span class='ocrx_word' id='word_1_102' title='bbox 218 1855 360 1921; x_wconf 87' lang='lat' dir='ltr'>comitiis</span> <span class='ocrx_word' id='word_1_103' title='bbox 401 1854 504 1919; x_wconf 88' lang='lat' dir='ltr'>animi</span> <span class='ocrx_word' id='word_1_104' title='bbox 537 1873 558 1918; x_wconf 86' lang='lat' dir='ltr'>a</span> <span class='ocrx_word' id='word_1_105' title='bbox 590 1852 730 1937; x_wconf 88' lang='lat' dir='ltr'>plebeiis</span> <span class='ocrx_word' id='word_1_106' title='bbox 769 1851 957 1919; x_wconf 84' lang='lat' dir='ltr'>candidatis</span> <span class='ocrx_word' id='word_1_107' title='bbox 996 1851 1040 1918; x_wconf 85' lang='lat' dir='ltr'>sd</span> <span class='ocrx_word' id='word_1_108' title='bbox 1077 1852 1238 1938; x_wconf 86' lang='lat' dir='ltr'>patricios</span> <span class='ocrx_word' id='word_1_109' title='bbox 1271 1851 1382 1917; x_wconf 83' lang='lat' dir='ltr'>aversi</span> 
     </span>
     <span class='ocr_line' id='line_1_14' title="bbox 219 1960 1385 2045; baseline -0.002 -18"><span class='ocrx_word' id='word_1_110' title='bbox 219 1961 398 2044; x_wconf 88' lang='lat' dir='ltr'>dicuntur).</span> <span class='ocrx_word' id='word_1_111' title='bbox 443 1961 515 2027; x_wconf 91' lang='lat' dir='ltr'>Hoc</span> <span class='ocrx_word' id='word_1_112' title='bbox 538 1960 670 2045; x_wconf 90' lang='lat' dir='ltr'>quidem</span> <span class='ocrx_word' id='word_1_113' title='bbox 692 1961 765 2026; x_wconf 90' lang='lat' dir='ltr'>loco</span> <span class='ocrx_word' id='word_1_114' title='bbox 789 1982 827 2026; x_wconf 91' lang='lat' dir='ltr'>eo</span> <span class='ocrx_word' id='word_1_115' title='bbox 850 1961 958 2026; x_wconf 90' lang='lat' dir='ltr'>minus</span> <span class='ocrx_word' id='word_1_116' title='bbox 981 1981 1160 2027; x_wconf 87' lang='lat' dir='ltr'>consensus</span> <span class='ocrx_word' id='word_1_117' title='bbox 1182 1960 1385 2045; x_wconf 82' lang='lat' dir='ltr'>cuiusquam</span> 
     </span>
     <span class='ocr_line' id='line_1_15' title="bbox 219 2067 1385 2154; baseline -0.002 -18"><span class='ocrx_word' id='word_1_118' title='bbox 219 2076 314 2136; x_wconf 85' lang='lat' dir='ltr'>extra</span> <span class='ocrx_word' id='word_1_119' title='bbox 335 2068 466 2154; x_wconf 84' lang='lat' dir='ltr'>plebem</span> <span class='ocrx_word' id='word_1_120' title='bbox 490 2069 738 2135; x_wconf 82' lang='lat' dir='ltr'>commemorari</span> <span class='ocrx_word' id='word_1_121' title='bbox 760 2074 881 2153; x_wconf 74' lang='lat' dir='ltr'>potest,</span> <span class='ocrx_word' id='word_1_122' title='bbox 909 2090 976 2152; x_wconf 88' lang='lat' dir='ltr'>quo</span> <span class='ocrx_word' id='word_1_123' title='bbox 1000 2070 1149 2153; x_wconf 83' lang='lat' dir='ltr'>apertius</span> <span class='ocrx_word' id='word_1_124' title='bbox 1172 2068 1287 2134; x_wconf 87' lang='lat' dir='ltr'>Livius</span> <span class='ocrx_word' id='word_1_125' title='bbox 1309 2067 1385 2153; x_wconf 92' lang='lat' dir='ltr'>ipse</span> 
     </span>
     <span class='ocr_line' id='line_1_16' title="bbox 218 2175 1385 2263; baseline -0.001 -21"><span class='ocrx_word' id='word_1_126' title='bbox 218 2178 320 2263; x_wconf 87' lang='lat' dir='ltr'>paulo</span> <span class='ocrx_word' id='word_1_127' title='bbox 344 2183 421 2243; x_wconf 87' lang='lat' dir='ltr'>ante</span> <span class='ocrx_word' id='word_1_128' title='bbox 443 2183 550 2243; x_wconf 85' lang='lat' dir='ltr'>totam</span> <span class='ocrx_word' id='word_1_129' title='bbox 571 2198 642 2243; x_wconf 90' lang='lat' dir='ltr'>rem</span> <span class='ocrx_word' id='word_1_130' title='bbox 664 2199 685 2243; x_wconf 88' lang='lat' dir='ltr'>a</span> <span class='ocrx_word' id='word_1_131' title='bbox 707 2177 861 2262; x_wconf 88' lang='lat' dir='ltr'>patribus</span> <span class='ocrx_word' id='word_1_132' title='bbox 884 2175 927 2242; x_wconf 90' lang='lat' dir='ltr'>ad</span> <span class='ocrx_word' id='word_1_133' title='bbox 948 2176 1102 2243; x_wconf 85' lang='lat' dir='ltr'>tribunos</span> <span class='ocrx_word' id='word_1_134' title='bbox 1125 2182 1160 2243; x_wconf 87' lang='lat' dir='ltr'>et</span> <span class='ocrx_word' id='word_1_135' title='bbox 1181 2175 1226 2243; x_wconf 91' lang='lat' dir='ltr'>ad</span> <span class='ocrx_word' id='word_1_136' title='bbox 1247 2175 1385 2262; x_wconf 86' lang='lat' dir='ltr'>plebem</span> 
     </span>
     <span class='ocr_line' id='line_1_17' title="bbox 217 2283 1386 2371; baseline -0.001 -19"><span class='ocrx_word' id='word_1_137' title='bbox 217 2288 377 2352; x_wconf 88' lang='lat' dir='ltr'>reiectam</span> <span class='ocrx_word' id='word_1_138' title='bbox 399 2306 472 2350; x_wconf 88' lang='lat' dir='ltr'>esse</span> <span class='ocrx_word' id='word_1_139' title='bbox 493 2286 649 2351; x_wconf 77' lang='lat' dir='ltr'>narravit.</span> <span class='ocrx_word' id='word_1_140' title='bbox 706 2285 806 2366; x_wconf 84' lang='lat' dir='ltr'>Quid,</span> <span class='ocrx_word' id='word_1_141' title='bbox 834 2283 923 2370; x_wconf 90' lang='lat' dir='ltr'>quod</span> <span class='ocrx_word' id='word_1_142' title='bbox 949 2306 991 2351; x_wconf 90' lang='lat' dir='ltr'>ne</span> <span class='ocrx_word' id='word_1_143' title='bbox 1015 2285 1134 2351; x_wconf 86' lang='lat' dir='ltr'>Latine</span> <span class='ocrx_word' id='word_1_144' title='bbox 1156 2284 1293 2371; x_wconf 88' lang='lat' dir='ltr'>quidem</span> <span class='ocrx_word' id='word_1_145' title='bbox 1315 2284 1386 2351; x_wconf 90' lang='lat' dir='ltr'>dici</span> 
     </span>
     <span class='ocr_line' id='line_1_18' title="bbox 218 2392 1384 2479; baseline -0.002 -19"><span class='ocrx_word' id='word_1_146' title='bbox 218 2400 317 2479; x_wconf 89' lang='lat' dir='ltr'>puto:</span> <span class='ocrx_word' id='word_1_147' title='bbox 351 2392 489 2459; x_wconf 89' lang='lat' dir='ltr'>facere</span> <span class='ocrx_word' id='word_1_148' title='bbox 528 2393 691 2478; x_wconf 89' lang='lat' dir='ltr'>aliquid</span> <span class='ocrx_word' id='word_1_149' title='bbox 724 2414 927 2460; x_wconf 88' lang='lat' dir='ltr'>consensu</span> <span class='ocrx_word' id='word_1_150' title='bbox 960 2392 1159 2477; x_wconf 86' lang='lat' dir='ltr'>(assensu)</span> <span class='ocrx_word' id='word_1_151' title='bbox 1192 2392 1384 2458; x_wconf 87' lang='lat' dir='ltr'>alicuius</span> 
     </span>
    </p>

    <p class='ocr_par' dir='ltr' id='par_1_4' title="bbox 191 2499 1391 4415">
     <span class='ocr_line' id='line_1_19' title="bbox 191 2499 1384 2588; baseline -0.001 -20"><span class='ocrx_word' id='word_1_152' title='bbox 191 2534 194 2540; x_wconf 47' lang='lat'>²</span> <span class='ocrx_word' id='word_1_153' title='bbox 217 2525 279 2588; x_wconf 90' lang='lat' dir='ltr'>pro</span> <span class='ocrx_word' id='word_1_154' title='bbox 302 2523 356 2582; x_wconf 89' lang='lat' dir='ltr'>eo,</span> <span class='ocrx_word' id='word_1_155' title='bbox 390 2499 480 2586; x_wconf 90' lang='lat' dir='ltr'>quod</span> <span class='ocrx_word' id='word_1_156' title='bbox 502 2507 569 2567; x_wconf 88' lang='lat' dir='ltr'>est:</span> <span class='ocrx_word' id='word_1_157' title='bbox 593 2502 875 2568; x_wconf 83' lang='lat' dir='ltr'>consentiente</span> <span class='ocrx_word' id='word_1_158' title='bbox 904 2499 1190 2584; x_wconf 82' lang='lat' dir='ltr'>(assentiente)</span> <span class='ocrx_word' id='word_1_159' title='bbox 1219 2500 1384 2584; x_wconf 89' lang='lat' dir='ltr'>aliquo,</span> 
     </span>
     <span class='ocr_line' id='line_1_20' title="bbox 217 2607 1388 2693; baseline -0.003 -17"><span class='ocrx_word' id='word_1_160' title='bbox 217 2617 256 2676; x_wconf 89' lang='lat' dir='ltr'>ut</span> <span class='ocrx_word' id='word_1_161' title='bbox 280 2610 403 2675; x_wconf 89' lang='lat' dir='ltr'>dicitnr</span> <span class='ocrx_word' id='word_1_162' title='bbox 424 2612 639 2693; x_wconf 89' lang='lat' dir='ltr'>permissu,</span> <span class='ocrx_word' id='word_1_163' title='bbox 662 2610 777 2674; x_wconf 90' lang='lat' dir='ltr'>iussu</span> <span class='ocrx_word' id='word_1_164' title='bbox 799 2614 861 2674; x_wconf 90' lang='lat' dir='ltr'>cet.</span> <span class='ocrx_word' id='word_1_165' title='bbox 885 2609 1062 2675; x_wconf 84' lang='lat' dir='ltr'>alicuius</span> <span class='ocrx_word' id='word_1_166' title='bbox 1084 2608 1246 2676; x_wconf 78' lang='lat' dir='ltr'>facere?</span> <span class='ocrx_word' id='word_1_167' title='bbox 1269 2607 1388 2674; x_wconf 85' lang='lat' dir='ltr'>Livius</span> 
     </span>
     <span class='ocr_line' id='line_1_21' title="bbox 217 2716 1387 2803; baseline -0.003 -18"><span class='ocrx_word' id='word_1_168' title='bbox 217 2718 351 2803; x_wconf 89' lang='lat' dir='ltr'>quidem</span> <span class='ocrx_word' id='word_1_169' title='bbox 390 2723 449 2782; x_wconf 83' lang='lat' dir='ltr'>aut</span> <span class='ocrx_word' id='word_1_170' title='bbox 487 2716 732 2782; x_wconf 89' lang='lat' dir='ltr'>multitudinem</span> <span class='ocrx_word' id='word_1_171' title='bbox 778 2716 923 2801; x_wconf 87' lang='lat' dir='ltr'>aliquam</span> <span class='ocrx_word' id='word_1_172' title='bbox 969 2738 1171 2783; x_wconf 88' lang='lat' dir='ltr'>consensu</span> <span class='ocrx_word' id='word_1_173' title='bbox 1217 2716 1387 2800; x_wconf 87' lang='lat' dir='ltr'>aliquid</span> 
     </span>
     <span class='ocr_line' id='line_1_22' title="bbox 216 2824 1388 2906; baseline -0.004 -13"><span class='ocrx_word' id='word_1_174' title='bbox 216 2827 355 2893; x_wconf 85' lang='lat' dir='ltr'>facere</span> <span class='ocrx_word' id='word_1_175' title='bbox 395 2824 476 2890; x_wconf 87' lang='lat' dir='ltr'>dicit</span> <span class='ocrx_word' id='word_1_176' title='bbox 510 2824 587 2906; x_wconf 89' lang='lat' dir='ltr'>(hoc</span> <span class='ocrx_word' id='word_1_177' title='bbox 621 2831 687 2903; x_wconf 90' lang='lat' dir='ltr'>est,</span> <span class='ocrx_word' id='word_1_178' title='bbox 728 2825 890 2889; x_wconf 91' lang='lat' dir='ltr'>communi</span> <span class='ocrx_word' id='word_1_179' title='bbox 924 2845 1100 2906; x_wconf 90' lang='lat' dir='ltr'>consensu,</span> <span class='ocrx_word' id='word_1_180' title='bbox 1144 2830 1183 2890; x_wconf 93' lang='lat' dir='ltr'>ut</span> <span class='ocrx_word' id='word_1_181' title='bbox 1216 2824 1287 2905; x_wconf 94' lang='lat' dir='ltr'>III,</span> <span class='ocrx_word' id='word_1_182' title='bbox 1332 2827 1388 2906; x_wconf 83' lang='lat'>35,</span> 
     </span>
     <span class='ocr_line' id='line_1_23' title="bbox 217 2930 1389 3017; baseline -0.003 -17"><span class='ocrx_word' id='word_1_183' title='bbox 217 2940 253 3015; x_wconf 83' lang='lat'>⁷,</span> <span class='ocrx_word' id='word_1_184' title='bbox 295 2933 351 3016; x_wconf 86' lang='lat' dir='ltr'>ol.)</span> <span class='ocrx_word' id='word_1_185' title='bbox 392 2940 451 2999; x_wconf 86' lang='lat' dir='ltr'>aut</span> <span class='ocrx_word' id='word_1_186' title='bbox 491 2931 618 3016; x_wconf 85' lang='lat' dir='ltr'>aliquid</span> <span class='ocrx_word' id='word_1_187' title='bbox 657 2930 755 2996; x_wconf 89' lang='lat' dir='ltr'>fieri</span> <span class='ocrx_word' id='word_1_188' title='bbox 796 2951 1000 2999; x_wconf 88' lang='lat' dir='ltr'>consensu</span> <span class='ocrx_word' id='word_1_189' title='bbox 1035 2933 1283 3017; x_wconf 87' lang='lat' dir='ltr'>aliquorum,</span> <span class='ocrx_word' id='word_1_190' title='bbox 1325 2932 1389 3017; x_wconf 91' lang='lat' dir='ltr'>qui</span> 
     </span>
     <span class='ocr_line' id='line_1_24' title="bbox 216 3039 1387 3127; baseline -0.003 -18"><span class='ocrx_word' id='word_1_191' title='bbox 216 3044 281 3127; x_wconf 88' lang='lat' dir='ltr'>ipsi</span> <span class='ocrx_word' id='word_1_192' title='bbox 307 3040 442 3107; x_wconf 83' lang='lat' dir='ltr'>faciant.</span> <span class='ocrx_word' id='word_1_193' title='bbox 500 3039 607 3118; x_wconf 84' lang='lat' dir='ltr'>Quum</span> <span class='ocrx_word' id='word_1_194' title='bbox 641 3039 704 3104; x_wconf 90' lang='lat' dir='ltr'>hoc</span> <span class='ocrx_word' id='word_1_195' title='bbox 736 3040 834 3106; x_wconf 92' lang='lat' dir='ltr'>modo</span> <span class='ocrx_word' id='word_1_196' title='bbox 867 3039 921 3104; x_wconf 94' lang='lat' dir='ltr'>hic</span> <span class='ocrx_word' id='word_1_197' title='bbox 949 3061 1081 3124; x_wconf 90' lang='lat' dir='ltr'>quoque</span> <span class='ocrx_word' id='word_1_198' title='bbox 1111 3040 1318 3125; x_wconf 88' lang='lat' dir='ltr'>scripsisset:</span> <span class='ocrx_word' id='word_1_199' title='bbox 1352 3039 1387 3106; x_wconf 80' lang='lat' dir='ltr'>A</span> 
     </span>
     <span class='ocr_line' id='line_1_25' title="bbox 216 3147 1388 3235; baseline -0.003 -20"><span class='ocrx_word' id='word_1_200' title='bbox 216 3150 337 3235; x_wconf 90' lang='lat' dir='ltr'>plebe</span> <span class='ocrx_word' id='word_1_201' title='bbox 378 3169 579 3215; x_wconf 88' lang='lat' dir='ltr'>consensu</span> <span class='ocrx_word' id='word_1_202' title='bbox 619 3147 861 3213; x_wconf 91' lang='lat' dir='ltr'>consulibus</span> <span class='ocrx_word' id='word_1_203' title='bbox 899 3149 1113 3231; x_wconf 81' lang='lat' dir='ltr'>negotium</span> <span class='ocrx_word' id='word_1_204' title='bbox 1145 3147 1388 3230; x_wconf 88' lang='lat' dir='ltr'>mandatur,</span> 
     </span>
     <span class='ocr_line' id='line_1_26' title="bbox 216 3253 1388 3339; baseline -0.001 -16"><span class='ocrx_word' id='word_1_205' title='bbox 216 3279 282 3323; x_wconf 92' lang='lat' dir='ltr'>non</span> <span class='ocrx_word' id='word_1_206' title='bbox 321 3255 491 3322; x_wconf 88' lang='lat' dir='ltr'>intellecto</span> <span class='ocrx_word' id='word_1_207' title='bbox 531 3254 668 3320; x_wconf 81' lang='lat' dir='ltr'>ablativi</span> <span class='ocrx_word' id='word_1_208' title='bbox 706 3253 796 3318; x_wconf 92' lang='lat' dir='ltr'>illius</span> <span class='ocrx_word' id='word_1_209' title='bbox 835 3275 896 3338; x_wconf 90' lang='lat' dir='ltr'>pro</span> <span class='ocrx_word' id='word_1_210' title='bbox 929 3255 1084 3321; x_wconf 85' lang='lat' dir='ltr'>adverbio</span> <span class='ocrx_word' id='word_1_211' title='bbox 1118 3277 1182 3321; x_wconf 92' lang='lat' dir='ltr'>usu</span> <span class='ocrx_word' id='word_1_212' title='bbox 1212 3257 1388 3339; x_wconf 73' lang='lat' dir='ltr'>genetivus</span> 
     </span>
     <span class='ocr_line' id='line_1_27' title="bbox 217 3361 1387 3448; baseline -0.001 -18"><span class='ocrx_word' id='word_1_213' title='bbox 217 3364 351 3430; x_wconf 85' lang='lat' dir='ltr'>additus</span> <span class='ocrx_word' id='word_1_214' title='bbox 374 3368 440 3442; x_wconf 88' lang='lat' dir='ltr'>est,</span> <span class='ocrx_word' id='word_1_215' title='bbox 468 3368 527 3427; x_wconf 88' lang='lat' dir='ltr'>aut</span> <span class='ocrx_word' id='word_1_216' title='bbox 549 3362 692 3427; x_wconf 89' lang='lat' dir='ltr'>fortasse</span> <span class='ocrx_word' id='word_1_217' title='bbox 715 3361 779 3428; x_wconf 92' lang='lat' dir='ltr'>hoc</span> <span class='ocrx_word' id='word_1_218' title='bbox 800 3362 919 3445; x_wconf 89' lang='lat' dir='ltr'>ipsum,</span> <span class='ocrx_word' id='word_1_219' title='bbox 949 3364 1006 3447; x_wconf 90' lang='lat' dir='ltr'>qui</span> <span class='ocrx_word' id='word_1_220' title='bbox 1028 3365 1217 3448; x_wconf 86' lang='lat' dir='ltr'>genetivum</span> <span class='ocrx_word' id='word_1_221' title='bbox 1239 3362 1387 3446; x_wconf 88' lang='lat' dir='ltr'>addidit,</span> 
     </span>
     <span class='ocr_line' id='line_1_28' title="bbox 217 3468 1389 3557; baseline 0.001 -21"><span class='ocrx_word' id='word_1_222' title='bbox 217 3471 388 3537; x_wconf 84' lang='lat' dir='ltr'>declarare</span> <span class='ocrx_word' id='word_1_223' title='bbox 409 3470 527 3549; x_wconf 84' lang='lat' dir='ltr'>voluit,</span> <span class='ocrx_word' id='word_1_224' title='bbox 556 3489 577 3533; x_wconf 86' lang='lat' dir='ltr'>a</span> <span class='ocrx_word' id='word_1_225' title='bbox 604 3468 725 3551; x_wconf 90' lang='lat' dir='ltr'>plebe</span> <span class='ocrx_word' id='word_1_226' title='bbox 748 3490 948 3536; x_wconf 90' lang='lat' dir='ltr'>consensu</span> <span class='ocrx_word' id='word_1_227' title='bbox 971 3492 1043 3536; x_wconf 88' lang='lat' dir='ltr'>esse</span> <span class='ocrx_word' id='word_1_228' title='bbox 1066 3492 1276 3537; x_wconf 91' lang='lat' dir='ltr'>consensu</span> <span class='ocrx_word' id='word_1_229' title='bbox 1299 3471 1389 3557; x_wconf 87' lang='lat' dir='ltr'>ple-</span> 
     </span>
     <span class='ocr_line' id='line_1_29' title="bbox 216 3576 1390 3662; baseline 0.002 -19"><span class='ocrx_word' id='word_1_230' title='bbox 216 3579 290 3659; x_wconf 89' lang='lat' dir='ltr'>bis,</span> <span class='ocrx_word' id='word_1_231' title='bbox 318 3577 529 3661; x_wconf 89' lang='lat' dir='ltr'>neglegenter</span> <span class='ocrx_word' id='word_1_232' title='bbox 550 3576 694 3660; x_wconf 91' lang='lat' dir='ltr'>populi</span> <span class='ocrx_word' id='word_1_233' title='bbox 717 3597 778 3659; x_wconf 87' lang='lat' dir='ltr'>pro</span> <span class='ocrx_word' id='word_1_234' title='bbox 800 3577 938 3662; x_wconf 91' lang='lat' dir='ltr'>plebis</span> <span class='ocrx_word' id='word_1_235' title='bbox 960 3579 1080 3661; x_wconf 88' lang='lat' dir='ltr'>posito.</span> <span class='ocrx_word' id='word_1_236' title='bbox 1139 3577 1280 3661; x_wconf 82' lang='lat' dir='ltr'>[Eadem</span> <span class='ocrx_word' id='word_1_237' title='bbox 1304 3577 1390 3646; x_wconf 87' lang='lat' dir='ltr'>Cre·</span> 
     </span>
     <span class='ocr_line' id='line_1_30' title="bbox 216 3682 1390 3774; baseline 0.001 -23"><span class='ocrx_word' id='word_1_238' title='bbox 216 3686 298 3751; x_wconf 87' lang='lat' dir='ltr'>verii</span> <span class='ocrx_word' id='word_1_239' title='bbox 321 3685 485 3750; x_wconf 86' lang='lat' dir='ltr'>sententia</span> <span class='ocrx_word' id='word_1_240' title='bbox 506 3682 593 3766; x_wconf 78' lang='lat' dir='ltr'>fuit]</span> <span class='ocrx_word' id='word_1_241' title='bbox 644 3683 747 3748; x_wconf 87' lang='lat' dir='ltr'>Paulo</span> <span class='ocrx_word' id='word_1_242' title='bbox 775 3690 852 3767; x_wconf 85' lang='lat' dir='ltr'>post</span> <span class='ocrx_word' id='word_1_243' title='bbox 874 3683 905 3767; x_wconf 64' lang='grc' dir='ltr'>(ἓ</span> <span class='ocrx_word' id='word_1_244' title='bbox 929 3683 962 3766; x_wconf 89' lang='grc'>5)</span> <span class='ocrx_word' id='word_1_245' title='bbox 985 3684 1075 3768; x_wconf 91' lang='lat' dir='ltr'>quod</span> <span class='ocrx_word' id='word_1_246' title='bbox 1097 3685 1274 3752; x_wconf 85' lang='lat' dir='ltr'>scribitur:</span> <span class='ocrx_word' id='word_1_247' title='bbox 1309 3687 1390 3774; x_wconf 77' lang='lat' dir='ltr'>Ap·</span> 
     </span>
     <span class='ocr_line' id='line_1_31' title="bbox 216 3789 1389 3879; baseline 0.003 -20"><span class='ocrx_word' id='word_1_248' title='bbox 216 3794 422 3859; x_wconf 88' lang='lat' dir='ltr'>tissimum</span> <span class='ocrx_word' id='word_1_249' title='bbox 454 3798 612 3876; x_wconf 89' lang='lat' dir='ltr'>tempus</span> <span class='ocrx_word' id='word_1_250' title='bbox 641 3789 793 3872; x_wconf 88' lang='lat' dir='ltr'>fuerat,</span> <span class='ocrx_word' id='word_1_251' title='bbox 825 3791 1052 3858; x_wconf 85' lang='lat' dir='ltr'>vindicatis</span> <span class='ocrx_word' id='word_1_252' title='bbox 1081 3792 1389 3879; x_wconf 84' lang='lat' dir='ltr'>seditionibus,</span> 
     </span>
     <span class='ocr_line' id='line_1_32' title="bbox 217 3899 1391 3984; baseline 0.003 -18"><span class='ocrx_word' id='word_1_253' title='bbox 217 3901 538 3966; x_wconf 90' lang='lat' dir='ltr'>delenimentum</span> <span class='ocrx_word' id='word_1_254' title='bbox 595 3899 743 3964; x_wconf 86' lang='lat' dir='ltr'>animis</span> <span class='ocrx_word' id='word_1_255' title='bbox 793 3899 941 3964; x_wconf 80' lang='lat' dir='ltr'>Bolani</span> <span class='ocrx_word' id='word_1_256' title='bbox 991 3901 1080 3984; x_wconf 85' lang='lat' dir='ltr'>agri</span> <span class='ocrx_word' id='word_1_257' title='bbox 1131 3901 1391 3969; x_wconf 86' lang='lat' dir='ltr'>divisionem</span> 
     </span>
     <span class='ocr_line' id='line_1_33' title="bbox 217 4007 1389 4095; baseline 0.003 -20"><span class='ocrx_word' id='word_1_258' title='bbox 217 4008 362 4089; x_wconf 92' lang='lat' dir='ltr'>obiici,</span> <span class='ocrx_word' id='word_1_259' title='bbox 396 4007 511 4073; x_wconf 87' lang='lat' dir='ltr'>dubito</span> <span class='ocrx_word' id='word_1_260' title='bbox 533 4007 698 4087; x_wconf 89' lang='lat' dir='ltr'>nonnihil,</span> <span class='ocrx_word' id='word_1_261' title='bbox 731 4013 863 4071; x_wconf 85' lang='lat' dir='ltr'>rectene</span> <span class='ocrx_word' id='word_1_262' title='bbox 887 4007 1031 4089; x_wconf 86' lang='lat' dir='ltr'>dicatur,</span> <span class='ocrx_word' id='word_1_263' title='bbox 1065 4008 1181 4074; x_wconf 87' lang='lat' dir='ltr'>addito</span> <span class='ocrx_word' id='word_1_264' title='bbox 1203 4010 1389 4095; x_wconf 88' lang='lat' dir='ltr'>adiectivo,</span> 
     </span>
     <span class='ocr_line' id='line_1_34' title="bbox 217 4112 1390 4205; baseline 0.005 -24"><span class='ocrx_word' id='word_1_265' title='bbox 217 4122 355 4200; x_wconf 86' lang='lat' dir='ltr'>aptum</span> <span class='ocrx_word' id='word_1_266' title='bbox 378 4121 442 4180; x_wconf 87' lang='lat' dir='ltr'>est</span> <span class='ocrx_word' id='word_1_267' title='bbox 463 4120 626 4200; x_wconf 87' lang='lat' dir='ltr'>tempus</span> <span class='ocrx_word' id='word_1_268' title='bbox 649 4114 723 4179; x_wconf 89' lang='lat' dir='ltr'>hoc</span> <span class='ocrx_word' id='word_1_269' title='bbox 744 4112 841 4178; x_wconf 89' lang='lat' dir='ltr'>fieri</span> <span class='ocrx_word' id='word_1_270' title='bbox 863 4134 923 4197; x_wconf 90' lang='lat' dir='ltr'>pro</span> <span class='ocrx_word' id='word_1_271' title='bbox 946 4136 994 4196; x_wconf 90' lang='lat' dir='ltr'>eo,</span> <span class='ocrx_word' id='word_1_272' title='bbox 1018 4116 1108 4199; x_wconf 91' lang='lat' dir='ltr'>quod</span> <span class='ocrx_word' id='word_1_273' title='bbox 1130 4123 1195 4182; x_wconf 89' lang='lat' dir='ltr'>est:</span> <span class='ocrx_word' id='word_1_274' title='bbox 1219 4122 1390 4205; x_wconf 88' lang='lat' dir='ltr'>tempus</span> 
     </span>
     <span class='ocr_line' id='line_1_35' title="bbox 217 4221 1391 4309; baseline 0.005 -20"><span class='ocrx_word' id='word_1_275' title='bbox 217 4230 282 4289; x_wconf 91' lang='lat' dir='ltr'>est</span> <span class='ocrx_word' id='word_1_276' title='bbox 309 4223 340 4287; x_wconf 90' lang='lat' dir='ltr'>h.</span> <span class='ocrx_word' id='word_1_277' title='bbox 369 4221 408 4303; x_wconf 80' lang='lat' dir='ltr'>f,</span> <span class='ocrx_word' id='word_1_278' title='bbox 442 4243 550 4306; x_wconf 90' lang='lat' dir='ltr'>neque</span> <span class='ocrx_word' id='word_1_279' title='bbox 578 4221 682 4285; x_wconf 92' lang='lat' dir='ltr'>ullum</span> <span class='ocrx_word' id='word_1_280' title='bbox 713 4221 783 4286; x_wconf 92' lang='lat' dir='ltr'>eius</span> <span class='ocrx_word' id='word_1_281' title='bbox 811 4243 892 4287; x_wconf 91' lang='lat' dir='ltr'>usus</span> <span class='ocrx_word' id='word_1_282' title='bbox 921 4224 1107 4308; x_wconf 87' lang='lat' dir='ltr'>exemplum</span> <span class='ocrx_word' id='word_1_283' title='bbox 1135 4224 1226 4309; x_wconf 87' lang='lat' dir='ltr'>apud</span> <span class='ocrx_word' id='word_1_284' title='bbox 1254 4226 1391 4294; x_wconf 90' lang='lat' dir='ltr'>bonum</span> 
     </span>
     <span class='ocr_line' id='line_1_36' title="bbox 218 4328 1391 4415; baseline 0.006 -19"><span class='ocrx_word' id='word_1_285' title='bbox 218 4332 414 4415; x_wconf 88' lang='lat' dir='ltr'>scriptorem</span> <span class='ocrx_word' id='word_1_286' title='bbox 446 4329 586 4413; x_wconf 89' lang='lat' dir='ltr'>reperiri</span> <span class='ocrx_word' id='word_1_287' title='bbox 618 4336 716 4412; x_wconf 90' lang='lat' dir='ltr'>puto;</span> <span class='ocrx_word' id='word_1_288' title='bbox 750 4329 807 4393; x_wconf 87' lang='lat' dir='ltr'>sed</span> <span class='ocrx_word' id='word_1_289' title='bbox 841 4335 878 4394; x_wconf 89' lang='lat' dir='ltr'>ut</span> <span class='ocrx_word' id='word_1_290' title='bbox 911 4328 1056 4412; x_wconf 87' lang='lat' dir='ltr'>dicatur,</span> <span class='ocrx_word' id='word_1_291' title='bbox 1088 4354 1155 4398; x_wconf 91' lang='lat' dir='ltr'>non</span> <span class='ocrx_word' id='word_1_292' title='bbox 1188 4331 1262 4400; x_wconf 79' lang='lat' dir='ltr'>bsac</span> <span class='ocrx_word' id='word_1_293' title='bbox 1298 4334 1391 4404; x_wconf 85' lang='lat' dir='ltr'>Livii</span> 
     </span>
    </p>
   </div>
   <div class='ocr_carea' id='block_1_3' title="bbox 0 0 1506 5108">
    <p class='ocr_par' dir='ltr' id='par_1_5' title="bbox 0 0 1506 5108">
     <span class='ocr_line' id='line_1_37' title="bbox 0 0 1506 5108; baseline 0 0"><span class='ocrx_word' id='word_1_294' title='bbox 0 0 1506 5108; x_wconf 95' lang='lat' dir='ltr'> </span> 
     </span>
    </p>
   </div>
  </div>
 </body>
</html>
