2994 5108
685 490 745 551 6⁷1
1109 504 1289 563 nurum.

143 671 160 757 ξ
183 679 203 738 4
226 680 265 739 et
286 679 402 738 natum
424 674 540 758 opinor
563 694 602 739 ex
624 673 741 739 ultima
762 674 875 740 littera
897 673 989 740 uerbi
1012 675 1180 757 scirent,
1211 679 1291 744 sori·

142 780 350 864 bendumque
374 803 461 848 esse:
486 782 525 848 id
547 783 605 847 ita
626 789 673 863 ut,
692 803 780 848 esse
805 784 959 848 seirent
981 782 1144 867 patres.)

229 888 307 974 Cap.
334 895 381 970 16,
409 894 461 955 13;
496 889 694 956 Censores
723 889 756 972 (a
779 890 812 955 P.
837 890 960 956 Rutilio
984 897 1024 956 tr.
1048 891 1091 976 pl.
1114 893 1291 977 perduelli·

142 1000 213 1065 onis
237 998 397 1081 accusati)
415 999 616 1082 extemplo
634 1000 673 1063 in
692 1001 842 1065 atrium
858 999 1094 1065 Libertatis>
1107 1003 1291 1068 escende-

139 1114 244 1185 runt,
268 1115 307 1172 et
329 1106 388 1172 ibi
410 1107 589 1190 signatis
607 1106 777 1172 tabellis
795 1107 973 1191 publicis
992 1108 1217 1195 clausoque
1235 1116 1291 1176 ta·

140 1215 302 1282 bulario
324 1251 367 1259 -
389 1222 593 1299 negarunt
616 1236 657 1308 se
680 1251 723 1259 -
745 1216 969 1300 quidquam
992 1214 1147 1301 publici
1168 1235 1291 1299 nego·

139 1324 189 1389 tii
212 1331 411 1407 gesturos.
458 1321 626 1406 Signare
650 1323 842 1389 tabellas
872 1324 975 1406 (velut
1002 1322 1289 1405 testamentorum)

140 1452 254 1498 eorum
276 1432 423 1516 ipsorum
446 1437 510 1510 est,
547 1433 603 1514 qui
632 1433 784 1516 apposito
814 1434 906 1517 signo
936 1454 990 1498 eas
1019 1431 1211 1500 confirmant
1234 1436 1292 1498 aut

138 1538 257 1606 saltem
280 1539 378 1604 fidem
401 1540 440 1604 iis
465 1540 650 1605 conciliant.
685 1539 802 1622 Itaque
821 1542 873 1624 (ut
891 1543 1049 1622 omittam,
1067 1539 1198 1606 tabulas
1216 1560 1290 1605 cen·
1419 1551 1421 1557 ’

138 1648 244 1714 sorias
265 1669 372 1732 neque
401 1648 550 1732 signatas
577 1668 716 1730 usquam
750 1650 999 1715 commemorari
1033 1669 1139 1734 neque
1172 1668 1291 1732 genere

139 1777 199 1823 suo
218 1756 398 1838 signandas
414 1755 521 1834 ,luisse
544 1756 672 1838 videri),
697 1757 724 1820 si
747 1778 899 1824 censores
917 1778 973 1824 eas
991 1778 1077 1823 nunc
1095 1756 1290 1838 signassent,

137 1863 172 1929 id
195 1864 303 1948 ipsum
325 1864 488 1943 fecissent,
513 1864 600 1948 quod
626 1886 660 1929 se
683 1864 827 1930 facturos
849 1865 1029 1947 negabant,
1053 1871 1090 1930 ut
1112 1863 1291 1947 quidquam

136 1993 198 2057 pro
222 1973 421 2056 magistratu
438 1979 584 2055 agerent.
619 1972 786 2039 Praeterea
807 1973 866 2038 ibi
883 1973 1039 2039 abundat.
1075 1971 1161 2050 Quid
1179 1972 1290 2036 Livius

137 2081 315 2165 scripserit,
338 2080 390 2145 vel
411 2101 512 2146 unum
534 2079 617 2145 illud
641 2081 779 2146 clauso
802 2081 1009 2163 tabulario
1033 2079 1208 2148 ostendere
1232 2101 1290 2162 po-

135 2194 218 2256 test:
243 2197 282 2255 et
304 2188 522 2270 obsignatis
545 2188 713 2254 tabellis
744 2188 851 2273 publ.
876 2189 1096 2273 clausoque
1122 2189 1203 2256 tab.
1228 2195 1289 2254 cet·

135 2296 361 2382 Obsignarunt
383 2288 525 2377 tabulas,
546 2303 584 2362 nt
607 2318 720 2363 earum
742 2299 897 2363 tractatio
915 2306 948 2363 et
971 2297 1132 2371 confectio
1154 2318 1288 2382 prorsus
1305 2300 1376 2369 (556)

136 2405 422 2471 intermitteretur.
458 2403 610 2471 Ceterum
633 2405 758 2471 Livium
780 2406 944 2472 tabulas
967 2405 1028 2471 has
1045 2405 1196 2490 publicas
1218 2426 1292 2471 cen-

138 2515 309 2598 soriasque
334 2513 518 2598 appellasse
542 2520 632 2597 puto,
656 2535 721 2579 non
744 2514 933 2581 tabellas.
970 2513 1069 2599 [Nam
1092 2514 1179 2597 quod
1202 2514 1291 2598 apud

141 2621 333 2687 Ciceronem
366 2622 399 2685 in
428 2622 518 2687 Verr.
543 2621 579 2702 V,
612 2625 672 2687 103
705 2623 805 2688 semel
838 2622 1017 2688 tabellas
1040 2622 1133 2688 codd.
1157 2622 1288 2703 habent,

117 2729 192 2796 bis
221 2730 404 2807 tabulas,
432 2751 492 2814 pro
515 2729 611 2795 Areh.
636 2735 742 2795 8-10
765 2732 843 2796 item
867 2730 967 2796 semel
989 2729 1182 2810 tabellas,
1205 2752 1291 2815 saepe

139 2837 319 2917 tabulas,
365 2839 468 2921 magis
513 2838 676 2904 dubitatio
727 2838 940 2904 confirmatur
989 2860 1088 2922 quam
1137 2836 1289 2920 tollitur]

140 2944 171 3029 (ᾖ
199 2949 236 3010 12
259 2946 387 3010 Livium
411 2947 595 3030 scripsisse:
618 2969 697 3013 non
720 2946 1008 3012 recusantibus
1038 2946 1290 3027 censoribus,

140 3055 210 3138 qui
244 3056 372 3119 minus
406 3090 447 3099 —
480 3054 676 3119 iudicium
707 3055 751 3119 de
775 3076 813 3120 se
838 3054 1014 3138 populus
1037 3053 1206 3132 faceret,
1231 3076 1290 3137 pro

139 3163 265 3228 usitato
289 3183 363 3244 quo
386 3163 531 3244 minus,
564 3164 696 3227 minime
719 3168 845 3229 certum
868 3168 925 3228 est.
972 3162 1061 3241 Quos
1084 3160 1291 3227 Drakenbor-

142 3270 233 3336 cbius
267 3270 310 3335 ad
333 3269 480 3350 XXVIII,
507 3275 554 3351 13,
581 3275 619 3336 18
643 3278 813 3355 comparat
835 3277 903 3336 tres
931 3270 1035 3348 locos,
1065 3269 1290 3353 omnesjalius

139 3381 268 3464 generis
293 3385 384 3458 sunt;
418 3380 452 3444 in
481 3379 610 3445 duobus
645 3380 715 3462 qui
743 3380 873 3445 minus
897 3384 948 3444 est
970 3377 1168 3463 quomodo
1192 3375 1289 3459 (cur)

140 3489 290 3565 minus,
314 3494 392 3553 noto
415 3487 504 3569 usu.)

228 3593 306 3679 Cap.
332 3599 380 3674 17,
404 3600 423 3660 8
448 3595 502 3675 (de
526 3595 760 3674 Acarnanibus,
794 3615 933 3678 quorum
967 3594 1073 3659 altera
1106 3593 1220 3673 factio,
1253 3599 1291 3658 ut

139 3703 295 3788 praesidia
318 3704 465 3769 Romana
486 3706 520 3768 in
548 3703 645 3768 urbes
668 3724 746 3768 suas
768 3702 1008 3782 inducerentur,
1031 3698 1285 3786 postulaverat):

139 3833 236 3897 pars
258 3833 464 3890 recusare,
498 3833 559 3892 ne,
594 3811 698 3894 quod
732 3810 841 3877 bello
871 3811 1006 3893 captis
1035 3815 1075 3874 et
1103 3807 1290 3874 hostibus

139 3940 223 3985 mos
247 3927 373 3999 esset,
397 3918 436 3984 id
459 3926 610 4002 pacatae
634 3927 672 3984 et
695 3920 807 3985 sociae
841 3919 1035 3984 civitates
1064 3915 1291 3999 ignominiae

139 4029 386 4112 acciperent.
432 4027 546 4092 Audiri
568 4048 702 4093 necesse
731 4032 781 4092 est
804 4027 1005 4111 accipere,
1029 4025 1092 4089 etsi
1114 4023 1291 4088 admodum

140 4136 223 4200 dure
247 4134 381 4200 auditur
403 4138 504 4201 etiam
526 4135 567 4201 ob
592 4136 699 4201 relata
722 4137 807 4200 inter
829 4155 863 4199 se
888 4133 992 4218 qnod
1016 4131 1127 4210 -id,
1151 4151 1290 4215 quorum

138 4250 317 4328 utrumque
340 4264 434 4308 suum
456 4244 590 4309 verbum
608 4243 764 4327 postulat.
798 4242 862 4308 Sed
880 4262 996 4326 parum
1013 4245 1090 4324 apte
1108 4236 1194 4304 bello
1213 4258 1289 4320 cap-

138 4354 184 4418 tis
206 4373 278 4417 mos
301 4371 373 4417 esse
396 4351 518 4417 dicitur
541 4351 688 4434 accipere
713 4351 932 4435 ignominiam,
963 4348 1060 4431 quasi
1088 4348 1235 4431 ipsorum
1256 4347 1290 4410 in
