2994 5108
179 512 241 566 Lib.
260 512 373 566 XXVIl.
729 498 790 560 396

267 682 344 767 Cap.
372 689 419 765 13,
446 688 498 748 ll:
528 684 771 767 pronuntiat
794 681 1011 763 (Marcellus),
1034 682 1226 765 aquibus
1249 688 1343 748 orta

180 792 314 876 pridie
338 792 435 875 fuga
456 799 579 868 esset,
610 791 898 873 cohortesque,
929 811 1013 875 quae
1035 792 1154 874 signa
1176 784 1341 856 amisis·

181 906 286 980 sont,
321 921 361 964 se
394 901 433 963 in
463 900 632 983 primam
661 900 791 964 aciem
819 898 1090 964 inducturum.
1147 898 1221 964 Non
1248 905 1341 964 recte

182 1009 304 1091 singuli
330 1008 452 1073 milites
481 1007 515 1088 (a
538 1006 698 1090 quibus)
722 1011 918 1090 separantur
940 1029 961 1072 a
983 1006 1186 1072 cohortibus.
1237 1007 1341 1073 Recte

181 1114 456 1180 inPscribitur:
491 1136 511 1179 a
542 1114 693 1198 quibus
722 1122 812 1181 orta
839 1115 974 1199 pridie
996 1114 1092 1196 fuga
1114 1120 1241 1194 esset,
1276 1137 1342 1182 co·

180 1223 319 1291 hortes
354 1244 522 1307 quaeque
556 1224 669 1305 signa
703 1224 955 1303 amisissent,
989 1258 1033 1268 —
1065 1222 1341 1289 inducturum.

181 1332 252 1396 Etsi
287 1333 322 1396 in
355 1331 414 1396 tali
440 1351 476 1394 re
506 1331 655 1395 codicum
681 1331 909 1434 testimonium
936 1330 1059 1395 nullius
1087 1332 1245 1397 momenti
1275 1339 1342 1414 est:

102 1493 104 1499 .
182 1440 245 1504 vid.
270 1439 313 1504 ad
335 1439 435 1518 XXV,
458 1444 508 1518 28,
532 1439 597 1519 6.¹)
768 1510 773 1517 ,

95 1571 168 1640 (323)
273 1547 354 1631 Cap.
381 1552 435 1626 18,
466 1552 484 1611 6
514 1546 560 1627 (in
590 1546 811 1631 descriptione
838 1546 917 1626 loci,
945 1547 1003 1612 ubi
1025 1547 1214 1613 Hasdrubal
1238 1569 1343 1644 prope

181 1656 349 1721 Baeculam
371 1677 391 1719 a
414 1653 565 1739 Scipione
595 1656 700 1719 victus
723 1655 805 1736 estl:
840 1675 923 1719 eam
952 1676 1112 1738 quoque
1140 1655 1342 1739 (planitiem)

182 1764 317 1829 altera
340 1763 507 1847 crepido
529 1763 636 1828 haud
658 1762 827 1827 facilior
849 1763 889 1827 in
912 1783 1124 1828 ascensum
1147 1762 1341 1830 ambibat.

183 1870 265 1937 Cum
288 1871 544 1937 insolentissimo
567 1872 630 1936 hoc
650 1871 807 1954 loquendi
824 1891 944 1953 genere
962 1870 1116 1952 (facilis
1139 1872 1179 1935 in
1203 1854 1342 1937 ascen·

182 2002 275 2059 sum,
299 1988 336 2044 ut
359 1982 411 2058 sit,
438 1980 495 2062 qui
517 1979 612 2043 facile
635 1978 838 2060 ascenditur)
855 1978 1143 2044 Weissenbornius
1167 1986 1341 2064 comparat

182 2088 230 2166 II,
257 2093 310 2166 15,
335 2092 363 2166 2,
386 2087 442 2151 ubi
465 2087 604 2151 facilis
628 2086 778 2152 absolute
802 2087 923 2151 dicitur
946 2084 1181 2170 (nacbgiebig),
1203 2087 1340 2152 additur

183 2204 292 2262 autem
321 2197 362 2260 de
391 2194 509 2260 effectu
537 2194 722 2260 facilitatis:
757 2196 797 2259 in
824 2195 1047 2278 perniciem
1078 2216 1195 2259 suam.
1247 2193 1337 2259 Nihil

184 2304 388 2381 dissimilius,
421 2304 486 2367 nisi
520 2303 609 2386 quod
639 2309 780 2386 utroque
809 2302 882 2368 loco
910 2302 1052 2367 facilis
1081 2309 1115 2368 et
1140 2304 1181 2367 i'n
1207 2302 1339 2386 legitur.

184 2411 366 2476 benissimo
395 2410 541 2475 remedio
569 2410 707 2476 tolletur
729 2410 939 2475 manifestum
961 2410 1060 2475 huius
1082 2394 1149 2475 loci
1168 2412 1339 2477 mendum:

183 2517 365 2584 faciliori
394 2528 576 2582 ascensu.
628 2517 736 2595 Quum
764 2518 920 2584 librarius
944 2519 1143 2603 scripsisset:
1175 2519 1340 2603 crepido

182 2626 287 2691 haud
309 2626 490 2705 facilior,
521 2648 560 2690 ex
582 2625 595 2688 l
617 2625 743 2705 littera,
773 2648 845 2709 quae
867 2633 1055 2710 supererat,
1084 2624 1164 2691 fecit
1185 2626 1242 2707 in,
1269 2632 1340 2691 tum

184 2755 401 2799 ascensum.

270 2841 349 2925 Cap.
373 2847 423 2918 20,
448 2836 481 2904 3‘:
517 2842 662 2907 Paucis
691 2849 782 2925 post
804 2878 848 2888 -
870 2843 1014 2908 diebus
1042 2879 1077 2886 -
1101 2840 1342 2906 Hasdrubal

184 2950 377 3032 Gisgonis
407 2949 527 3013 filius
557 2956 595 3013 et
617 2950 733 3032 Mago
763 2951 1032 3033 imperatores
1061 2972 1105 3014 ex
1134 2949 1342 3014 ulteriore

183 3058 380 3141 Hispania
403 3058 450 3121 ad
473 3057 768 3122 Hasdrubalem
793 3079 946 3135 venere,
972 3080 1102 3123 serum
1124 3063 1217 3141 post
1240 3057 1342 3122 male

151 3169 334 3247 'gestam
373 3186 454 3229 rem
495 3165 708 3243 auxilium,
750 3165 926 3231 oonsilio
966 3167 1005 3229 in
1044 3172 1189 3230 cetera
1224 3186 1343 3230 exse·

183 3273 342 3356 quenda
368 3273 471 3337 belli
500 3273 607 3337 haud
637 3295 776 3356 parurn
806 3276 1036 3357 opportuni.
1095 3273 1205 3338 Sensit
1227 3273 1341 3359 ¹Weis-

184 3381 377 3445 senbornius
416 3403 566 3463 perverse
602 3381 671 3445 haec
705 3383 785 3460 dici,
819 3403 880 3446 nec
908 3389 1020 3447 tamen
1049 3380 1207 3446 damnare
1240 3403 1344 3446 ausus

183 3494 241 3554 est.
294 3486 378 3562 Quid
402 3491 575 3553 estenim:
612 3489 829 3553 consilium
860 3489 962 3554 belli
991 3491 1030 3553 in
1059 3496 1201 3553 cetera
1225 3510 1344 3554 exse·

184 3596 344 3679 quenda
366 3603 423 3659 aut
447 3595 625 3677 (quomodo
648 3599 718 3680 ipse
742 3597 842 3661 verba
865 3597 1026 3678 ordinat):
1056 3596 1280 3663 consilium
1304 3600 1346 3662 in

184 3712 323 3769 cetera
356 3704 455 3768 belli
489 3707 771 3786 exsequenda?
811 3703 890 3781 Quis
921 3706 1018 3770 dixit:
1054 3704 1281 3771 consilium
1304 3707 1346 3770 in

211 3977 237 4044 ¹)
257 3976 322 4045 Gap.
345 3979 389 4042 14,
413 3975 565 4029 9fortasse
590 3975 783 4030 scribendum:
812 3975 951 4029 Haesere
975 3979 1096 4031 omnia
1118 3975 1190 4030 tela
1207 4005 1243 4014 —
1263 3994 1350 4032 con-

252 4061 342 4114 ferta
364 4061 481 4126 turba,
506 4067 545 4125 et,
570 4065 606 4112 ut
629 4078 695 4114 non
718 4061 830 4114 omnia
853 4067 906 4114 cet.
931 4061 1007 4130 (prot
1040 4064 1155 4129 turba,
1179 4061 1239 4114 sed
1263 4064 1350 4131 cet.);

253 4148 429 4201 continuatio
448 4146 521 4198 enim
539 4145 600 4199 haec
619 4147 717 4199 estrei
735 4147 868 4200 Romanis
888 4146 1026 4200 secundae.
1053 4146 1152 4214 (1863.)
1179 4146 1246 4216 Cap.
1270 4150 1315 4216 16,
1334 4153 1351 4202 'l

252 4230 427 4284 LXXXIII
459 4231 571 4284 millia
598 4237 760 4300 corruptum
788 4248 849 4285 esse
878 4236 998 4286 constat.
1045 4232 1176 4286 Fortasse
1206 4231 1261 4285 fuit
1291 4233 1350 4288 111

252 4315 365 4369 millia
382 4314 509 4368 LXXX.
538 4316 639 4384 Capuae
658 4323 741 4385 capta
759 4317 818 4370 auri
837 4316 932 4385 pondo
951 4316 980 4369 II
998 4318 1088 4371 millia
1105 4316 1190 4371 Lxx„
1220 4318 1333 4387 (1863.)
