2994 5108
683 478 743 538 525
1082 489 1142 543 Lib.
1162 489 1285 543 XXXVI.

138 664 266 745 paratio
308 663 516 745 praemiorum
550 661 646 725 Acilii
686 661 892 744 militumque
928 661 1148 726 Romanorum
1181 670 1213 726 et
1247 686 1285 727 ex

137 770 241 834 altera
274 777 369 852 parte
398 768 542 852 Philippi
574 768 666 833 nullo
702 768 799 833 modo
835 770 884 832 ita
914 790 987 833 cum
1017 768 1201 834 AEtolorum
1232 769 1286 834 de-

135 879 315 942 minutione
338 878 489 960 componi
513 883 636 959 potest,
671 884 707 939 ut
736 897 801 941 non
831 882 962 940 tantum
985 879 1143 942 interesse
1167 878 1286 942 Roma-

135 1006 252 1051 norum
275 984 420 1065 dicatur,
449 983 636 1049 AEtolorum
658 984 750 1047 vires
767 984 878 1061 minui,
907 991 1066 1064 quantum
1088 1005 1153 1050 non
1176 987 1286 1067 inique

136 1093 290 1159 distribui
327 1095 415 1158 inter
452 1093 619 1156 Romanos
658 1090 912 1175 Philippumque
954 1093 1097 1158 victoriae
1139 1096 1286 1176 preemia3

135 1200 204 1266 haec
237 1203 323 1265 enirn
353 1200 543 1265 distributio
572 1198 654 1263 nihil
684 1220 756 1263 cum
785 1200 843 1263 illa
871 1198 1092 1265 deminutione
1121 1202 1286 1265 coniuncti

135 1309 243 1374 habet.
299 1309 470 1374 Postremo
498 1329 539 1372 ne
568 1306 610 1371 ad
639 1310 886 1389 grammaticam
911 1307 1043 1390 quidem
1068 1309 1174 1373 oratio
1198 1318 1286 1373 recte

137 1416 299 1497 procedit,
328 1417 518 1501 pravissime
541 1436 580 1479 ex
603 1413 671 1478 his:
705 1436 779 1479 uon
805 1436 928 1498 supra
951 1415 1105 1480 modum
1128 1415 1287 1499 Philip·

135 1547 225 1608 pum
249 1545 432 1589 crescere
456 1525 629 1606 negatione
653 1533 836 1605 propagata
860 1523 901 1586 ad
925 1523 1066 1588 alterum
1091 1523 1287 1602 membrum3

135 1633 180 1697 sic
210 1632 297 1697 eninr
328 1631 474 1714 intellegi
509 1638 653 1714 oportet:
689 1640 724 1695 et
761 1638 950 1713 qnantum
983 1632 1175 1707 interest,
1210 1653 1285 1695 non

135 1741 320 1804 victoriae
355 1741 556 1822 praemium
590 1747 628 1803 te
662 1747 723 1802 cet.
754 1737 927 1820 (quantum
956 1739 1110 1817 interest,
1145 1759 1208 1802 non
1237 1741 1285 1803 ita

135 1849 245 1932 inique
270 1848 370 1912 dividi
393 1845 559 1931 praemia);
590 1846 730 1911 debebat
756 1846 872 1910 saltem
897 1846 975 1909 dici:
1009 1867 1079 1909 nec
1102 1848 1286 1911 victoria

135 1962 209 2020 tuae
232 1963 295 2021 cet.
346 1955 391 2021 Ut
420 1976 505 2019 nunc
529 1954 699 2025 scribitur,
730 1954 850 2017 dicitur
873 1953 1092 2017 Rornanorum
1117 1955 1286 2025 interesse,

136 2065 181 2129 sic
209 2063 312 2128 dividi
341 2063 485 2148 praemia.
542 2062 655 2143 ltaque
691 2069 816 2125 certum
848 2068 896 2125 est
927 2061 1011 2124 hanc
1041 2062 1081 2125 de
1111 2083 1164 2140 1ο,
1199 2062 1286 2146 quod

138 2171 355 2236 Romanorum
380 2171 523 2248 intersit,
560 2170 754 2234 sententiam
784 2168 835 2234 his
863 2169 970 2233 verbis
999 2169 1183 2234 terminari:
1217 2171 1286 2234 ht-

137 2279 202 2360 qui
230 2300 261 2342 n.
291 2286 313 2342 t.
344 2280 364 2342 i.
395 2298 443 2356 1.,
473 2276 696 2341 AEtolorunr
727 2297 821 2358 opes
850 2310 892 2320 —
921 2278 1060 2349 minui,
1095 2285 1286 2358 quantum

135 2406 209 2450 non
232 2385 528 2469 supramodum
552 2384 616 2448 Ph.
641 2404 833 2448 cresccre.
880 2385 1000 2448 Verum
1023 2385 1088 2455 illa.
1112 2405 1182 2467 quae
1205 2407 1287 2469 pra»-

136 2500 225 2558 terea
249 2492 433 2570 adhaerent,
468 2493 557 2558 nullo
586 2489 683 2556 modo
713 2491 754 2555 ab
783 2493 1014 2574 interpretanti
1039 2493 1154 2558 addita
1177 2495 1287 2576 putari

137 2608 288 2683 possunt,
324 2603 478 2683 quoniam
512 2621 572 2664 nec
607 2599 765 2664 eiusmodi
801 2599 924 2664 habent
954 2602 1112 2665 orationis
1140 2601 1287 2679 formam,

138 2708 192 2772 sed
221 2730 281 2791 per
310 2730 343 2772 se
372 2717 497 2772 rectam
527 2716 560 2772 et
588 2708 770 2786 Livianam,
802 2729 861 2771 nee
891 2709 1071 2792 quidquam
1101 2716 1166 2780 est,
1201 2710 1288 2790 quod

137 2815 199 2880 illis
234 2815 342 2880 verbis
376 2837 530 2880 enarrare
565 2817 716 2897 cuiquam
750 2816 782 2878 in
817 2823 958 2902 mentem
989 2818 1096 2879 venire
1126 2820 1287 2898 potuerit,

138 2944 272 3006 prorsus
306 2945 392 2987 nova
424 2944 476 2987 res
511 2924 542 2986 in
573 2923 614 2987 iis
644 2930 927 2986 commemoratur.
986 2921 1041 3004 [Et
1071 2924 1185 2988 eadem
1216 2946 1287 2988 scn-

138 3032 241 3097 tentia
270 3033 303 3095 in
334 3030 449 3096 eadem
471 3052 506 3095 re
530 3029 617 3113 apud
642 3029 854 3094 Plutarchum
879 3032 1011 3113 ponitur
1034 3030 1171 3095 Flamin.
1197 3053 1223 3095 c.
1251 3036 1288 3096 15

138 3159 175 3202 ex
204 3137 364 3222 Polybio]
410 3137 496 3216 Quid
531 3139 631 3220 igitur
665 3138 891 3202 censebimus?
932 3138 1097 3203 decidisse
1127 3140 1187 3203 hoc
1216 3139 1288 3204 loco

139 3245 326 3328 putabimus
350 3247 382 3309 in
407 3246 518 3311 codice
541 3253 729 3310 nostrorum
755 3247 918 3329 principe,
953 3247 1040 3327 quod
1064 3254 1097 3310 et
1120 3248 1152 3310 in
1176 3248 1288 3330 prima

138 3358 169 3416 ct
197 3354 230 3417 in
259 3354 365 3417 tertiae
394 3353 527 3418 decadis
550 3355 719 3418 codicibus
740 3361 928 3418 nostrorum
953 3353 1139 3438 archetypis
1162 3354 1288 3437 aliquo·

137 3460 198 3526 ties
222 3461 381 3526 accidisse
406 3461 626 3527 demonstrari
645 3462 700 3543 (ad
718 3463 803 3541 l'lll,
830 3466 877 3537 10,
904 3466 941 3525 13
960 3485 990 3544 p.
1012 3465 1072 3526 163
1097 3470 1130 3527 et
1155 3468 1223 3540 164,
1247 3463 1286 3527 ad

138 3567 238 3641 XXII,
265 3573 312 3638 10,
338 3572 355 3633 3
379 3592 410 3652 p.
435 3572 507 3647 236,
531 3570 573 3634 ad
596 3569 697 3648 XXX,
722 3577 750 3644 5,
774 3576 793 3632 4
817 3593 848 3653 p.
868 3570 943 3649 320)
967 3576 1001 3634 et
1023 3572 1056 3634 in
1079 3571 1142 3634 hac
1166 3571 1288 3635 decade

137 3675 254 3740 iterum
286 3677 445 3741 accidisse
470 3676 702 3742 demonstrabo
726 3679 759 3741 in
782 3677 854 3755 XL,
889 3680 942 3755 13,
974 3683 988 3741 1
1014 3684 1103 3754 112,
1135 3686 1169 3742 ut
1194 3699 1288 3743 voces

137 3782 277 3866 aliquot,
311 3785 453 3867 primum
488 3805 600 3848 errore
635 3788 780 3863 omissae,
816 3785 948 3849 deinde.
984 3808 1084 3868 quum
1119 3793 1227 3850 essent
1256 3787 1288 3849 iu

137 3894 281 3975 margine
305 3892 481 3972 adnotatae,
506 3893 614 3958 alieno
638 3893 710 3957 loco
734 3894 875 3956 orationi
899 3894 1130 3957 insererentur.
1172 3892 1289 3957 Omnia

138 4000 221 4064 enim
245 4002 427 4065 rectissime
450 4001 634 4078 habebunt,
663 4002 704 4079 si,
734 4000 785 4064 his
809 4000 916 4064 uerbis
940 4002 1008 4065 sine
1033 4000 1131 4065 ullius
1154 4000 1288 4082 syllabae

138 4114 193 4172 aut
225 4107 344 4173 litterae
379 4111 562 4174 mutatione
593 4109 695 4192 (quod
724 4109 830 4191 ipsum
860 4109 1009 4172 veritatis
1039 4108 1192 4171 indicium
1223 4109 1287 4188 est)

138 4223 212 4280 anto
246 4214 317 4280 illa:
356 4216 479 4300 Atqui
512 4238 587 4282 non
620 4224 775 4282 tantum
808 4218 987 4281 interest
1020 4215 1204 4294 translatis,
1238 4217 1284 4280 sic
1303 4232 1374 4302 (424)

138 4324 242 4389 oratio
277 4323 428 4390 decurret
462 4322 492 4406 (ξ
523 4331 558 4405 8,
588 4330 620 4403 9,
656 4326 721 4405 10);
757 4324 911 4405 Ecquid
945 4324 1075 4404 rides,
1110 4332 1148 4388 te
1177 4359 1221 4368 —
1250 4326 1286 4389 in
