3000 5116
696 457 758 517 413
1098 471 1159 525 nvn.
1178 471 1306 526 numu.

145 640 286 705 ciendae
316 641 503 725 coniunctio
537 641 695 724 temporis
731 640 828 704 index
863 641 1138 725 scribendumque
1168 651 1219 708 est
1247 666 1303 708 ne·

148 749 311 820 cessario:
341 748 467 826 Quum
490 750 679 812 oratione
701 748 920 812 —Fabius
944 756 1025 813 tum
1049 752 1303 816 auctoritate

150 864 192 921 et
219 891 262 901 —
289 855 395 920 fama
421 874 529 933 qm
560 876 742 938 magnam
771 863 929 939 partem
958 865 1128 923 senatus
1157 895 1201 904 —
1223 881 1303 924 mo-

147 965 296 1043 visset,
323 963 527 1047 -Scipio
551 969 612 1028 cet,
665 962 836 1041 Similiter,
866 970 903 1028 nt
925 986 965 1027 ex
988 965 1102 1029 eodem
1125 966 1304 1050 particula-

149 1094 225 1136 rum
257 1092 376 1154 genere
411 1078 443 1135 et
477 1093 517 1135 ex
550 1072 700 1154 proxima
735 1071 902 1136 vicinitate
931 1074 1081 1156 exempla
1109 1081 1236 1156 petam,
1271 1075 1305 1137 in

147 1199 180 1243 c.
203 1183 260 1256 41,
290 1182 308 1241 9
332 1199 452 1261 quam
475 1179 610 1258 excidit,
640 1179 673 1242 in
697 1199 723 1242 c.
747 1183 798 1257 42,
831 1184 868 1242 17
892 1178 965 1258 hic,
995 1203 1068 1264 quae
1090 1202 1186 1245 nemo
1210 1181 1304 1244 dubi-

147 1288 234 1351 tavit
273 1293 331 1350 aut
369 1285 490 1350 addere
525 1293 583 1350 aut
616 1285 731 1350 addita
762 1287 914 1351 retinere.
970 1287 1034 1350 Pro
1070 1290 1305 1353 inveterata

148 1394 381 1479 prudentia
403 1393 525 1472 fama,
554 1415 626 1475 quae
649 1393 711 1458 hac
733 1401 898 1458 vetustate
922 1394 1062 1459 multum
1084 1395 1179 1474 valet,
1202 1395 1304 1460 libra·

148 1503 237 1579 rius,
267 1522 379 1566 casum
407 1501 448 1565 ad
477 1503 660 1584 proximum
689 1501 929 1565 substantivum
952 1503 1203 1567 accommodans
1227 1487 1303 1584 (vid.

147 1633 184 1694 p.
207 1609 299 1690 207),
327 1611 569 1673 inveterata
602 1609 832 1692 prudentiae
866 1609 1008 1674 famam
1041 1611 1144 1675 Fabio
1177 1611 1304 1689 tribuit,

147 1717 335 1799 habuitque
377 1716 613 1798 obsequentem
647 1717 955 1781 Weissenborninm.
1017 1719 1059 1781 Et
1093 1726 1203 1782 tamen
1243 1717 1305 1782 hoc

148 1825 265 1909 potius
287 1824 374 1888 feras
398 1823 611 1905 (quamquam
633 1825 765 1888 minime
788 1825 959 1888 ferendum
981 1830 1061 1904 est),
1090 1824 1191 1909 ¹qnam
1215 1826 1305 1907 quod

147 1933 238 1997 idem
269 1931 285 2015 ξ
314 1938 333 1995 4
364 1931 537 1996 mirificam
570 1931 654 1996 hanc
683 1934 840 1996 orationis
867 1933 1008 1996 formam
1031 1934 1121 1996 Livio
1152 1932 1304 1997 adfinxit:

148 2046 352 2122 tamquam
387 2039 483 2103 mihi
517 2039 564 2103 ab
599 2040 745 2103 infimo
781 2061 941 2123 quoque
974 2041 1201 2123 pericnlum
1232 2043 1304 2118 sit,

148 2170 199 2212 ne
221 2169 370 2212 mecum
394 2147 620 2224 aemuletur,
651 2153 691 2211 et
712 2170 792 2212 non
816 2147 864 2211 ab
889 2169 947 2225 eo,
977 2150 1043 2229 qui
1068 2149 1162 2230 qnia
1184 2171 1304 2232 anper

149 2261 314 2320 ceteros
351 2253 545 2331 excellat,
578 2274 735 2338 quoqne
765 2257 842 2319 niti
875 2276 951 2319 non
982 2255 1213 2335 dissimulo,
1248 2278 1304 2321 me

150 2362 233 2428 sibi
257 2362 409 2446 aequari
431 2362 555 2440 nolit3
585 2382 722 2445 eamque
751 2364 797 2426 sic
825 2370 959 2427 enarrat
982 2362 1029 2443 (et
1052 2386 1133 2446 opus
1157 2371 1207 2428 est
1231 2385 1304 2446 pro-

148 2470 239 2535 fecto
263 2469 497 2549 enarratione),
521 2477 558 2533 ut
581 2492 742 2553 quoque
766 2472 809 2534 sit
832 2477 869 2534 et
893 2492 980 2552 quo.
1026 2470 1200 2536 Debebant
1223 2472 1306 2535 talia

148 2579 254 2642 tacito
283 2578 543 2660 uniuscuiusque
574 2599 673 2642 sensu
701 2579 828 2661 respui,
864 2578 921 2642 sed
950 2599 987 2642 eo
1012 2579 1149 2661 argutiis
1173 2586 1305 2643 ventum

149 2693 219 2765 est,
247 2691 286 2749 nt
309 2686 509 2769 argumentis
531 2685 689 2749 utendum
715 2686 767 2749 sit.
818 2685 891 2749 Non
915 2707 1041 2769 quaero,
1069 2686 1126 2749 ubi
1149 2687 1182 2750 in
1205 2708 1305 2770 prosa

148 2793 304 2858 oratione
327 2813 487 2874 quoque
510 2794 556 2856 sic
578 2795 722 2873 positum
744 2793 876 2875 legerit3
905 2792 988 2856 illud
1012 2815 1137 2875 quaero,
1167 2815 1240 2875 quae
1263 2795 1306 2858 sit

147 2900 269 2964 umbra
303 2902 490 2979 sententiae,
524 2902 586 2964 nisi
622 2906 779 2982 praeterea
813 2907 852 2963 et
886 2922 962 2983 quo
997 2901 1197 2983 accipiamus
1226 2923 1303 2984 pro:

148 3029 228 3091 quo
263 3009 385 3072 etiam
418 3030 491 3087 me3
530 3029 605 3071 nam
645 3006 832 3089 copulativa
870 3007 1032 3090 partIcula
1065 3009 1174 3070 omnia
1208 3008 1305 3090 plane

147 3117 284 3195 evertit;
324 3136 381 3179 me
422 3123 532 3179 antem
572 3115 661 3198 quod
700 3122 788 3177 recte
823 3117 929 3179 omitti
963 3117 1111 3198 potuisse
1146 3116 1208 3192 ait,
1249 3116 1306 3197 qni

50 3274 56 3283 .
148 3225 260 3308 potuit
288 3223 322 3286 id
350 3244 530 3307 pronomen
555 3223 676 3299 omitti,
710 3223 743 3285 in
772 3242 835 3303 qno
865 3243 958 3285 omne
988 3222 1115 3305 pondus
1147 3223 1306 3286 orationis

146 3333 238 3396 ineat
267 3330 338 3412 (me
367 3351 498 3413 quoque
527 3353 593 3394 non
622 3331 728 3392 minus
759 3350 857 3411 qnam
880 3328 1054 3410 I’abiumll
1089 3329 1132 3392 Et
1154 3328 1223 3392 haec
1245 3327 1305 3392 fin·

147 3447 273 3524 guntur
295 3439 336 3502 ab
360 3459 414 3517 eo,
444 3440 501 3519 qui
524 3439 557 3501 in
581 3437 642 3500 hoc
665 3458 730 3500 nno
753 3436 837 3500 libro
860 3437 999 3500 XXVIII
1022 3458 1123 3519 prope
1147 3438 1306 3518 quinqua-

146 3548 244 3630 ginta
276 3546 357 3610 locis
390 3566 486 3610 voces
520 3545 667 3626 singulas
700 3545 850 3626 pluresve
884 3546 916 3606 in
944 3544 970 3607 P
1000 3551 1033 3607 et
1061 3546 1176 3608 ceteris
1206 3544 1300 3608 codd.
1320 3545 1390 3618 (339)

49 3700 56 3711 ·
146 3655 290 3720 omissas
312 3655 490 3733 notaverit,
520 3653 631 3737 potius
660 3673 760 3735 quam
788 3652 929 3715 retineat
958 3653 1177 3716 certissimum
1210 3673 1306 3734 snpe-

145 3763 273 3827 riorum
299 3761 578 3844 supplementum:
596 3795 640 3803 —
659 3743 848 3837 excellat,
873 3778 943 3834 quo
968 3779 1019 3821 mc
1046 3781 1203 3842 quoqne
1228 3760 1305 3823 niti

144 3891 226 3936 non
250 3868 475 3934 dissimulo.
528 3868 589 3931 Hic
618 3866 750 3949 quidem
779 3867 900 3930 erroris
924 3887 1024 3930 causa
1047 3887 1177 3947 quoque
1201 3866 1305 3928 mani-

144 3978 236 4043 festa
269 3984 322 4042 est
355 3978 387 4040 in
422 3974 496 4057 quo
531 3975 582 4039 his
611 3973 772 4057 posito.¹)
827 3971 966 4053 (Eodem
995 3974 1104 4055 capite
1134 3972 1150 4054 ἓ
1180 3977 1214 4051 8,
1248 3972 1305 4036 ubi

175 4231 198 4297 ¹)
217 4229 283 4284 Non
301 4230 394 4283 minua
411 4246 499 4298 preve
518 4247 541 4283 c.
561 4230 603 4294 27,
630 4229 660 4280 13
679 4226 746 4281 inde
765 4243 781 4280 a
800 4225 941 4281 Gronovio
961 4226 1103 4279 omittitur
1120 4226 1161 4293 is,
1182 4224 1257 4293 quod
1276 4224 1305 4277 in

216 4315 318 4370 codice
346 4313 500 4382 archetypo
529 4311 634 4367 excidit
659 4317 727 4381 poet
748 4312 975 4367 credideritis
999 4311 1040 4378 (is
1065 4310 1214 4378 denique
1239 4325 1304 4377 ego

1217 4460 1456 4776 f
