2994 5108
708 452 770 512 259
1161 464 1223 518 Lib.
1241 465 1315 519 xx1.

160 632 247 715 quod
276 654 317 698 ex
339 632 469 699 duobus
492 634 631 714 coaluit,
664 656 731 699 una
753 634 867 700 littera
890 634 1055 714 detracta,
1084 642 1214 700 mutata
1235 659 1316 702 nna:

159 739 295 805 hoc-
319 741 412 823 iter,
442 764 521 825 quo
550 763 624 806 nec
654 750 797 808 orator
820 741 1070 807 Hannibalis
1093 764 1166 808 nec
1188 752 1316 810 trans·

160 848 257 932 iuga
289 848 339 915 ad
371 871 443 916 ¹nos
476 849 577 929 reni,
610 856 667 912 sel
696 872 813 933 quum
839 849 912 914 ille
943 855 1004 914 cet.
1059 850 1109 914 Ex
1135 853 1227 916 veni
1256 861 1317 918 set

159 956 287 1023 iactum
330 959 528 1039 venisset,
575 956 693 1023 deinde
738 959 949 1037 venissem,
994 957 1158 1040 frequenti
1197 981 1316 1042 genere

158 1064 285 1145 mendi,
319 1072 357 1131 ut
384 1072 443 1131 aut
471 1072 533 1131 set
561 1065 727 1132 coalescat
755 1088 829 1131 cum
851 1064 950 1130 verbo
974 1060 1173 1149 praecedenti
1195 1074 1254 1133 aut
1277 1091 1316 1133 ex

160 1194 199 1238 eo
233 1173 394 1241 distracto
423 1174 558 1238 oriatur.
615 1173 791 1254 (Vicisse
825 1195 865 1238 ex
899 1175 1004 1238 vinci
1039 1174 1107 1239 sed
1142 1181 1250 1240 ortum
1282 1177 1317 1240 in

159 1280 295 1347 Catonis
323 1280 431 1346 verbis
460 1279 549 1364 apud
578 1280 759 1360 Gell.v11,
791 1286 809 1346 3
839 1283 965 1348 correxi
989 1281 1106 1365 Opnsc.
1130 1282 1161 1346 ll
1184 1306 1215 1367 p.
1243 1288 1311 1348 las.
1332 1291 1402 1359 (212)

158 1388 230 1454 Lib.
265 1388 372 1469 XLV,
416 1393 470 1468 13,
512 1394 550 1454 13
589 1390 623 1453 in
665 1389 804 1454 Vindob.
839 1411 898 1473 pro
936 1389 1120 1454 misisset
1159 1393 1318 1474 scriptum

159 1497 274 1562 misit
296 1495 429 1580 sed.)¹)

247 1602 328 1689 Cap,
360 1608 468 1684 las
504 1605 551 1686 (in
585 1626 759 1688 responso,
794 1605 884 1686 quod
916 1605 1076 1669 maximus
1103 1611 1184 1670 natu
1212 1609 1317 1689 gentis

160 1712 396 1778 Volcianorum
418 1711 535 1795 legatis
558 1692 714 1778 Romanis
739 1712 869 1777 dedisse
892 1711 1074 1794 narratur):
1099 1713 1189 1791 Qus
1212 1736 1317 1780 vere-

157 1817 311 1885 cundia
343 1827 419 1898 est,
455 1821 637 1900 Romani,
676 1818 890 1903 postulare
924 1841 1007 1899 vos,
1042 1822 1102 1883 uti
1136 1828 1317 1887 vestram

160 1925 566 2010 Carthaginiensium
610 1928 801 1993 amicitiae
845 1946 1143 2010 praeponamne,
1189 1951 1315 2011 quum,

156 2036 228 2118 qni
251 2034 292 2100 id
314 2035 505 2101 fecerunt
527 2035 753 2119 Saguntini,
777 2035 995 2114 crudelius,
1019 2056 1134 2119 quam
1158 2036 1315 2102 Poenus

155 2141 290 2208 hostis
313 2143 508 2229 perdidit,
530 2166 599 2209 vos
624 2144 726 2209 socii
749 2143 1043 2227 prodideritis?
1078 2142 1131 2207 Sic
1153 2143 1316 2210 Weissen-

156 2250 298 2317 bornins
317 2252 467 2336 scripsit,
484 2252 631 2317 codicum
649 2258 683 2316 et
699 2253 897 2336 optimorum
915 2249 1316 2335 omnium(ClllCantab1·.)
1389 2293 1394 2304 ·

155 2366 190 2425 et
208 2359 345 2424 maioris
363 2361 470 2443 partis
483 2359 684 2425 deteriorum
697 2360 931 2424 auctoritatem
943 2365 1085 2436 secutus,
1104 2380 1206 2440 quum
1217 2366 1317 2424 antea

158 2466 330 2532 ederetur:
359 2488 485 2551 quum,
509 2469 576 2550 qui
598 2468 638 2532 id
660 2467 853 2546 fecerunt,
878 2466 1124 2547 Saguntinos
1147 2474 1209 2532 cet.
1252 2466 1317 2532 Sed

157 2581 317 2660 apparet,
345 2573 469 2641 frustra
498 2576 627 2640 defendi
655 2575 746 2640 illam
768 2575 960 2639 nominativi
983 2575 1025 2639 ad
1047 2575 1244 2640 sententiam
1266 2598 1317 2639 re·

155 2682 294 2747 lativam
328 2681 587 2763 adiunctionem;
620 2704 696 2748 nam
732 2689 765 2748 et
800 2682 966 2747 delitescit
998 2684 1047 2746 ita
1076 2704 1115 2747 ea
1143 2685 1249 2762 notio,
1283 2684 1317 2747 in

155 2811 226 2874 qna
260 2789 391 2875 pondus
421 2792 577 2857 orationis
607 2797 671 2868 est,
706 2798 740 2856 et
767 2811 871 2874 prava
898 2791 1088 2873 partitionis
1118 2790 1315 2872 significatio

155 2898 274 2978 oritur,
304 2899 400 2981 quasi
424 2899 552 2982 aliquot
574 2899 839 2982 Saguntinorum,
863 2918 927 2961 non
951 2919 1071 2977 omnes,
1094 2898 1317 2964 Romanorum

153 3005 340 3071 amicitiam
369 3006 576 3090 praetulerint
604 3006 647 3089 (ii
676 3005 907 3089 Saguntini,
942 3005 1033 3088 qui).
1085 3005 1169 3083 Quid
1193 3006 1316 3088 igitur?

153 3114 412 3180 restituemusne
451 3115 675 3179 accusativum
709 3120 827 3178 contra
860 3112 1014 3178 codices?
1053 3112 1123 3177 Imo
1156 3113 1316 3192 tollemus,

154 3222 291 3306 opinor,
319 3227 424 3287 totam
446 3244 559 3288 vocem
584 3223 733 3287 additam
757 3221 949 3286 declarandi
974 3241 1088 3299 causa,
1118 3222 1175 3304 qui
1199 3229 1316 3301 essent,

66 3358 74 3371 ·
154 3349 241 3412 qnos
266 3328 377 3394 Livius
400 3330 520 3395 omisso
543 3331 673 3395 nomine
695 3328 923 3412 significasset,
958 3327 1015 3392 sed
1039 3328 1196 3408 additam,
1230 3329 1318 3411 quod

152 3435 346 3502 huiusmodi
379 3436 647 3520 interpolationis
682 3437 900 3502 certissimum
928 3437 1087 3501 indicium
1115 3445 1181 3516 est,
1215 3458 1316 3521 pravo

153 3566 238 3611 casn
267 3544 498 3625 (nominativo,
533 3551 628 3610 extra
656 3567 775 3610 nexum
798 3543 986 3626 orationis);
1020 3551 1136 3610 notata
1157 3546 1225 3610 iam
1248 3547 1317 3610 eius

152 3654 203 3717 rei
241 3651 391 3737 exempla
423 3653 456 3717 in
484 3652 545 3733 IV,
579 3657 637 3731 32,
672 3657 690 3717 7
721 3652 818 3754 (eos)
848 3658 880 3716 et
907 3651 967 3729 Vl,
1005 3656 1058 3731 17,
1092 3657 1111 3713 6
1140 3652 1224 3733 (id),
1259 3651 1317 3716 sed

155 3816 388 3824 ..-m——

183 3884 210 3952 ¹)
229 3883 295 3940 Non
320 3890 398 3941 recte
420 3889 516 3938 tamen
539 3884 595 3939 hoc
619 3883 783 3953 corrigendi
801 3901 902 3952 genere
920 3903 986 3939 usus
1004 3891 1048 3938 est
1065 3884 1210 3939 Manutius
1228 3884 1259 3937 in
1277 3884 1318 3936 Ci-

231 3970 342 4025 ceronis
365 3969 441 4024 libro
463 3968 495 4024 H
513 3969 549 4024 de
565 3970 654 4039 Legg.
673 3971 720 4036 25,
744 3971 778 4022 62
802 3967 909 4035 (vides
933 3969 991 4022 sed
1012 3987 1064 4039 pro
1082 3968 1240 4037 vidisse),
1268 3970 1317 4038 qui

227 4054 306 4111 locus
329 4055 565 4124 quemadmodum
587 4054 753 4110 scribendus
778 4057 866 4120 esset,
888 4055 1006 4124 exposui
1029 4054 1104 4124 apud
1121 4053 1264 4108 Halmium
1288 4055 1318 4107 in

229 4139 272 4195 cd.
287 4140 441 4195 Turicensi
469 4140 516 4212 [In
533 4141 606 4196 Livii
625 4141 689 4194 loco
707 4138 887 4193 Woelfflinus
905 4139 1090 4204 venissem,
1108 4139 1183 4208 qnod
1200 4156 1318 4209 pravum

230 4242 289 4281 csse
307 4225 430 4293 ostendi,
447 4231 560 4280 retento
580 4225 690 4281 addidit
707 4242 799 4279 nunc
813 4217 1008 4291 (venissem
1032 4243 1121 4279 nunc
1140 4241 1237 4294 quum
1257 4224 1317 4276 ille

230 4311 302 4379 oct),
320 4310 396 4381 qnod
414 4311 444 4366 iu
461 4311 512 4366 illa
526 4311 665 4366 orationis
680 4310 770 4365 forma
784 4311 883 4365 abesse
898 4315 1025 4380 poterat3
1044 4310 1100 4364 vid.
1110 4309 1146 4363 ad
1159 4308 1208 4378 VI,
1224 4310 1265 4377 18,
1281 4306 1317 4376 6,]

1037 4411 1085 4465 ΓΙ*
