2994 5108
227 494 288 551 Lib.
307 496 390 549 XLV.
772 485 833 545 714

226 666 347 746 finito
370 668 496 733 aliter
517 668 624 733 bello
648 668 852 752 sequendo
876 667 1001 731 aliter
1028 660 1289 746 gratulandi,
1318 680 1371 723 no-

225 775 322 840 tabili
357 797 466 841 errore
501 784 534 840 et
567 796 682 841 vocum
715 773 938 861 repetitione.)
983 771 1026 836 Ut
1057 772 1092 834 in
1126 768 1248 835 Rhodii
1282 767 1374 851 legati

227 885 392 964 oratione,
425 885 473 948 sic
505 884 539 948 in
573 892 704 949 senatus
734 905 865 969 quoqne
894 902 1052 966 responso
1081 877 1235 942 mendum
1259 875 1376 941 residet

228 990 259 1074 (ἓ
283 990 332 1072 bl:
367 991 543 1056 Rhodios
572 1012 643 1056 neo
670 993 920 1057 utilitatium
944 989 1109 1055 Graeeiae
1131 1006 1261 1068 neque
1285 1005 1377 1049 cura

226 1101 499 1184 impensarum
522 1100 666 1184 populi
690 1101 872 1176 Romani,
907 1097 977 1165 aed
1009 1116 1081 1180 pro
1110 1094 1262 1159 Perseo
1296 1112 1377 1156 eam

227 1208 478 1290 legationem
512 1208 683 1273 misisse.
740 1208 927 1272 Ablatiuum
960 1206 1091 1286 utrique
1126 1200 1273 1266 membro
1308 1219 1377 1266 ore·

225 1317 325 1381 tionis
347 1318 507 1398 negativae
529 1316 691 1399 copulate
714 1336 918 1381 communem
945 1334 1010 1378 non
1039 1331 1138 1395 posse
1166 1310 1255 1374 inter
1281 1329 1378 1391 nega·

226 1425 348 1489 tionem
382 1430 416 1488 et
444 1424 582 1489 alterum
616 1425 802 1506 genetivum
835 1423 1016 1506 interponi,
1045 1426 1136 1485 recte
1166 1417 1320 1482 Dukerue
1348 1422 1381 1480 et

225 1532 282 1597 alii
313 1538 500 1609 senserunt,
535 1531 594 1596 sed
626 1534 659 1597 in
693 1532 885 1615 corrigendo
920 1530 1124 1595 aberrarunt.
1170 1525 1261 1590 Nihil
1295 1526 1379 1588 enim

224 1639 316 1704 eliud
337 1638 495 1705 librarius
518 1662 631 1723 quam,
655 1641 743 1723 quod
772 1641 951 1723 sepissime
979 1637 1073 1715 fecit,
1102 1636 1243 1700 duarum
1266 1653 1380 1698 vocum

226 1748 373 1812 ordinem
385 1749 527 1827 invertit,
544 1770 644 1832 quum
664 1749 807 1814 scribere
826 1748 1008 1812 debuisset:
1031 1764 1103 1809 nec
1125 1741 1381 1806 utilitatium

225 1855 388 1921 Graeciae
422 1877 518 1921 cura
550 1877 681 1939 neque
714 1859 989 1940 impensarum
1023 1850 1168 1936 populi
1202 1849 1381 1914 Romani.

227 1964 271 2027 Iis
294 1964 451 2047 exemplis
474 1963 635 2030 buismodi
660 1965 972 2048 transpositionum,
1001 1981 1074 2046 quae
1102 1979 1203 2042 supra
1233 1959 1279 2039 (p.
1303 1956 1381 2036 491)

226 2091 266 2135 ex
288 2070 373 2136 libro
396 2071 502 2136 XLIII
525 2073 635 2156 posui,
664 2094 703 2136 ex
730 2073 793 2136 hoc
815 2071 900 2136 libro
922 2070 1007 2134 XLV
1030 2067 1109 2133 addi
1132 2065 1203 2131 boee
1225 2073 1381 2150 possunt:

227 2179 493 2262 c.b‚10(quam
512 2182 609 2245 mori
628 2202 687 2265 pro
706 2168 808 2245 mori
832 2179 970 2262 quam),
995 2182 1044 2255 13,
1065 2174 1280 2259 l(rettulit
1296 2172 1381 2238 red-

175 2276 182 2288 ’
225 2286 299 2367 iit),
332 2291 379 2366 17,
404 2292 422 2350 2
446 2288 542 2369 (tum
564 2288 704 2370 Pauli),
727 2293 777 2367 ul,
800 2295 820 2351 4
844 2288 953 2369 (ante
975 2308 1052 2351 non
1070 2292 1104 2349 et
1128 2283 1285 2348 vellent
1307 2282 1382 2346 Ier-

224 2400 317 2459 rent
340 2416 399 2478 pro
422 2394 553 2461 ferret
575 2396 753 2477 vellent),
777 2400 827 2474 31,
853 2399 871 2458 3
894 2395 1075 2476 (inflavit
1097 2391 1281 2472 Inerant)
1305 2396 1341 2455 et
1364 2395 1382 2454 5

226 2500 343 2571 (elati
366 2503 657 2586 Romanorum),
682 2509 731 2582 34,
759 2510 773 2568 l
799 2503 858 2585 (ea
881 2503 954 2584 ad),
979 2505 1028 2580 35,
1051 2505 1071 2564 9
1097 2499 1286 2581 (militum
1317 2517 1379 2581 pe

225 2610 346 2673 cunic
367 2609 480 2677 illum
500 2614 659 2679 iudicia
677 2614 770 2678 dare
793 2611 902 2692 non);
924 2631 985 2675 nec
1008 2608 1118 2675 omnia
1135 2628 1187 2672 me
1204 2606 1380 2688 collegisse

226 2716 379 2782 arbitror.

311 2824 388 2909 Cap.
412 2831 441 2905 4,
467 2834 485 2890 2
511 2852 610 2911 quum
633 2831 666 2894 in
690 2830 802 2893 codice
822 2829 869 2891 sic
892 2825 1072 2891 scribatur:
1096 2822 1247 2887 Paulus
1265 2821 1380 2886 AEmi·

223 2933 305 2996 lius
340 2935 499 3013 consul,
535 2958 619 3001 cum
644 2946 798 3015 castra,
827 2943 868 2999 ut
897 2954 1020 3016 supra
1049 2932 1201 2995 dictum
1227 2938 1307 3005 est,
1332 2929 1380 2993 ad

225 3039 336 3106 Siras
376 3051 494 3108 terrae
534 3043 885 3108 Odomantidiohae
920 3040 968 3122 (id
1002 3048 1053 3104 est
1086 3037 1378 3116 Odomanticae)

223 3147 407 3215 baberet.
439 3151 590 3216 litterae
613 3152 659 3215 ab
683 3172 778 3233 rege
801 3151 949 3214 Perseo
973 3170 1042 3230 per
1064 3145 1270 3229 ignobiles
1294 3154 1380 3210 tres

222 3256 381 3335 legatos
405 3267 604 3337 cerneret,
631 3267 669 3323 et
697 3261 784 3341 ipse
808 3258 1091 3322 illacrimasse
1114 3257 1272 3321 dicitur
1296 3276 1380 3320 sor-

223 3364 276 3426 tis
301 3366 334 3442 (i.
359 3388 385 3429 e.
411 3370 528 3446 sorti)
553 3369 750 3431 humanae.
774 3374 923 3448 apparet,
953 3367 1105 3430 lacunam
1140 3366 1186 3428 sic
1210 3365 1324 3427 notari
1349 3374 1382 3426 et

221 3475 388 3552 utcunque
412 3476 532 3556 expleri
558 3476 727 3539 debuisse:
750 3510 794 3518 —
816 3474 1005 3550 haberet,
1029 3474 1183 3537 litterae
1213 3471 1262 3535 ab
1286 3491 1381 3552 rege

221 3579 366 3644 Perseo
401 3603 469 3663 per
503 3583 707 3664 ignobiles
741 3591 823 3647 tres
857 3582 1017 3665 legatos
1051 3581 1203 3644 tradite
1240 3579 1381 3662 [rectius

222 3687 474 3768 Wesenbergius
493 3690 674 3772 redditae]
699 3690 734 3752 el
758 3698 852 3764 suut,
874 3709 967 3766 quas
987 3708 1093 3766 qun
1113 3697 1321 3765 cerneret,
1342 3724 1381 3733 -

221 3794 499 3860 illacrimasse
523 3808 583 3861 cet.
630 3800 754 3861 Deinde
778 3797 794 3878 ξ
818 3805 837 3859 4
862 3799 895 3860 in
926 3799 977 3862 bis
1001 3798 1124 3861 verbis:
1149 3807 1382 3880 postquam,

221 3903 364 3984 Regem
388 3904 536 3968 Persea
559 3906 716 3969 consuli
742 3906 865 3969 Paulo
890 3905 1076 3981 salutem,
1101 3904 1215 3987 legit,
1241 3926 1381 3969 accusa-

220 4013 304 4073 tivus
327 4010 382 4074 ille
406 4033 536 4093 regem
559 4013 708 4077 Persea
732 4035 869 4095 prorsus
900 4035 1052 4096 perverse
1081 4014 1235 4096 ponitur;
1270 4036 1383 4098 neque

135 4119 206 4188 (594)
227 4120 310 4180 enim
333 4128 423 4182 recta
447 4121 550 4184 forma
573 4121 668 4201 (Rex
690 4121 724 4185 P.
749 4121 874 4185 Paulo
905 4122 1001 4199 sal),
1025 4141 1098 4203 quae
1120 4142 1180 4204 per
1209 4143 1246 4186 se
1271 4124 1384 4205 posita

218 4225 345 4289 facilem
380 4227 479 4291 babet
513 4230 650 4311 ellipsin,
685 4231 732 4292 sio
766 4229 899 4309 obquue
928 4230 1063 4310 reliquae
1097 4232 1242 4293 orationi
1278 4233 1384 4295 Inseri

219 4332 286 4396 ullo
321 4334 416 4397 modo
452 4344 571 4417 potest,
604 4345 642 4401 ut
675 4338 847 4400 omittatur
881 4337 1068 4401 infinitivus.
1116 4337 1250 4403 Codex:
1286 4360 1385 4422 rege
