<?xml version="1.0" encoding="UTF-8"?>
<!DOCTYPE html PUBLIC "-//W3C//DTD XHTML 1.0 Transitional//EN"
    "http://www.w3.org/TR/xhtml1/DTD/xhtml1-transitional.dtd">
<html xmlns="http://www.w3.org/1999/xhtml" xml:lang="en" lang="en">
 <head>
  <title>
</title>
<meta http-equiv="Content-Type" content="text/html;charset=utf-8" />
  <meta name='ocr-system' content='tesseract 3.04.00' />
  <meta name='ocr-capabilities' content='ocr_page ocr_carea ocr_par ocr_line ocrx_word'/>
</head>
<body>
  <div class='ocr_page' id='page_1' title='image "./emendationesliv00madvgoog_0217.png"; bbox 0 0 2994 5108; ppageno 0'>
   <div class='ocr_carea' id='block_1_1' title="bbox 231 472 836 538">
    <p class='ocr_par' dir='ltr' id='par_1_1' title="bbox 231 472 836 538">
     <span class='ocr_line' id='line_1_1' title="bbox 231 472 836 538; baseline -0.005 -3"><span class='ocrx_word' id='word_1_1' title='bbox 231 481 292 536; x_wconf 87' lang='lat' dir='ltr'><strong>Lib.</strong></span> <span class='ocrx_word' id='word_1_2' title='bbox 310 481 357 538; x_wconf 86' lang='lat' dir='ltr'>IX.</span> <span class='ocrx_word' id='word_1_3' title='bbox 774 472 836 533; x_wconf 79' lang='grc'>208</span> 
     </span>
    </p>
   </div>
   <div class='ocr_carea' id='block_1_2' title="bbox 145 657 1382 4000">
    <p class='ocr_par' dir='ltr' id='par_1_2' title="bbox 145 657 1382 4000">
     <span class='ocr_line' id='line_1_2' title="bbox 232 657 1380 742; baseline 0.003 -21"><span class='ocrx_word' id='word_1_4' title='bbox 232 659 414 723; x_wconf 83' lang='lat' dir='ltr'>heremus</span> <span class='ocrx_word' id='word_1_5' title='bbox 443 660 618 723; x_wconf 82' lang='lat' dir='ltr'>Romano</span> <span class='ocrx_word' id='word_1_6' title='bbox 653 679 777 737; x_wconf 82' lang='lat' dir='ltr'>armo,</span> <span class='ocrx_word' id='word_1_7' title='bbox 810 658 867 722; x_wconf 91' lang='lat' dir='ltr'>ubi</span> <span class='ocrx_word' id='word_1_8' title='bbox 902 660 935 722; x_wconf 95' lang='lat' dir='ltr'>in</span> <span class='ocrx_word' id='word_1_9' title='bbox 971 657 1139 722; x_wconf 82' lang='lat' dir='ltr'>codicibus</span> <span class='ocrx_word' id='word_1_10' title='bbox 1175 664 1209 723; x_wconf 90' lang='lat' dir='ltr'>et</span> <span class='ocrx_word' id='word_1_11' title='bbox 1241 658 1380 742; x_wconf 85' lang='lat' dir='ltr'>reliquis</span> 
     </span>
     <span class='ocr_line' id='line_1_3' title="bbox 230 767 1379 852; baseline 0.003 -21"><span class='ocrx_word' id='word_1_12' title='bbox 230 768 429 832; x_wconf 80' lang='lat' dir='ltr'><strong>editionibus</strong></span> <span class='ocrx_word' id='word_1_13' title='bbox 463 775 514 833; x_wconf 89' lang='lat' dir='ltr'>est</span> <span class='ocrx_word' id='word_1_14' title='bbox 541 767 696 832; x_wconf 66' lang='lat' dir='ltr'>luendae</span> <span class='ocrx_word' id='word_1_15' title='bbox 726 769 975 850; x_wconf 78' lang='lat' dir='ltr'>sponsionis,</span> <span class='ocrx_word' id='word_1_16' title='bbox 1030 767 1115 832; x_wconf 83' lang='lat' dir='ltr'>Nam</span> <span class='ocrx_word' id='word_1_17' title='bbox 1137 789 1259 852; x_wconf 89' lang='lat' dir='ltr'>neque,</span> <span class='ocrx_word' id='word_1_18' title='bbox 1289 769 1379 851; x_wconf 90' lang='lat' dir='ltr'>quod</span> 
     </span>
     <span class='ocr_line' id='line_1_4' title="bbox 232 876 1376 960; baseline 0.001 -20"><span class='ocrx_word' id='word_1_19' title='bbox 232 877 357 960; x_wconf 83' lang='lat' dir='ltr'>aliquid</span> <span class='ocrx_word' id='word_1_20' title='bbox 390 876 545 941; x_wconf 83' lang='lat' dir='ltr'>luendae</span> <span class='ocrx_word' id='word_1_21' title='bbox 579 877 814 960; x_wconf 85' lang='lat' dir='ltr'>sponsionis</span> <span class='ocrx_word' id='word_1_22' title='bbox 848 898 936 941; x_wconf 88' lang='lat' dir='ltr'>esse</span> <span class='ocrx_word' id='word_1_23' title='bbox 966 876 1136 957; x_wconf 88' lang='lat' dir='ltr'>dicitnr¹),</span> <span class='ocrx_word' id='word_1_24' title='bbox 1171 877 1245 942; x_wconf 90' lang='lat' dir='ltr'>ideo</span> <span class='ocrx_word' id='word_1_25' title='bbox 1274 879 1376 942; x_wconf 80' lang='lat' dir='ltr'>etiam</span> 
     </span>
     <span class='ocr_line' id='line_1_5' title="bbox 230 984 1380 1070; baseline 0.001 -21"><span class='ocrx_word' id='word_1_26' title='bbox 230 984 336 1050; x_wconf 86' lang='lat' dir='ltr'>ferre</span> <span class='ocrx_word' id='word_1_27' title='bbox 360 986 484 1070; x_wconf 82' lang='lat' dir='ltr'>aliquid</span> <span class='ocrx_word' id='word_1_28' title='bbox 507 985 661 1049; x_wconf 81' lang='lat' dir='ltr'>luendae</span> <span class='ocrx_word' id='word_1_29' title='bbox 685 987 922 1069; x_wconf 86' lang='lat' dir='ltr'>sponsionis</span> <span class='ocrx_word' id='word_1_30' title='bbox 945 993 1034 1051; x_wconf 85' lang='lat' dir='ltr'>recto</span> <span class='ocrx_word' id='word_1_31' title='bbox 1057 986 1186 1051; x_wconf 89' lang='lat' dir='ltr'>dicotur</span> <span class='ocrx_word' id='word_1_32' title='bbox 1207 1007 1313 1067; x_wconf 86' lang='lat' dir='ltr'>neque</span> <span class='ocrx_word' id='word_1_33' title='bbox 1336 986 1380 1050; x_wconf 83' lang='lat' dir='ltr'>od</span> 
     </span>
     <span class='ocr_line' id='line_1_6' title="bbox 231 1094 1380 1178; baseline -0.001 -21"><span class='ocrx_word' id='word_1_34' title='bbox 231 1095 368 1178; x_wconf 78' lang='lat' dir='ltr'>capito</span> <span class='ocrx_word' id='word_1_35' title='bbox 384 1095 552 1177; x_wconf 79' lang='lat' dir='ltr'>genetivus</span> <span class='ocrx_word' id='word_1_36' title='bbox 570 1094 684 1158; x_wconf 74' lang='lat' dir='ltr'>referri</span> <span class='ocrx_word' id='word_1_37' title='bbox 703 1099 822 1177; x_wconf 87' lang='lat' dir='ltr'>potest,</span> <span class='ocrx_word' id='word_1_38' title='bbox 846 1096 1000 1178; x_wconf 78' lang='lat' dir='ltr'>qnoniam</span> <span class='ocrx_word' id='word_1_39' title='bbox 1023 1102 1055 1159; x_wconf 84' lang='lat' dir='ltr'>et</span> <span class='ocrx_word' id='word_1_40' title='bbox 1078 1100 1200 1178; x_wconf 75' lang='lat' dir='ltr'>oeprut</span> <span class='ocrx_word' id='word_1_41' title='bbox 1220 1094 1380 1158; x_wconf 66' lang='lat' dir='ltr'>luenda»</span> 
     </span>
     <span class='ocr_line' id='line_1_7' title="bbox 231 1202 1382 1287; baseline 0 -20"><span class='ocrx_word' id='word_1_42' title='bbox 231 1205 466 1286; x_wconf 85' lang='lat' dir='ltr'>sponsionis</span> <span class='ocrx_word' id='word_1_43' title='bbox 499 1205 609 1285; x_wconf 87' lang='lat' dir='ltr'>inepte</span> <span class='ocrx_word' id='word_1_44' title='bbox 642 1202 829 1284; x_wconf 81' lang='lat' dir='ltr'>appellatur</span> <span class='ocrx_word' id='word_1_45' title='bbox 859 1211 892 1267; x_wconf 89' lang='lat' dir='ltr'>et</span> <span class='ocrx_word' id='word_1_46' title='bbox 919 1204 1017 1267; x_wconf 85' lang='lat' dir='ltr'>vilia</span> <span class='ocrx_word' id='word_1_47' title='bbox 1044 1202 1126 1267; x_wconf 78' lang='lat' dir='ltr'>hoec</span> <span class='ocrx_word' id='word_1_48' title='bbox 1154 1205 1293 1286; x_wconf 82' lang='lat' dir='ltr'>capita</span> <span class='ocrx_word' id='word_1_49' title='bbox 1320 1225 1382 1287; x_wconf 87' lang='lat' dir='ltr'>per</span> 
     </span>
     <span class='ocr_line' id='line_1_8' title="bbox 231 1310 1381 1395; baseline 0 -20"><span class='ocrx_word' id='word_1_50' title='bbox 231 1333 265 1375; x_wconf 89' lang='lat' dir='ltr'>se</span> <span class='ocrx_word' id='word_1_51' title='bbox 294 1313 454 1395; x_wconf 78' lang='lat' dir='ltr'>appellari</span> <span class='ocrx_word' id='word_1_52' title='bbox 485 1311 614 1375; x_wconf 87' lang='lat' dir='ltr'>debent.</span> <span class='ocrx_word' id='word_1_53' title='bbox 670 1310 788 1375; x_wconf 83' lang='lat' dir='ltr'>Detivo</span> <span class='ocrx_word' id='word_1_54' title='bbox 822 1313 991 1394; x_wconf 79' lang='lat' dir='ltr'>gerundivi</span> <span class='ocrx_word' id='word_1_55' title='bbox 1027 1313 1060 1375; x_wconf 91' lang='lat' dir='ltr'>in</span> <span class='ocrx_word' id='word_1_56' title='bbox 1090 1312 1227 1376; x_wconf 84' lang='lat' dir='ltr'>consilio</span> <span class='ocrx_word' id='word_1_57' title='bbox 1257 1312 1381 1394; x_wconf 90' lang='lat' dir='ltr'>signifi-</span> 
     </span>
     <span class='ocr_line' id='line_1_9' title="bbox 231 1419 1380 1502; baseline -0.001 -17"><span class='ocrx_word' id='word_1_58' title='bbox 231 1421 334 1485; x_wconf 77' lang='lat' dir='ltr'>cando</span> <span class='ocrx_word' id='word_1_59' title='bbox 358 1419 532 1484; x_wconf 80' lang='lat' dir='ltr'>admodum</span> <span class='ocrx_word' id='word_1_60' title='bbox 556 1420 657 1483; x_wconf 89' lang='lat' dir='ltr'>libero</span> <span class='ocrx_word' id='word_1_61' title='bbox 680 1419 790 1483; x_wconf 88' lang='lat' dir='ltr'>Livius</span> <span class='ocrx_word' id='word_1_62' title='bbox 814 1422 926 1499; x_wconf 84' lang='lat' dir='ltr'>utitur,</span> <span class='ocrx_word' id='word_1_63' title='bbox 947 1427 985 1485; x_wconf 87' lang='lat' dir='ltr'>ut</span> <span class='ocrx_word' id='word_1_64' title='bbox 1008 1420 1032 1497; x_wconf 99' lang='grc' dir='ltr'>Ι,</span> <span class='ocrx_word' id='word_1_65' title='bbox 1056 1425 1106 1495; x_wconf 87' lang='grc'>23,</span> <span class='ocrx_word' id='word_1_66' title='bbox 1129 1426 1164 1484; x_wconf 80' lang='lat'>8:</span> <span class='ocrx_word' id='word_1_67' title='bbox 1189 1442 1380 1502; x_wconf 85' lang='lat' dir='ltr'>me-ge·</span> 
     </span>
     <span class='ocr_line' id='line_1_10' title="bbox 231 1514 1382 1621; baseline -0.002 -26"><span class='ocrx_word' id='word_1_68' title='bbox 231 1530 354 1595; x_wconf 87' lang='lat' dir='ltr'>rendo</span> <span class='ocrx_word' id='word_1_69' title='bbox 388 1529 498 1621; x_wconf 77' lang='lat' dir='ltr'>¹bello</span> <span class='ocrx_word' id='word_1_70' title='bbox 534 1528 671 1592; x_wconf 67' lang='lat' dir='ltr'>(lucem</span> <span class='ocrx_word' id='word_1_71' title='bbox 701 1550 900 1607; x_wconf 79' lang='lat' dir='ltr'>creavere,</span> <span class='ocrx_word' id='word_1_72' title='bbox 930 1530 991 1608; x_wconf 92' lang='lat' dir='ltr'>Ill,</span> <span class='ocrx_word' id='word_1_73' title='bbox 1020 1533 1054 1607; x_wconf 80' lang='lat'>5,</span> <span class='ocrx_word' id='word_1_74' title='bbox 1088 1535 1140 1593; x_wconf 76' lang='lat'>14:</span> <span class='ocrx_word' id='word_1_75' title='bbox 1175 1529 1247 1593; x_wconf 91' lang='lat' dir='ltr'>His</span> <span class='ocrx_word' id='word_1_76' title='bbox 1270 1514 1382 1593; x_wconf 79' lang='lat' dir='ltr'>ever·</span> 
     </span>
     <span class='ocr_line' id='line_1_11' title="bbox 230 1637 1379 1716; baseline -0.002 -12"><span class='ocrx_word' id='word_1_77' title='bbox 230 1639 366 1704; x_wconf 84' lang='lat' dir='ltr'>tendis</span> <span class='ocrx_word' id='word_1_78' title='bbox 390 1637 621 1703; x_wconf 87' lang='lat' dir='ltr'>terroribus</span> <span class='ocrx_word' id='word_1_79' title='bbox 645 1639 683 1701; x_wconf 95' lang='lat' dir='ltr'>in</span> <span class='ocrx_word' id='word_1_80' title='bbox 707 1638 883 1702; x_wconf 88' lang='lat' dir='ltr'>triduum</span> <span class='ocrx_word' id='word_1_81' title='bbox 907 1637 1020 1703; x_wconf 75' lang='lat' dir='ltr'>scrire</span> <span class='ocrx_word' id='word_1_82' title='bbox 1043 1639 1216 1713; x_wconf 69' lang='lat' dir='ltr'>indicto,</span> <span class='ocrx_word' id='word_1_83' title='bbox 1246 1638 1302 1716; x_wconf 87' lang='lat' dir='ltr'>IX,</span> <span class='ocrx_word' id='word_1_84' title='bbox 1326 1644 1379 1713; x_wconf 86' lang='grc'>26,</span> 
     </span>
     <span class='ocr_line' id='line_1_12' title="bbox 234 1745 1381 1829; baseline 0 -17"><span class='ocrx_word' id='word_1_85' title='bbox 234 1754 288 1812; x_wconf 76' lang='grc' dir='ltr'>14ε</span> <span class='ocrx_word' id='word_1_86' title='bbox 323 1749 504 1812; x_wconf 76' lang='lat' dir='ltr'>dictator</span> <span class='ocrx_word' id='word_1_87' title='bbox 538 1745 780 1828; x_wconf 83' lang='lat' dir='ltr'>deligendus</span> <span class='ocrx_word' id='word_1_88' title='bbox 810 1747 1048 1811; x_wconf 75' lang='lat' dir='ltr'>exercendis</span> <span class='ocrx_word' id='word_1_89' title='bbox 1078 1748 1381 1829; x_wconf 70' lang='lat' dir='ltr'>questionibus</span> 
     </span>
     <span class='ocr_line' id='line_1_13' title="bbox 230 1855 653 1938; baseline -0.007 -18"><span class='ocrx_word' id='word_1_90' title='bbox 230 1857 318 1936; x_wconf 85' lang='lat' dir='ltr'>fuit,</span> <span class='ocrx_word' id='word_1_91' title='bbox 342 1864 375 1920; x_wconf 88' lang='lat' dir='ltr'>et</span> <span class='ocrx_word' id='word_1_92' title='bbox 398 1856 431 1919; x_wconf 92' lang='lat' dir='ltr'>id</span> <span class='ocrx_word' id='word_1_93' title='bbox 453 1877 556 1938; x_wconf 86' lang='lat' dir='ltr'>genus</span> <span class='ocrx_word' id='word_1_94' title='bbox 579 1855 653 1918; x_wconf 85' lang='lat' dir='ltr'>alia.</span> 
     </span>
     <span class='ocr_line' id='line_1_14' title="bbox 316 1962 1380 2048; baseline -0.003 -19"><span class='ocrx_word' id='word_1_95' title='bbox 316 1965 394 2048; x_wconf 75' lang='lat' dir='ltr'>Cep.</span> <span class='ocrx_word' id='word_1_96' title='bbox 427 1970 479 2043; x_wconf 87' lang='grc'>12,</span> <span class='ocrx_word' id='word_1_97' title='bbox 504 1969 537 2027; x_wconf 76' lang='lat'>2:</span> <span class='ocrx_word' id='word_1_98' title='bbox 573 1962 765 2045; x_wconf 61' lang='lat' dir='ltr'>(Samnites)</span> <span class='ocrx_word' id='word_1_99' title='bbox 797 1984 886 2028; x_wconf 87' lang='lat' dir='ltr'>sero</span> <span class='ocrx_word' id='word_1_100' title='bbox 916 1984 959 2027; x_wconf 86' lang='lat' dir='ltr'>ao</span> <span class='ocrx_word' id='word_1_101' title='bbox 988 1965 1258 2047; x_wconf 80' lang='lat' dir='ltr'>nequicquam</span> <span class='ocrx_word' id='word_1_102' title='bbox 1290 1962 1380 2027; x_wconf 82' lang='lat' dir='ltr'>lau-</span> 
     </span>
     <span class='ocr_line' id='line_1_15' title="bbox 231 2071 1382 2155; baseline 0 -18"><span class='ocrx_word' id='word_1_103' title='bbox 231 2074 326 2138; x_wconf 80' lang='lat' dir='ltr'>dere</span> <span class='ocrx_word' id='word_1_104' title='bbox 350 2072 559 2154; x_wconf 79' lang='lat' dir='ltr'>(laudabant)</span> <span class='ocrx_word' id='word_1_105' title='bbox 582 2073 691 2135; x_wconf 87' lang='lat' dir='ltr'>senis</span> <span class='ocrx_word' id='word_1_106' title='bbox 708 2071 845 2135; x_wconf 87' lang='lat' dir='ltr'>Pontii</span> <span class='ocrx_word' id='word_1_107' title='bbox 869 2079 1042 2155; x_wconf 86' lang='lat' dir='ltr'>utroquo</span> <span class='ocrx_word' id='word_1_108' title='bbox 1066 2071 1246 2150; x_wconf 78' lang='lat' dir='ltr'>consilia,</span> <span class='ocrx_word' id='word_1_109' title='bbox 1270 2073 1382 2136; x_wconf 85' lang='lat' dir='ltr'>inter</span> 
     </span>
     <span class='ocr_line' id='line_1_16' title="bbox 145 2181 1380 2269; baseline 0.002 -27"><span class='ocrx_word' id='word_1_110' title='bbox 145 2198 216 2269; x_wconf 80' lang='lat'><strong>(176)</strong></span> <span class='ocrx_word' id='word_1_111' title='bbox 235 2203 320 2264; x_wconf 85' lang='lat' dir='ltr'>qnae</span> <span class='ocrx_word' id='word_1_112' title='bbox 348 2203 389 2245; x_wconf 88' lang='lat' dir='ltr'>se</span> <span class='ocrx_word' id='word_1_113' title='bbox 416 2181 546 2245; x_wconf 85' lang='lat' dir='ltr'>modio</span> <span class='ocrx_word' id='word_1_114' title='bbox 573 2181 712 2264; x_wconf 80' lang='lat' dir='ltr'>lapsos</span> <span class='ocrx_word' id='word_1_115' title='bbox 741 2182 926 2245; x_wconf 74' lang='lat' dir='ltr'>victoriro</span> <span class='ocrx_word' id='word_1_116' title='bbox 949 2182 1250 2264; x_wconf 89' lang='lat' dir='ltr'>possessionem</span> <span class='ocrx_word' id='word_1_117' title='bbox 1279 2202 1380 2264; x_wconf 84' lang='lat' dir='ltr'>pace</span> 
     </span>
     <span class='ocr_line' id='line_1_17' title="bbox 230 2288 1378 2372; baseline -0.001 -18"><span class='ocrx_word' id='word_1_118' title='bbox 230 2293 387 2355; x_wconf 84' lang='lat' dir='ltr'>incerta</span> <span class='ocrx_word' id='word_1_119' title='bbox 409 2296 596 2354; x_wconf 80' lang='lat' dir='ltr'>mutasse.</span> <span class='ocrx_word' id='word_1_120' title='bbox 625 2290 726 2354; x_wconf 86' lang='lat' dir='ltr'>Recte</span> <span class='ocrx_word' id='word_1_121' title='bbox 748 2289 809 2352; x_wconf 88' lang='lat' dir='ltr'>hoc</span> <span class='ocrx_word' id='word_1_122' title='bbox 831 2290 973 2354; x_wconf 82' lang='lat' dir='ltr'>Antonio</span> <span class='ocrx_word' id='word_1_123' title='bbox 997 2290 1167 2353; x_wconf 81' lang='lat' dir='ltr'>Perizonio</span> <span class='ocrx_word' id='word_1_124' title='bbox 1189 2288 1378 2372; x_wconf 86' lang='lat' dir='ltr'>displicuit;</span> 
     </span>
     <span class='ocr_line' id='line_1_18' title="bbox 231 2388 1380 2478; baseline 0 -16"><span class='ocrx_word' id='word_1_125' title='bbox 231 2420 307 2462; x_wconf 85' lang='lat' dir='ltr'>nam</span> <span class='ocrx_word' id='word_1_126' title='bbox 336 2398 466 2462; x_wconf 83' lang='lat' dir='ltr'>medio</span> <span class='ocrx_word' id='word_1_127' title='bbox 495 2397 577 2461; x_wconf 81' lang='lat' dir='ltr'>lobi</span> <span class='ocrx_word' id='word_1_128' title='bbox 602 2397 693 2461; x_wconf 91' lang='lat' dir='ltr'>nullo</span> <span class='ocrx_word' id='word_1_129' title='bbox 716 2397 869 2478; x_wconf 88' lang='lat' dir='ltr'>loquendi</span> <span class='ocrx_word' id='word_1_130' title='bbox 893 2416 951 2461; x_wconf 89' lang='lat' dir='ltr'>usu</span> <span class='ocrx_word' id='word_1_131' title='bbox 975 2395 1177 2475; x_wconf 80' lang='lat' dir='ltr'>defenditur,</span> <span class='ocrx_word' id='word_1_132' title='bbox 1212 2388 1294 2462; x_wconf 70' lang='lat' dir='ltr'>la‘bi</span> <span class='ocrx_word' id='word_1_133' title='bbox 1319 2420 1380 2462; x_wconf 84' lang='lat' dir='ltr'>au·</span> 
     </span>
     <span class='ocr_line' id='line_1_19' title="bbox 231 2505 1378 2591; baseline -0.001 -20"><span class='ocrx_word' id='word_1_134' title='bbox 231 2513 297 2572; x_wconf 85' lang='lat' dir='ltr'>tem</span> <span class='ocrx_word' id='word_1_135' title='bbox 324 2509 429 2571; x_wconf 85' lang='lat' dir='ltr'>inter</span> <span class='ocrx_word' id='word_1_136' title='bbox 458 2506 589 2570; x_wconf 88' lang='lat' dir='ltr'>media</span> <span class='ocrx_word' id='word_1_137' title='bbox 624 2505 716 2586; x_wconf 83' lang='lat' dir='ltr'>(duo)</span> <span class='ocrx_word' id='word_1_138' title='bbox 747 2507 934 2585; x_wconf 86' lang='lat' dir='ltr'>consilio,</span> <span class='ocrx_word' id='word_1_139' title='bbox 969 2512 1006 2570; x_wconf 89' lang='lat' dir='ltr'>ut</span> <span class='ocrx_word' id='word_1_140' title='bbox 1033 2507 1077 2570; x_wconf 89' lang='lat' dir='ltr'>sit</span> <span class='ocrx_word' id='word_1_141' title='bbox 1108 2515 1249 2591; x_wconf 90' lang='lat' dir='ltr'>utroque</span> <span class='ocrx_word' id='word_1_142' title='bbox 1279 2528 1378 2590; x_wconf 87' lang='lat' dir='ltr'>repu-</span> 
     </span>
     <span class='ocr_line' id='line_1_20' title="bbox 231 2614 1378 2699; baseline 0.001 -20"><span class='ocrx_word' id='word_1_143' title='bbox 231 2617 321 2680; x_wconf 81' lang='lat' dir='ltr'>diato</span> <span class='ocrx_word' id='word_1_144' title='bbox 345 2616 479 2681; x_wconf 90' lang='lat' dir='ltr'>tertium</span> <span class='ocrx_word' id='word_1_145' title='bbox 502 2636 540 2678; x_wconf 83' lang='lat' dir='ltr'>eo</span> <span class='ocrx_word' id='word_1_146' title='bbox 563 2615 705 2678; x_wconf 92' lang='lat' dir='ltr'>medium</span> <span class='ocrx_word' id='word_1_147' title='bbox 729 2616 836 2698; x_wconf 90' lang='lat' dir='ltr'>sequi,</span> <span class='ocrx_word' id='word_1_148' title='bbox 865 2615 1006 2679; x_wconf 83' lang='lat' dir='ltr'>absurde</span> <span class='ocrx_word' id='word_1_149' title='bbox 1029 2615 1158 2691; x_wconf 86' lang='lat' dir='ltr'>dicitur,</span> <span class='ocrx_word' id='word_1_150' title='bbox 1186 2614 1378 2699; x_wconf 77' lang='lat' dir='ltr'>frustraque</span> 
     </span>
     <span class='ocr_line' id='line_1_21' title="bbox 230 2722 1380 2803; baseline 0 -15"><span class='ocrx_word' id='word_1_151' title='bbox 230 2724 516 2803; x_wconf 81' lang='lat' dir='ltr'>Drakenborchius</span> <span class='ocrx_word' id='word_1_152' title='bbox 551 2731 583 2787; x_wconf 89' lang='lat' dir='ltr'>et</span> <span class='ocrx_word' id='word_1_153' title='bbox 615 2722 898 2787; x_wconf 86' lang='lat' dir='ltr'>Weissenbornius</span> <span class='ocrx_word' id='word_1_154' title='bbox 932 2722 1095 2787; x_wconf 81' lang='lat' dir='ltr'>advocant</span> <span class='ocrx_word' id='word_1_155' title='bbox 1128 2723 1288 2788; x_wconf 89' lang='lat' dir='ltr'>eiusmodi</span> <span class='ocrx_word' id='word_1_156' title='bbox 1322 2746 1380 2788; x_wconf 82' lang='lat' dir='ltr'>ex·</span> 
     </span>
     <span class='ocr_line' id='line_1_22' title="bbox 229 2830 1380 2916; baseline -0.002 -18"><span class='ocrx_word' id='word_1_157' title='bbox 229 2835 351 2916; x_wconf 84' lang='lat' dir='ltr'>emplu,</span> <span class='ocrx_word' id='word_1_158' title='bbox 375 2833 471 2915; x_wconf 77' lang='lat' dir='ltr'>ande</span> <span class='ocrx_word' id='word_1_159' title='bbox 496 2839 559 2896; x_wconf 84' lang='lat' dir='ltr'>est:</span> <span class='ocrx_word' id='word_1_160' title='bbox 594 2852 656 2912; x_wconf 83' lang='lat' dir='ltr'>per</span> <span class='ocrx_word' id='word_1_161' title='bbox 684 2832 833 2895; x_wconf 89' lang='lat' dir='ltr'>medios</span> <span class='ocrx_word' id='word_1_162' title='bbox 856 2831 1030 2897; x_wconf 83' lang='lat' dir='ltr'>Thraces</span> <span class='ocrx_word' id='word_1_163' title='bbox 1053 2833 1125 2912; x_wconf 82' lang='lat' dir='ltr'>ire3</span> <span class='ocrx_word' id='word_1_164' title='bbox 1155 2830 1259 2895; x_wconf 89' lang='lat' dir='ltr'>simile</span> <span class='ocrx_word' id='word_1_165' title='bbox 1282 2838 1380 2909; x_wconf 88' lang='lat' dir='ltr'>esset,</span> 
     </span>
     <span class='ocr_line' id='line_1_23' title="bbox 230 2940 1379 3025; baseline -0.001 -19"><span class='ocrx_word' id='word_1_166' title='bbox 230 2944 256 3006; x_wconf 83' lang='lat' dir='ltr'>si</span> <span class='ocrx_word' id='word_1_167' title='bbox 291 2945 379 3025; x_wconf 87' lang='lat' dir='ltr'>quis:</span> <span class='ocrx_word' id='word_1_168' title='bbox 421 2943 524 3003; x_wconf 81' lang='lat' dir='ltr'>inter</span> <span class='ocrx_word' id='word_1_169' title='bbox 561 2941 713 3005; x_wconf 86' lang='lat' dir='ltr'>modios</span> <span class='ocrx_word' id='word_1_170' title='bbox 747 2940 969 3024; x_wconf 83' lang='lat' dir='ltr'>Campanos</span> <span class='ocrx_word' id='word_1_171' title='bbox 1009 2962 1052 3004; x_wconf 83' lang='lat' dir='ltr'>ac</span> <span class='ocrx_word' id='word_1_172' title='bbox 1087 2943 1282 3005; x_wconf 77' lang='lat' dir='ltr'>Romanos</span> <span class='ocrx_word' id='word_1_173' title='bbox 1316 2941 1379 3005; x_wconf 85' lang='lat' dir='ltr'>ire</span> 
     </span>
     <span class='ocr_line' id='line_1_24' title="bbox 229 3050 1379 3131; baseline -0.001 -17"><span class='ocrx_word' id='word_1_174' title='bbox 229 3053 373 3129; x_wconf 81' lang='lat' dir='ltr'>dixisset,</span> <span class='ocrx_word' id='word_1_175' title='bbox 408 3058 444 3114; x_wconf 90' lang='lat' dir='ltr'>ut</span> <span class='ocrx_word' id='word_1_176' title='bbox 467 3058 552 3114; x_wconf 88' lang='lat' dir='ltr'>osset</span> <span class='ocrx_word' id='word_1_177' title='bbox 574 3050 715 3114; x_wconf 87' lang='lat' dir='ltr'>medium</span> <span class='ocrx_word' id='word_1_178' title='bbox 737 3050 793 3129; x_wconf 87' lang='lat' dir='ltr'>ire,</span> <span class='ocrx_word' id='word_1_179' title='bbox 823 3054 956 3114; x_wconf 85' lang='lat' dir='ltr'>neutros</span> <span class='ocrx_word' id='word_1_180' title='bbox 980 3051 1209 3131; x_wconf 61' lang='lat' dir='ltr'>attingentem</span> <span class='ocrx_word' id='word_1_181' title='bbox 1237 3070 1298 3113; x_wconf 91' lang='lat' dir='ltr'>nec</span> <span class='ocrx_word' id='word_1_182' title='bbox 1320 3071 1379 3113; x_wconf 85' lang='lat' dir='ltr'>ex-</span> 
     </span>
     <span class='ocr_line' id='line_1_25' title="bbox 229 3158 1377 3241; baseline 0.003 -19"><span class='ocrx_word' id='word_1_183' title='bbox 229 3161 391 3224; x_wconf 81' lang='lat' dir='ltr'>cusationi</span> <span class='ocrx_word' id='word_1_184' title='bbox 414 3159 544 3237; x_wconf 85' lang='lat' dir='ltr'>sufficit,</span> <span class='ocrx_word' id='word_1_185' title='bbox 568 3159 656 3240; x_wconf 88' lang='lat' dir='ltr'>quod</span> <span class='ocrx_word' id='word_1_186' title='bbox 674 3158 788 3231; x_wconf 70' lang='lat' dir='ltr'>xxiv,</span> <span class='ocrx_word' id='word_1_187' title='bbox 814 3163 862 3236; x_wconf 84' lang='grc'>26,</span> <span class='ocrx_word' id='word_1_188' title='bbox 888 3163 925 3221; x_wconf 89' lang='grc'>13</span> <span class='ocrx_word' id='word_1_189' title='bbox 949 3158 1070 3241; x_wconf 88' lang='lat' dir='ltr'>legitur</span> <span class='ocrx_word' id='word_1_190' title='bbox 1093 3159 1200 3222; x_wconf 89' lang='lat' dir='ltr'>inter</span> <span class='ocrx_word' id='word_1_191' title='bbox 1221 3158 1377 3225; x_wconf 79' lang='lat' dir='ltr'>medios</span> 
     </span>
     <span class='ocr_line' id='line_1_26' title="bbox 228 3266 1377 3345; baseline 0 -13"><span class='ocrx_word' id='word_1_192' title='bbox 228 3275 290 3332; x_wconf 87' lang='lat' dir='ltr'>tot</span> <span class='ocrx_word' id='word_1_193' title='bbox 320 3275 492 3332; x_wconf 81' lang='lat' dir='ltr'>srnmtos</span> <span class='ocrx_word' id='word_1_194' title='bbox 521 3303 563 3313; x_wconf 83' lang='lat'><em>-</em></span> <span class='ocrx_word' id='word_1_195' title='bbox 591 3273 824 3345; x_wconf 82' lang='lat' dir='ltr'>evaserunt,</span> <span class='ocrx_word' id='word_1_196' title='bbox 859 3266 915 3330; x_wconf 91' lang='lat' dir='ltr'>ubi</span> <span class='ocrx_word' id='word_1_197' title='bbox 950 3268 1064 3331; x_wconf 82' lang='lat' dir='ltr'>modim</span> <span class='ocrx_word' id='word_1_198' title='bbox 1099 3266 1205 3331; x_wconf 83' lang='lat' dir='ltr'>turbae</span> <span class='ocrx_word' id='word_1_199' title='bbox 1233 3269 1377 3333; x_wconf 77' lang='lat' dir='ltr'>immixti</span> 
     </span>
     <span class='ocr_line' id='line_1_27' title="bbox 229 3374 1377 3459; baseline 0.002 -21"><span class='ocrx_word' id='word_1_200' title='bbox 229 3376 463 3457; x_wconf 79' lang='lat' dir='ltr'>significantur.</span> <span class='ocrx_word' id='word_1_201' title='bbox 524 3377 633 3439; x_wconf 90' lang='lat' dir='ltr'>Livius</span> <span class='ocrx_word' id='word_1_202' title='bbox 662 3382 735 3453; x_wconf 88' lang='lat' dir='ltr'>aut,</span> <span class='ocrx_word' id='word_1_203' title='bbox 765 3374 852 3458; x_wconf 88' lang='lat' dir='ltr'>quod</span> <span class='ocrx_word' id='word_1_204' title='bbox 874 3375 1044 3439; x_wconf 80' lang='lat' dir='ltr'>Perizonio</span> <span class='ocrx_word' id='word_1_205' title='bbox 1075 3375 1213 3459; x_wconf 80' lang='lat' dir='ltr'>placuit,</span> <span class='ocrx_word' id='word_1_206' title='bbox 1242 3375 1377 3441; x_wconf 86' lang='lat' dir='ltr'>medio</span> 
     </span>
     <span class='ocr_line' id='line_1_28' title="bbox 228 3484 1378 3567; baseline -0.001 -19"><span class='ocrx_word' id='word_1_207' title='bbox 228 3484 366 3567; x_wconf 78' lang='lat' dir='ltr'>lapsos</span> <span class='ocrx_word' id='word_1_208' title='bbox 390 3485 521 3567; x_wconf 89' lang='lat' dir='ltr'>scripsit</span> <span class='ocrx_word' id='word_1_209' title='bbox 544 3490 602 3548; x_wconf 84' lang='lat' dir='ltr'>ant</span> <span class='ocrx_word' id='word_1_210' title='bbox 624 3485 746 3567; x_wconf 89' lang='lat' dir='ltr'>potins:</span> <span class='ocrx_word' id='word_1_211' title='bbox 782 3485 891 3547; x_wconf 92' lang='lat' dir='ltr'>inter</span> <span class='ocrx_word' id='word_1_212' title='bbox 914 3505 997 3566; x_wconf 84' lang='lat' dir='ltr'>quoe</span> <span class='ocrx_word' id='word_1_213' title='bbox 1020 3506 1059 3548; x_wconf 90' lang='lat' dir='ltr'>se</span> <span class='ocrx_word' id='word_1_214' title='bbox 1081 3484 1212 3548; x_wconf 85' lang='lat' dir='ltr'>media</span> <span class='ocrx_word' id='word_1_215' title='bbox 1233 3484 1378 3566; x_wconf 87' lang='lat' dir='ltr'>lopsos</span> 
     </span>
     <span class='ocr_line' id='line_1_29' title="bbox 228 3590 1377 3675; baseline 0.005 -23"><span class='ocrx_word' id='word_1_216' title='bbox 228 3593 286 3653; x_wconf 88' lang='lat' dir='ltr'>vio</span> <span class='ocrx_word' id='word_1_217' title='bbox 324 3594 508 3656; x_wconf 80' lang='lat' dir='ltr'>victorico</span> <span class='ocrx_word' id='word_1_218' title='bbox 548 3593 851 3673; x_wconf 87' lang='lat' dir='ltr'>possessionem</span> <span class='ocrx_word' id='word_1_219' title='bbox 886 3599 946 3656; x_wconf 89' lang='lat' dir='ltr'>oet.</span> <span class='ocrx_word' id='word_1_220' title='bbox 1002 3592 1102 3656; x_wconf 83' lang='lat' dir='ltr'>Error</span> <span class='ocrx_word' id='word_1_221' title='bbox 1135 3614 1233 3675; x_wconf 88' lang='lat' dir='ltr'>quam</span> <span class='ocrx_word' id='word_1_222' title='bbox 1265 3590 1377 3669; x_wconf 80' lang='lat' dir='ltr'>facilis</span> 
     </span>
     <span class='ocr_line' id='line_1_30' title="bbox 228 3699 1376 3783; baseline 0.003 -21"><span class='ocrx_word' id='word_1_223' title='bbox 228 3702 326 3765; x_wconf 85' lang='lat' dir='ltr'>suerit</span> <span class='ocrx_word' id='word_1_224' title='bbox 359 3701 410 3781; x_wconf 89' lang='lat' dir='ltr'>(ut</span> <span class='ocrx_word' id='word_1_225' title='bbox 443 3702 506 3764; x_wconf 85' lang='lat' dir='ltr'>via</span> <span class='ocrx_word' id='word_1_226' title='bbox 534 3708 610 3765; x_wconf 78' lang='lat' dir='ltr'>ante</span> <span class='ocrx_word' id='word_1_227' title='bbox 639 3702 675 3765; x_wconf 90' lang='lat' dir='ltr'>vi</span> <span class='ocrx_word' id='word_1_228' title='bbox 704 3700 895 3782; x_wconf 83' lang='lat' dir='ltr'>excideret),</span> <span class='ocrx_word' id='word_1_229' title='bbox 931 3706 1076 3783; x_wconf 81' lang='lat' dir='ltr'>apparet.</span> <span class='ocrx_word' id='word_1_230' title='bbox 1134 3699 1243 3782; x_wconf 87' lang='lat' dir='ltr'>[Quod</span> <span class='ocrx_word' id='word_1_231' title='bbox 1277 3700 1376 3767; x_wconf 88' lang='lat' dir='ltr'>video</span> 
     </span>
     <span class='ocr_line' id='line_1_31' title="bbox 229 3806 1378 3892; baseline 0.001 -19"><span class='ocrx_word' id='word_1_232' title='bbox 229 3810 448 3874; x_wconf 86' lang='lat' dir='ltr'>coniectetmn</span> <span class='ocrx_word' id='word_1_233' title='bbox 473 3809 601 3873; x_wconf 87' lang='lat' dir='ltr'>modio</span> <span class='ocrx_word' id='word_1_234' title='bbox 626 3817 754 3892; x_wconf 87' lang='lat' dir='ltr'>copto,</span> <span class='ocrx_word' id='word_1_235' title='bbox 783 3831 896 3892; x_wconf 87' lang='lat' dir='ltr'>noque,</span> <span class='ocrx_word' id='word_1_236' title='bbox 927 3831 991 3889; x_wconf 89' lang='lat' dir='ltr'>quo</span> <span class='ocrx_word' id='word_1_237' title='bbox 1015 3831 1075 3872; x_wconf 88' lang='lat' dir='ltr'>usu</span> <span class='ocrx_word' id='word_1_238' title='bbox 1098 3807 1252 3891; x_wconf 89' lang='lat' dir='ltr'>loquendi</span> <span class='ocrx_word' id='word_1_239' title='bbox 1275 3806 1378 3875; x_wconf 84' lang='lat' dir='ltr'>obso-</span> 
     </span>
     <span class='ocr_line' id='line_1_32' title="bbox 227 3917 1376 4000; baseline 0.003 -19"><span class='ocrx_word' id='word_1_240' title='bbox 227 3917 296 3982; x_wconf 87' lang='lat' dir='ltr'>lute</span> <span class='ocrx_word' id='word_1_241' title='bbox 324 3919 452 3983; x_wconf 76' lang='lat' dir='ltr'>&lt;dicatur</span> <span class='ocrx_word' id='word_1_242' title='bbox 481 3918 651 3981; x_wconf 79' lang='lat' dir='ltr'>medium</span> <span class='ocrx_word' id='word_1_243' title='bbox 675 3940 831 4000; x_wconf 83' lang='lat' dir='ltr'>cepere,</span> <span class='ocrx_word' id='word_1_244' title='bbox 862 3919 945 3994; x_wconf 86' lang='lat' dir='ltr'>scio,</span> <span class='ocrx_word' id='word_1_245' title='bbox 976 3936 1094 3998; x_wconf 90' lang='lat' dir='ltr'>neque,</span> <span class='ocrx_word' id='word_1_246' title='bbox 1123 3938 1179 3980; x_wconf 89' lang='lat' dir='ltr'>cm·</span> <span class='ocrx_word' id='word_1_247' title='bbox 1201 3939 1265 3982; x_wconf 93' lang='lat' dir='ltr'>non</span> <span class='ocrx_word' id='word_1_248' title='bbox 1288 3920 1376 3984; x_wconf 82' lang='lat' dir='ltr'>satis</span> 
     </span>
    </p>
   </div>
   <div class='ocr_carea' id='block_1_3' title="bbox 255 4189 1379 4348">
    <p class='ocr_par' dir='ltr' id='par_1_3' title="bbox 255 4189 1379 4348">
     <span class='ocr_line' id='line_1_33' title="bbox 255 4189 1379 4258; baseline 0.004 -16"><span class='ocrx_word' id='word_1_249' title='bbox 255 4192 278 4256; x_wconf 87' lang='lat'>¹)</span> <span class='ocrx_word' id='word_1_250' title='bbox 296 4191 329 4243; x_wconf 88' lang='lat' dir='ltr'>in</span> <span class='ocrx_word' id='word_1_251' title='bbox 352 4191 424 4244; x_wconf 80' lang='lat' dir='ltr'>libro</span> <span class='ocrx_word' id='word_1_252' title='bbox 449 4195 543 4244; x_wconf 83' lang='lat' dir='ltr'>temen</span> <span class='ocrx_word' id='word_1_253' title='bbox 566 4190 618 4256; x_wconf 89' lang='grc' dir='ltr'>ΙΙΙ,</span> <span class='ocrx_word' id='word_1_254' title='bbox 645 4193 690 4258; x_wconf 82' lang='grc'>24,</span> <span class='ocrx_word' id='word_1_255' title='bbox 721 4194 732 4242; x_wconf 95' lang='lat' dir='ltr'>l</span> <span class='ocrx_word' id='word_1_256' title='bbox 752 4191 898 4257; x_wconf 83' lang='lat' dir='ltr'>genetivus</span> <span class='ocrx_word' id='word_1_257' title='bbox 922 4207 978 4243; x_wconf 91' lang='lat' dir='ltr'>non</span> <span class='ocrx_word' id='word_1_258' title='bbox 1002 4208 1018 4243; x_wconf 87' lang='lat' dir='ltr'>o</span> <span class='ocrx_word' id='word_1_259' title='bbox 1040 4190 1124 4243; x_wconf 90' lang='lat' dir='ltr'>verbo</span> <span class='ocrx_word' id='word_1_260' title='bbox 1144 4189 1261 4257; x_wconf 88' lang='lat' dir='ltr'>pendet,</span> <span class='ocrx_word' id='word_1_261' title='bbox 1287 4189 1379 4246; x_wconf 74' lang='lat' dir='ltr'>neda</span> 
     </span>
     <span class='ocr_line' id='line_1_34' title="bbox 296 4275 1378 4348; baseline 0.004 -21"><span class='ocrx_word' id='word_1_262' title='bbox 296 4277 537 4329; x_wconf 80' lang='lat' dir='ltr'>frustrationis</span> <span class='ocrx_word' id='word_1_263' title='bbox 556 4277 676 4342; x_wconf 85' lang='lat' dir='ltr'>nomine,</span> <span class='ocrx_word' id='word_1_264' title='bbox 695 4277 723 4329; x_wconf 92' lang='lat' dir='ltr'>in</span> <span class='ocrx_word' id='word_1_265' title='bbox 742 4294 796 4345; x_wconf 90' lang='lat' dir='ltr'>quo</span> <span class='ocrx_word' id='word_1_266' title='bbox 815 4277 889 4331; x_wconf 82' lang='lat' dir='ltr'>inest</span> <span class='ocrx_word' id='word_1_267' title='bbox 906 4275 1017 4330; x_wconf 82' lang='lat' dir='ltr'>artificii</span> <span class='ocrx_word' id='word_1_268' title='bbox 1036 4282 1064 4329; x_wconf 84' lang='lat' dir='ltr'>et</span> <span class='ocrx_word' id='word_1_269' title='bbox 1082 4275 1262 4330; x_wconf 84' lang='lat' dir='ltr'>instrumenti</span> <span class='ocrx_word' id='word_1_270' title='bbox 1276 4277 1378 4348; x_wconf 90' lang='lat' dir='ltr'>notio;</span> 
     </span>
    </p>
   </div>
   <div class='ocr_carea' id='block_1_4' title="bbox 296 4362 740 4433">
    <p class='ocr_par' dir='ltr' id='par_1_4' title="bbox 296 4362 740 4433">
     <span class='ocr_line' id='line_1_35' title="bbox 296 4362 740 4433; baseline -0.002 -15"><span class='ocrx_word' id='word_1_271' title='bbox 296 4362 344 4419; x_wconf 86' lang='lat' dir='ltr'>eir.</span> <span class='ocrx_word' id='word_1_272' title='bbox 364 4363 427 4417; x_wconf 80' lang='lat' dir='ltr'>adn.</span> <span class='ocrx_word' id='word_1_273' title='bbox 446 4363 482 4416; x_wconf 83' lang='lat' dir='ltr'>od</span> <span class='ocrx_word' id='word_1_274' title='bbox 501 4362 556 4416; x_wconf 86' lang='lat' dir='ltr'>Cic.</span> <span class='ocrx_word' id='word_1_275' title='bbox 575 4362 636 4416; x_wconf 86' lang='lat' dir='ltr'>Fin.</span> <span class='ocrx_word' id='word_1_276' title='bbox 655 4381 680 4433; x_wconf 88' lang='lat' dir='ltr'>p.</span> <span class='ocrx_word' id='word_1_277' title='bbox 699 4365 740 4417; x_wconf 82' lang='lat'>72.</span> 
     </span>
    </p>
   </div>
   <div class='ocr_carea' id='block_1_5' title="bbox 0 0 1502 5108">
    <p class='ocr_par' dir='ltr' id='par_1_5' title="bbox 0 0 1502 5108">
     <span class='ocr_line' id='line_1_36' title="bbox 0 0 1502 5108; baseline 0 2"><span class='ocrx_word' id='word_1_278' title='bbox 0 0 1502 5108; x_wconf 95' lang='lat' dir='ltr'> </span> 
     </span>
    </p>
   </div>
  </div>
 </body>
</html>
