<?xml version="1.0" encoding="UTF-8"?>
<!DOCTYPE html PUBLIC "-//W3C//DTD XHTML 1.0 Transitional//EN"
    "http://www.w3.org/TR/xhtml1/DTD/xhtml1-transitional.dtd">
<html xmlns="http://www.w3.org/1999/xhtml" xml:lang="en" lang="en">
 <head>
  <title>
</title>
<meta http-equiv="Content-Type" content="text/html;charset=utf-8" />
  <meta name='ocr-system' content='tesseract 3.04.00' />
  <meta name='ocr-capabilities' content='ocr_page ocr_carea ocr_par ocr_line ocrx_word'/>
</head>
<body>
  <div class='ocr_page' id='page_1' title='image "./emendationesliv00madvgoog_0339.png"; bbox 0 0 2994 5108; ppageno 0'>
   <div class='ocr_carea' id='block_1_1' title="bbox 187 513 797 582">
    <p class='ocr_par' dir='ltr' id='par_1_1' title="bbox 187 513 797 582">
     <span class='ocr_line' id='line_1_1' title="bbox 187 513 797 582; baseline 0 -5"><span class='ocrx_word' id='word_1_1' title='bbox 187 513 249 577; x_wconf 69' lang='lat' dir='ltr'>laih.</span> <span class='ocrx_word' id='word_1_2' title='bbox 265 525 366 582; x_wconf 81' lang='lat' dir='ltr'>XXIV.</span> <span class='ocrx_word' id='word_1_3' title='bbox 735 518 797 578; x_wconf 83' lang='lat'>330</span> 
     </span>
    </p>
   </div>
   <div class='ocr_carea' id='block_1_2' title="bbox 182 700 1345 1003">
    <p class='ocr_par' dir='ltr' id='par_1_2' title="bbox 182 700 1345 1003">
     <span class='ocr_line' id='line_1_2' title="bbox 191 700 1345 786; baseline 0.004 -22"><span class='ocrx_word' id='word_1_4' title='bbox 191 700 343 782; x_wconf 88' lang='lat' dir='ltr'>posito¹)</span> <span class='ocrx_word' id='word_1_5' title='bbox 369 700 569 774; x_wconf 84' lang='lat' dir='ltr'>¹aduerbium</span> <span class='ocrx_word' id='word_1_6' title='bbox 597 703 838 786; x_wconf 83' lang='lat' dir='ltr'>praepositiove·</span> <span class='ocrx_word' id='word_1_7' title='bbox 862 720 937 767; x_wconf 91' lang='lat' dir='ltr'>cum</span> <span class='ocrx_word' id='word_1_8' title='bbox 965 724 1044 767; x_wconf 88' lang='lat' dir='ltr'>casu</span> <span class='ocrx_word' id='word_1_9' title='bbox 1073 709 1132 768; x_wconf 91' lang='lat' dir='ltr'>aut</span> <span class='ocrx_word' id='word_1_10' title='bbox 1160 723 1258 769; x_wconf 89' lang='lat' dir='ltr'>casus</span> <span class='ocrx_word' id='word_1_11' title='bbox 1286 726 1345 769; x_wconf 93' lang='lat' dir='ltr'>no·</span> 
     </span>
     <span class='ocr_line' id='line_1_3' title="bbox 189 807 1343 896; baseline 0.004 -25"><span class='ocrx_word' id='word_1_12' title='bbox 189 807 303 888; x_wconf 90' lang='lat' dir='ltr'>minis,</span> <span class='ocrx_word' id='word_1_13' title='bbox 336 830 401 892; x_wconf 92' lang='lat' dir='ltr'>quo</span> <span class='ocrx_word' id='word_1_14' title='bbox 436 809 634 875; x_wconf 82' lang='lat' dir='ltr'>adiectirum</span> <span class='ocrx_word' id='word_1_15' title='bbox 662 810 912 894; x_wconf 80' lang='lat' dir='ltr'>participiumve</span> <span class='ocrx_word' id='word_1_16' title='bbox 942 809 1111 889; x_wconf 86' lang='lat' dir='ltr'>delinitur,</span> <span class='ocrx_word' id='word_1_17' title='bbox 1144 812 1343 896; x_wconf 89' lang='lat' dir='ltr'>interposito</span> 
     </span>
     <span class='ocr_line' id='line_1_4' title="bbox 182 916 1344 1003; baseline 0.003 -21"><span class='ocrx_word' id='word_1_18' title='bbox 182 916 415 997; x_wconf 83' lang='lat' dir='ltr'>substantivo,</span> <span class='ocrx_word' id='word_1_19' title='bbox 443 918 486 982; x_wconf 91' lang='lat' dir='ltr'>ad</span> <span class='ocrx_word' id='word_1_20' title='bbox 509 917 597 1001; x_wconf 89' lang='lat' dir='ltr'>quod</span> <span class='ocrx_word' id='word_1_21' title='bbox 620 918 815 984; x_wconf 82' lang='lat' dir='ltr'>adiectivum</span> <span class='ocrx_word' id='word_1_22' title='bbox 837 920 995 1003; x_wconf 79' lang='lat' dir='ltr'>pertinet,</span> <span class='ocrx_word' id='word_1_23' title='bbox 1025 925 1197 1003; x_wconf 77' lang='lat' dir='ltr'>separetur</span> <span class='ocrx_word' id='word_1_24' title='bbox 1219 938 1344 1003; x_wconf 88' lang='lat' dir='ltr'>proque</span> 
     </span>
    </p>
   </div>
   <div class='ocr_carea' id='block_1_3' title="bbox 150 1025 1352 3811">
    <p class='ocr_par' dir='ltr' id='par_1_3' title="bbox 150 1025 1352 3811">
     <span class='ocr_line' id='line_1_5' title="bbox 188 1025 1346 1109; baseline 0.003 -20"><span class='ocrx_word' id='word_1_25' title='bbox 188 1047 237 1105; x_wconf 91' lang='lat' dir='ltr'>eo,</span> <span class='ocrx_word' id='word_1_26' title='bbox 261 1025 350 1108; x_wconf 90' lang='lat' dir='ltr'>quod</span> <span class='ocrx_word' id='word_1_27' title='bbox 368 1034 419 1091; x_wconf 90' lang='lat' dir='ltr'>est</span> <span class='ocrx_word' id='word_1_28' title='bbox 442 1026 601 1091; x_wconf 88' lang='lat' dir='ltr'>moenia</span> <span class='ocrx_word' id='word_1_29' title='bbox 622 1026 707 1092; x_wconf 90' lang='lat' dir='ltr'>late</span> <span class='ocrx_word' id='word_1_30' title='bbox 731 1026 908 1092; x_wconf 85' lang='lat' dir='ltr'>disiecta</span> <span class='ocrx_word' id='word_1_31' title='bbox 925 1026 1073 1109; x_wconf 87' lang='lat' dir='ltr'>(m.d.l.)</span> <span class='ocrx_word' id='word_1_32' title='bbox 1091 1034 1149 1093; x_wconf 88' lang='lat' dir='ltr'>aut</span> <span class='ocrx_word' id='word_1_33' title='bbox 1167 1027 1346 1093; x_wconf 87' lang='lat' dir='ltr'>disiecta</span> 
     </span>
     <span class='ocr_line' id='line_1_6' title="bbox 188 1131 1345 1216; baseline 0.002 -18"><span class='ocrx_word' id='word_1_34' title='bbox 188 1135 275 1200; x_wconf 91' lang='lat' dir='ltr'>late</span> <span class='ocrx_word' id='word_1_35' title='bbox 300 1135 335 1216; x_wconf 90' lang='lat' dir='ltr'>(l.</span> <span class='ocrx_word' id='word_1_36' title='bbox 360 1131 405 1213; x_wconf 88' lang='lat' dir='ltr'>d.)</span> <span class='ocrx_word' id='word_1_37' title='bbox 429 1136 600 1213; x_wconf 88' lang='lat' dir='ltr'>moenia,</span> <span class='ocrx_word' id='word_1_38' title='bbox 636 1135 766 1200; x_wconf 89' lang='lat' dir='ltr'>dicatur</span> <span class='ocrx_word' id='word_1_39' title='bbox 794 1134 878 1199; x_wconf 89' lang='lat' dir='ltr'>late</span> <span class='ocrx_word' id='word_1_40' title='bbox 906 1137 1066 1200; x_wconf 89' lang='lat' dir='ltr'>moenia</span> <span class='ocrx_word' id='word_1_41' title='bbox 1088 1136 1265 1201; x_wconf 86' lang='lat' dir='ltr'>disiecta</span> <span class='ocrx_word' id='word_1_42' title='bbox 1287 1144 1345 1200; x_wconf 90' lang='lat' dir='ltr'>aut</span> 
     </span>
     <span class='ocr_line' id='line_1_7' title="bbox 193 1241 1344 1324; baseline 0.003 -18"><span class='ocrx_word' id='word_1_43' title='bbox 193 1244 302 1307; x_wconf 87' lang='lat' dir='ltr'>rarius</span> <span class='ocrx_word' id='word_1_44' title='bbox 349 1241 395 1323; x_wconf 91' lang='lat' dir='ltr'>(in</span> <span class='ocrx_word' id='word_1_45' title='bbox 434 1243 590 1309; x_wconf 86' lang='lat' dir='ltr'>adverbio</span> <span class='ocrx_word' id='word_1_46' title='bbox 635 1244 688 1307; x_wconf 84' lang='lat' dir='ltr'>vix</span> <span class='ocrx_word' id='word_1_47' title='bbox 721 1244 880 1324; x_wconf 86' lang='lat' dir='ltr'>unquam)</span> <span class='ocrx_word' id='word_1_48' title='bbox 921 1244 1154 1309; x_wconf 91' lang='lat' dir='ltr'>constituta</span> <span class='ocrx_word' id='word_1_49' title='bbox 1193 1245 1344 1310; x_wconf 87' lang='lat' dir='ltr'>civitas</span> 
     </span>
     <span class='ocr_line' id='line_1_8' title="bbox 191 1350 1344 1435; baseline 0.003 -22"><span class='ocrx_word' id='word_1_50' title='bbox 191 1350 374 1434; x_wconf 86' lang='lat' dir='ltr'>legibus,</span> <span class='ocrx_word' id='word_1_51' title='bbox 404 1371 469 1431; x_wconf 93' lang='lat' dir='ltr'>quo</span> <span class='ocrx_word' id='word_1_52' title='bbox 492 1350 539 1429; x_wconf 89' lang='lat' dir='ltr'>fit,</span> <span class='ocrx_word' id='word_1_53' title='bbox 570 1358 607 1415; x_wconf 92' lang='lat' dir='ltr'>ut</span> <span class='ocrx_word' id='word_1_54' title='bbox 629 1350 728 1433; x_wconf 88' lang='lat' dir='ltr'>paulo</span> <span class='ocrx_word' id='word_1_55' title='bbox 751 1352 873 1416; x_wconf 88' lang='lat' dir='ltr'>maiore</span> <span class='ocrx_word' id='word_1_56' title='bbox 897 1351 1040 1434; x_wconf 86' lang='lat' dir='ltr'>pondere</span> <span class='ocrx_word' id='word_1_57' title='bbox 1064 1373 1157 1417; x_wconf 88' lang='lat' dir='ltr'>voces</span> <span class='ocrx_word' id='word_1_58' title='bbox 1181 1358 1344 1435; x_wconf 76' lang='lat' dir='ltr'>separatae</span> 
     </span>
     <span class='ocr_line' id='line_1_9' title="bbox 193 1459 1343 1543; baseline 0.002 -21"><span class='ocrx_word' id='word_1_59' title='bbox 193 1460 427 1542; x_wconf 80' lang='lat' dir='ltr'>insignientur,</span> <span class='ocrx_word' id='word_1_60' title='bbox 462 1480 658 1543; x_wconf 89' lang='lat' dir='ltr'>quamquam</span> <span class='ocrx_word' id='word_1_61' title='bbox 693 1480 840 1542; x_wconf 81' lang='lat' dir='ltr'>persaepe</span> <span class='ocrx_word' id='word_1_62' title='bbox 873 1460 905 1523; x_wconf 86' lang='lat' dir='ltr'>id</span> <span class='ocrx_word' id='word_1_63' title='bbox 935 1459 1064 1542; x_wconf 88' lang='lat' dir='ltr'>pondus</span> <span class='ocrx_word' id='word_1_64' title='bbox 1090 1460 1143 1523; x_wconf 86' lang='lat' dir='ltr'>vix</span> <span class='ocrx_word' id='word_1_65' title='bbox 1172 1469 1343 1543; x_wconf 82' lang='lat' dir='ltr'>appareat.</span> 
     </span>
     <span class='ocr_line' id='line_1_10' title="bbox 190 1565 1345 1651; baseline 0.001 -20"><span class='ocrx_word' id='word_1_66' title='bbox 190 1565 331 1648; x_wconf 75' lang='lat' dir='ltr'>(Eadem</span> <span class='ocrx_word' id='word_1_67' title='bbox 349 1567 462 1646; x_wconf 83' lang='lat' dir='ltr'>forma,</span> <span class='ocrx_word' id='word_1_68' title='bbox 481 1567 538 1633; x_wconf 90' lang='lat' dir='ltr'>sed</span> <span class='ocrx_word' id='word_1_69' title='bbox 556 1589 617 1631; x_wconf 93' lang='lat' dir='ltr'>usu</span> <span class='ocrx_word' id='word_1_70' title='bbox 636 1568 858 1632; x_wconf 89' lang='lat' dir='ltr'>communiore</span> <span class='ocrx_word' id='word_1_71' title='bbox 871 1568 958 1651; x_wconf 91' lang='lat' dir='ltr'>apud</span> <span class='ocrx_word' id='word_1_72' title='bbox 971 1569 1103 1633; x_wconf 74' lang='lat' dir='ltr'>Graecos</span> <span class='ocrx_word' id='word_1_73' title='bbox 1116 1589 1176 1651; x_wconf 93' lang='lat' dir='ltr'>pro</span> <span class='ocrx_word' id='word_1_74' title='bbox 1189 1589 1237 1646; x_wconf 93' lang='lat' dir='ltr'>eo,</span> <span class='ocrx_word' id='word_1_75' title='bbox 1257 1568 1345 1649; x_wconf 91' lang='lat' dir='ltr'>quod</span> 
     </span>
     <span class='ocr_line' id='line_1_11' title="bbox 192 1675 1345 1756; baseline -0.003 -16"><span class='ocrx_word' id='word_1_76' title='bbox 192 1684 257 1742; x_wconf 75' lang='lat' dir='ltr'>est:</span> <span class='ocrx_word' id='word_1_77' title='bbox 292 1682 321 1739; x_wconf 80' lang='lat' dir='ltr'>ni</span> <span class='ocrx_word' id='word_1_78' title='bbox 347 1682 394 1738; x_wconf 73' lang='grc' dir='ltr'>ὑπ’</span> <span class='ocrx_word' id='word_1_79' title='bbox 418 1680 552 1752; x_wconf 77' lang='grc' dir='ltr'>Αἰσχίνου</span> <span class='ocrx_word' id='word_1_80' title='bbox 579 1679 715 1756; x_wconf 72' lang='grc' dir='ltr'><strong><em>εἰρημέναι</em></strong></span> <span class='ocrx_word' id='word_1_81' title='bbox 736 1683 918 1756; x_wconf 76' lang='grc' dir='ltr'><strong><em>βλασφημίαι,</em></strong></span> <span class='ocrx_word' id='word_1_82' title='bbox 953 1675 1017 1739; x_wconf 80' lang='lat' dir='ltr'>dici</span> <span class='ocrx_word' id='word_1_83' title='bbox 1046 1677 1145 1741; x_wconf 72' lang='lat' dir='ltr'>etiam</span> <span class='ocrx_word' id='word_1_84' title='bbox 1174 1681 1203 1737; x_wconf 81' lang='grc' dir='ltr'>αἱ</span> <span class='ocrx_word' id='word_1_85' title='bbox 1225 1680 1272 1738; x_wconf 76' lang='lat' dir='ltr'>r‘m’</span> <span class='ocrx_word' id='word_1_86' title='bbox 1296 1680 1345 1738; x_wconf 85' lang='lat' dir='ltr'>Ai-</span> 
     </span>
     <span class='ocr_line' id='line_1_12' title="bbox 192 1788 1348 1866; baseline -0.001 -20"><span class='ocrx_word' id='word_1_87' title='bbox 192 1793 290 1862; x_wconf 72' lang='grc' dir='ltr'><strong><em>σχίνου</em></strong></span> <span class='ocrx_word' id='word_1_88' title='bbox 322 1793 491 1866; x_wconf 78' lang='grc' dir='ltr'><strong><em>βλασφημίαι</em></strong></span> <span class='ocrx_word' id='word_1_89' title='bbox 524 1788 659 1866; x_wconf 72' lang='grc' dir='ltr'><strong><em>εἰρημέναι</em></strong></span> <span class='ocrx_word' id='word_1_90' title='bbox 693 1792 751 1849; x_wconf 78' lang='lat' dir='ltr'>aut</span> <span class='ocrx_word' id='word_1_91' title='bbox 784 1790 813 1845; x_wconf 88' lang='grc' dir='ltr'>αί</span> <span class='ocrx_word' id='word_1_92' title='bbox 845 1789 978 1865; x_wconf 77' lang='grc' dir='ltr'><strong><em>εἰρημέναι</em></strong></span> <span class='ocrx_word' id='word_1_93' title='bbox 1013 1792 1183 1864; x_wconf 75' lang='grc' dir='ltr'><strong><em>βλασφημίαι</em></strong></span> <span class='ocrx_word' id='word_1_94' title='bbox 1214 1789 1262 1846; x_wconf 73' lang='grc' dir='ltr'>ὑπ’</span> <span class='ocrx_word' id='word_1_95' title='bbox 1298 1788 1348 1846; x_wconf 82' lang='lat' dir='ltr'>Ai-</span> 
     </span>
     <span class='ocr_line' id='line_1_13' title="bbox 192 1890 1349 1984; baseline -0.001 -28"><span class='ocrx_word' id='word_1_96' title='bbox 192 1903 299 1971; x_wconf 73' lang='grc' dir='ltr'>σχίνου,</span> <span class='ocrx_word' id='word_1_97' title='bbox 321 1901 434 1959; x_wconf 89' lang='lat' dir='ltr'>notum</span> <span class='ocrx_word' id='word_1_98' title='bbox 458 1900 524 1973; x_wconf 80' lang='lat' dir='ltr'>est3</span> <span class='ocrx_word' id='word_1_99' title='bbox 547 1915 575 1957; x_wconf 87' lang='lat' dir='ltr'>v.</span> <span class='ocrx_word' id='word_1_100' title='bbox 596 1891 686 1976; x_wconf 82' lang='lat' dir='ltr'>Synt.</span> <span class='ocrx_word' id='word_1_101' title='bbox 704 1898 818 1984; x_wconf 88' lang='lat' dir='ltr'>nostra</span> <span class='ocrx_word' id='word_1_102' title='bbox 841 1890 931 1974; x_wconf 73' lang='lat' dir='ltr'>Gr.§</span> <span class='ocrx_word' id='word_1_103' title='bbox 955 1897 974 1956; x_wconf 80' lang='lat' dir='ltr'>a</span> <span class='ocrx_word' id='word_1_104' title='bbox 997 1913 1018 1956; x_wconf 93' lang='lat' dir='ltr'>a</span> <span class='ocrx_word' id='word_1_105' title='bbox 1040 1914 1070 1956; x_wconf 93' lang='lat' dir='ltr'>n.</span> <span class='ocrx_word' id='word_1_106' title='bbox 1092 1892 1133 1974; x_wconf 91' lang='grc'>1.)</span> <span class='ocrx_word' id='word_1_107' title='bbox 1174 1891 1236 1956; x_wconf 87' lang='lat' dir='ltr'>Hic</span> <span class='ocrx_word' id='word_1_108' title='bbox 1259 1892 1349 1976; x_wconf 91' lang='lat' dir='ltr'>apud</span> 
     </span>
     <span class='ocr_line' id='line_1_14' title="bbox 197 1998 1348 2084; baseline -0.003 -18"><span class='ocrx_word' id='word_1_109' title='bbox 197 2002 334 2067; x_wconf 88' lang='lat' dir='ltr'>Latinos</span> <span class='ocrx_word' id='word_1_110' title='bbox 370 2001 541 2066; x_wconf 88' lang='lat' dir='ltr'>verborum</span> <span class='ocrx_word' id='word_1_111' title='bbox 577 2001 657 2066; x_wconf 90' lang='lat' dir='ltr'>ordo</span> <span class='ocrx_word' id='word_1_112' title='bbox 693 2000 848 2084; x_wconf 89' lang='lat' dir='ltr'>quoniam</span> <span class='ocrx_word' id='word_1_113' title='bbox 881 2021 947 2065; x_wconf 91' lang='lat' dir='ltr'>non</span> <span class='ocrx_word' id='word_1_114' title='bbox 975 1998 1044 2065; x_wconf 80' lang='lat' dir='ltr'>fere</span> <span class='ocrx_word' id='word_1_115' title='bbox 1072 1999 1348 2065; x_wconf 84' lang='lat' dir='ltr'>animadvertitur</span> 
     </span>
     <span class='ocr_line' id='line_1_15' title="bbox 192 2093 1350 2192; baseline -0.002 -17"><span class='ocrx_word' id='word_1_116' title='bbox 192 2111 411 2176; x_wconf 89' lang='lat' dir='ltr'>adnotaturve</span> <span class='ocrx_word' id='word_1_117' title='bbox 440 2116 473 2174; x_wconf 94' lang='lat' dir='ltr'>et</span> <span class='ocrx_word' id='word_1_118' title='bbox 499 2108 664 2174; x_wconf 91' lang='lat' dir='ltr'>interdum</span> <span class='ocrx_word' id='word_1_119' title='bbox 693 2129 767 2173; x_wconf 88' lang='lat' dir='ltr'>cum</span> <span class='ocrx_word' id='word_1_120' title='bbox 793 2107 879 2173; x_wconf 87' lang='lat' dir='ltr'>fictis</span> <span class='ocrx_word' id='word_1_121' title='bbox 909 2109 993 2175; x_wconf 89' lang='lat' dir='ltr'>alius</span> <span class='ocrx_word' id='word_1_122' title='bbox 1022 2109 1151 2192; x_wconf 80' lang='lat' dir='ltr'>generis</span> <span class='ocrx_word' id='word_1_123' title='bbox 1179 2093 1350 2174; x_wconf 59' lang='lat' dir='ltr'>traiectioss</span> 
     </span>
     <span class='ocr_line' id='line_1_16' title="bbox 191 2216 1351 2301; baseline -0.002 -17"><span class='ocrx_word' id='word_1_124' title='bbox 191 2219 292 2285; x_wconf 89' lang='lat' dir='ltr'>nibus</span> <span class='ocrx_word' id='word_1_125' title='bbox 315 2217 540 2297; x_wconf 86' lang='lat' dir='ltr'>confunditur,</span> <span class='ocrx_word' id='word_1_126' title='bbox 575 2219 717 2300; x_wconf 90' lang='lat' dir='ltr'>primum</span> <span class='ocrx_word' id='word_1_127' title='bbox 745 2216 895 2299; x_wconf 87' lang='lat' dir='ltr'>exempla</span> <span class='ocrx_word' id='word_1_128' title='bbox 916 2217 1054 2283; x_wconf 85' lang='lat' dir='ltr'>Liviana</span> <span class='ocrx_word' id='word_1_129' title='bbox 1075 2217 1130 2282; x_wconf 92' lang='lat' dir='ltr'>hic</span> <span class='ocrx_word' id='word_1_130' title='bbox 1152 2237 1351 2301; x_wconf 88' lang='lat' dir='ltr'>componere</span> 
     </span>
     <span class='ocr_line' id='line_1_17' title="bbox 194 2323 1350 2410; baseline -0.003 -19"><span class='ocrx_word' id='word_1_131' title='bbox 194 2327 312 2410; x_wconf 88' lang='lat' dir='ltr'>placet.</span> <span class='ocrx_word' id='word_1_132' title='bbox 368 2326 549 2408; x_wconf 84' lang='lat' dir='ltr'>Separatur</span> <span class='ocrx_word' id='word_1_133' title='bbox 581 2326 683 2407; x_wconf 83' lang='lat' dir='ltr'>igitur</span> <span class='ocrx_word' id='word_1_134' title='bbox 710 2324 767 2391; x_wconf 91' lang='lat' dir='ltr'>illo</span> <span class='ocrx_word' id='word_1_135' title='bbox 798 2324 895 2389; x_wconf 91' lang='lat' dir='ltr'>modo</span> <span class='ocrx_word' id='word_1_136' title='bbox 926 2332 986 2390; x_wconf 88' lang='lat' dir='ltr'>aut</span> <span class='ocrx_word' id='word_1_137' title='bbox 1012 2323 1219 2404; x_wconf 80' lang='lat' dir='ltr'>adverbium,</span> <span class='ocrx_word' id='word_1_138' title='bbox 1253 2330 1292 2389; x_wconf 93' lang='lat' dir='ltr'>ut</span> <span class='ocrx_word' id='word_1_139' title='bbox 1324 2324 1350 2403; x_wconf 94' lang='grc' dir='ltr'>Ι,</span> 
     </span>
     <span class='ocr_line' id='line_1_18' title="bbox 196 2431 1350 2514; baseline -0.001 -16"><span class='ocrx_word' id='word_1_140' title='bbox 196 2439 252 2513; x_wconf 90' lang='grc'>53,</span> <span class='ocrx_word' id='word_1_141' title='bbox 283 2439 303 2497; x_wconf 91' lang='lat'>4</span> <span class='ocrx_word' id='word_1_142' title='bbox 325 2433 498 2512; x_wconf 88' lang='lat' dir='ltr'>(minime</span> <span class='ocrx_word' id='word_1_143' title='bbox 521 2441 610 2498; x_wconf 85' lang='lat' dir='ltr'>arte</span> <span class='ocrx_word' id='word_1_144' title='bbox 632 2432 839 2514; x_wconf 86' lang='lat' dir='ltr'>Romana),</span> <span class='ocrx_word' id='word_1_145' title='bbox 868 2431 909 2512; x_wconf 92' lang='lat' dir='ltr'>II,</span> <span class='ocrx_word' id='word_1_146' title='bbox 939 2437 990 2513; x_wconf 91' lang='grc'>20,</span> <span class='ocrx_word' id='word_1_147' title='bbox 1014 2438 1033 2498; x_wconf 88' lang='grc'>8</span> <span class='ocrx_word' id='word_1_148' title='bbox 1058 2431 1187 2513; x_wconf 90' lang='lat' dir='ltr'>(tanto</span> <span class='ocrx_word' id='word_1_149' title='bbox 1210 2432 1247 2497; x_wconf 83' lang='lat' dir='ltr'>vi</span> <span class='ocrx_word' id='word_1_150' title='bbox 1269 2452 1350 2497; x_wconf 89' lang='lat' dir='ltr'>ma·</span> 
     </span>
     <span class='ocr_line' id='line_1_19' title="bbox 195 2539 1352 2624; baseline -0.002 -18"><span class='ocrx_word' id='word_1_151' title='bbox 195 2543 295 2621; x_wconf 92' lang='lat' dir='ltr'>iore,</span> <span class='ocrx_word' id='word_1_152' title='bbox 324 2539 381 2607; x_wconf 85' lang='lat' dir='ltr'>cfr.</span> <span class='ocrx_word' id='word_1_153' title='bbox 405 2540 503 2620; x_wconf 86' lang='lat' dir='ltr'>XXV,</span> <span class='ocrx_word' id='word_1_154' title='bbox 532 2546 583 2621; x_wconf 89' lang='grc'>26,</span> <span class='ocrx_word' id='word_1_155' title='bbox 615 2542 678 2621; x_wconf 85' lang='grc'>12),</span> <span class='ocrx_word' id='word_1_156' title='bbox 709 2541 761 2619; x_wconf 88' lang='lat' dir='ltr'>VI,</span> <span class='ocrx_word' id='word_1_157' title='bbox 791 2547 820 2620; x_wconf 89' lang='grc'>9,</span> <span class='ocrx_word' id='word_1_158' title='bbox 845 2546 864 2605; x_wconf 87' lang='grc'><strong>7</strong></span> <span class='ocrx_word' id='word_1_159' title='bbox 888 2540 1003 2624; x_wconf 80' lang='lat' dir='ltr'>(agre</span> <span class='ocrx_word' id='word_1_160' title='bbox 1026 2541 1251 2624; x_wconf 78' lang='lat' dir='ltr'>oppidanos</span> <span class='ocrx_word' id='word_1_161' title='bbox 1273 2540 1352 2605; x_wconf 83' lang='lat' dir='ltr'>rim</span> 
     </span>
     <span class='ocr_line' id='line_1_20' title="bbox 150 2647 1350 2733; baseline -0.001 -18"><span class='ocrx_word' id='word_1_162' title='bbox 150 2674 152 2679; x_wconf 94' lang='grc'><strong><em>·</em></strong></span> <span class='ocrx_word' id='word_1_163' title='bbox 196 2687 238 2695; x_wconf 93' lang='grc'><strong>-</strong></span> <span class='ocrx_word' id='word_1_164' title='bbox 261 2650 472 2729; x_wconf 86' lang='lat' dir='ltr'>arcentes),</span> <span class='ocrx_word' id='word_1_165' title='bbox 501 2648 571 2729; x_wconf 91' lang='lat' dir='ltr'>VII,</span> <span class='ocrx_word' id='word_1_166' title='bbox 600 2654 629 2728; x_wconf 86' lang='grc'>8,</span> <span class='ocrx_word' id='word_1_167' title='bbox 659 2648 795 2730; x_wconf 89' lang='lat' dir='ltr'>4(tam</span> <span class='ocrx_word' id='word_1_168' title='bbox 816 2650 923 2716; x_wconf 87' lang='lat' dir='ltr'>vires</span> <span class='ocrx_word' id='word_1_169' title='bbox 947 2649 1089 2733; x_wconf 89' lang='lat' dir='ltr'>pares),</span> <span class='ocrx_word' id='word_1_170' title='bbox 1117 2647 1266 2729; x_wconf 87' lang='lat' dir='ltr'>XXVIII,</span> <span class='ocrx_word' id='word_1_171' title='bbox 1296 2653 1350 2730; x_wconf 89' lang='grc'>23,</span> 
     </span>
     <span class='ocr_line' id='line_1_21' title="bbox 197 2757 1351 2841; baseline -0.001 -17"><span class='ocrx_word' id='word_1_172' title='bbox 197 2766 231 2839; x_wconf 96' lang='grc'>3,</span> <span class='ocrx_word' id='word_1_173' title='bbox 260 2758 446 2836; x_wconf 90' lang='lat' dir='ltr'>XXXVIII,</span> <span class='ocrx_word' id='word_1_174' title='bbox 476 2762 530 2836; x_wconf 89' lang='grc'>20,</span> <span class='ocrx_word' id='word_1_175' title='bbox 560 2762 588 2836; x_wconf 97' lang='grc'>6,</span> <span class='ocrx_word' id='word_1_176' title='bbox 616 2757 711 2838; x_wconf 90' lang='lat' dir='ltr'>XLV,</span> <span class='ocrx_word' id='word_1_177' title='bbox 736 2762 785 2834; x_wconf 90' lang='grc'>37,</span> <span class='ocrx_word' id='word_1_178' title='bbox 809 2762 838 2836; x_wconf 95' lang='grc'>5,</span> <span class='ocrx_word' id='word_1_179' title='bbox 867 2766 925 2823; x_wconf 89' lang='lat' dir='ltr'>aut</span> <span class='ocrx_word' id='word_1_180' title='bbox 948 2758 1139 2841; x_wconf 86' lang='lat' dir='ltr'>praepositio</span> <span class='ocrx_word' id='word_1_181' title='bbox 1162 2777 1236 2821; x_wconf 92' lang='lat' dir='ltr'>cum</span> <span class='ocrx_word' id='word_1_182' title='bbox 1260 2777 1351 2837; x_wconf 88' lang='lat' dir='ltr'>casu,</span> 
     </span>
     <span class='ocr_line' id='line_1_22' title="bbox 194 2865 1351 2951; baseline -0.002 -19"><span class='ocrx_word' id='word_1_183' title='bbox 194 2870 284 2934; x_wconf 85' lang='lat' dir='ltr'>velut</span> <span class='ocrx_word' id='word_1_184' title='bbox 307 2869 330 2945; x_wconf 91' lang='lat' dir='ltr'>I,</span> <span class='ocrx_word' id='word_1_185' title='bbox 356 2872 405 2947; x_wconf 90' lang='grc'>39,</span> <span class='ocrx_word' id='word_1_186' title='bbox 431 2871 448 2930; x_wconf 82' lang='lat'>5</span> <span class='ocrx_word' id='word_1_187' title='bbox 468 2865 735 2951; x_wconf 88' lang='lat' dir='ltr'>(quacumque</span> <span class='ocrx_word' id='word_1_188' title='bbox 758 2866 803 2930; x_wconf 88' lang='lat' dir='ltr'>de</span> <span class='ocrx_word' id='word_1_189' title='bbox 827 2887 950 2930; x_wconf 87' lang='lat' dir='ltr'>causa</span> <span class='ocrx_word' id='word_1_190' title='bbox 971 2872 1113 2930; x_wconf 88' lang='lat' dir='ltr'>tantus</span> <span class='ocrx_word' id='word_1_191' title='bbox 1137 2865 1201 2929; x_wconf 93' lang='lat' dir='ltr'>illi</span> <span class='ocrx_word' id='word_1_192' title='bbox 1224 2865 1351 2930; x_wconf 90' lang='lat' dir='ltr'>honos</span> 
     </span>
     <span class='ocr_line' id='line_1_23' title="bbox 197 2973 1352 3058; baseline -0.003 -16"><span class='ocrx_word' id='word_1_193' title='bbox 197 2977 395 3058; x_wconf 88' lang='lat' dir='ltr'>habitus),</span> <span class='ocrx_word' id='word_1_194' title='bbox 429 2975 475 3051; x_wconf 93' lang='lat' dir='ltr'>II,</span> <span class='ocrx_word' id='word_1_195' title='bbox 504 2979 562 3053; x_wconf 88' lang='grc'>41,</span> <span class='ocrx_word' id='word_1_196' title='bbox 591 2980 610 3038; x_wconf 83' lang='lat'>8</span> <span class='ocrx_word' id='word_1_197' title='bbox 634 2974 720 3058; x_wconf 84' lang='lat' dir='ltr'>(pro</span> <span class='ocrx_word' id='word_1_198' title='bbox 745 2973 883 3038; x_wconf 86' lang='lat' dir='ltr'>Siculo</span> <span class='ocrx_word' id='word_1_199' title='bbox 912 2973 1114 3038; x_wconf 82' lang='lat' dir='ltr'>frumento</span> <span class='ocrx_word' id='word_1_200' title='bbox 1138 2974 1352 3056; x_wconf 90' lang='lat' dir='ltr'>pecuniam</span> 
     </span>
     <span class='ocr_line' id='line_1_24' title="bbox 195 3069 1351 3168; baseline -0.004 -17"><span class='ocrx_word' id='word_1_201' title='bbox 195 3069 433 3168; x_wconf 72' lang='lat' dir='ltr'>acceptam),</span> <span class='ocrx_word' id='word_1_202' title='bbox 465 3083 523 3160; x_wconf 93' lang='lat' dir='ltr'>VI,</span> <span class='ocrx_word' id='word_1_203' title='bbox 553 3088 603 3161; x_wconf 88' lang='grc'>23,</span> <span class='ocrx_word' id='word_1_204' title='bbox 634 3088 653 3145; x_wconf 92' lang='grc'>4</span> <span class='ocrx_word' id='word_1_205' title='bbox 678 3082 762 3166; x_wconf 80' lang='lat' dir='ltr'>(per</span> <span class='ocrx_word' id='word_1_206' title='bbox 785 3083 926 3146; x_wconf 92' lang='lat' dir='ltr'>seiam</span> <span class='ocrx_word' id='word_1_207' title='bbox 949 3082 1103 3146; x_wconf 89' lang='lat' dir='ltr'>milites</span> <span class='ocrx_word' id='word_1_208' title='bbox 1126 3082 1351 3161; x_wconf 87' lang='lat' dir='ltr'>incitatos),</span> 
     </span>
     <span class='ocr_line' id='line_1_25' title="bbox 196 3188 1351 3272; baseline -0.003 -15"><span class='ocrx_word' id='word_1_209' title='bbox 196 3193 257 3272; x_wconf 91' lang='lat' dir='ltr'>IX,</span> <span class='ocrx_word' id='word_1_210' title='bbox 286 3200 336 3272; x_wconf 83' lang='lat'>45,</span> <span class='ocrx_word' id='word_1_211' title='bbox 369 3197 417 3270; x_wconf 94' lang='lat' dir='ltr'>ll,</span> <span class='ocrx_word' id='word_1_212' title='bbox 447 3190 546 3268; x_wconf 86' lang='lat' dir='ltr'>XXV,</span> <span class='ocrx_word' id='word_1_213' title='bbox 579 3195 626 3267; x_wconf 88' lang='grc'>17,</span> <span class='ocrx_word' id='word_1_214' title='bbox 656 3196 685 3265; x_wconf 88' lang='grc'>6,</span> <span class='ocrx_word' id='word_1_215' title='bbox 714 3190 829 3269; x_wconf 94' lang='lat' dir='ltr'>XXVI,</span> <span class='ocrx_word' id='word_1_216' title='bbox 858 3195 909 3266; x_wconf 87' lang='grc'>24,</span> <span class='ocrx_word' id='word_1_217' title='bbox 937 3194 956 3256; x_wconf 91' lang='grc'>2</span> <span class='ocrx_word' id='word_1_218' title='bbox 981 3188 1034 3270; x_wconf 90' lang='lat' dir='ltr'>(in</span> <span class='ocrx_word' id='word_1_219' title='bbox 1063 3189 1187 3253; x_wconf 87' lang='lat' dir='ltr'>Italia</span> <span class='ocrx_word' id='word_1_220' title='bbox 1215 3210 1351 3255; x_wconf 90' lang='lat' dir='ltr'>rerum</span> 
     </span>
     <span class='ocr_line' id='line_1_26' title="bbox 196 3297 1351 3381; baseline -0.004 -15"><span class='ocrx_word' id='word_1_221' title='bbox 196 3300 492 3381; x_wconf 89' lang='lat' dir='ltr'>secundarum),</span> <span class='ocrx_word' id='word_1_222' title='bbox 523 3299 675 3378; x_wconf 92' lang='lat' dir='ltr'>XXVIII,</span> <span class='ocrx_word' id='word_1_223' title='bbox 706 3303 741 3377; x_wconf 83' lang='lat'>5,</span> <span class='ocrx_word' id='word_1_224' title='bbox 773 3303 811 3362; x_wconf 92' lang='grc'>17</span> <span class='ocrx_word' id='word_1_225' title='bbox 842 3298 895 3379; x_wconf 90' lang='lat' dir='ltr'>(in</span> <span class='ocrx_word' id='word_1_226' title='bbox 924 3297 1188 3363; x_wconf 87' lang='lat' dir='ltr'>altitudinem</span> <span class='ocrx_word' id='word_1_227' title='bbox 1216 3299 1351 3381; x_wconf 81' lang='lat' dir='ltr'>ingen·</span> 
     </span>
     <span class='ocr_line' id='line_1_27' title="bbox 195 3404 1352 3488; baseline -0.003 -13"><span class='ocrx_word' id='word_1_228' title='bbox 195 3417 274 3475; x_wconf 90' lang='lat' dir='ltr'>tem</span> <span class='ocrx_word' id='word_1_229' title='bbox 303 3409 530 3473; x_wconf 89' lang='lat' dir='ltr'>cacuminis</span> <span class='ocrx_word' id='word_1_230' title='bbox 559 3408 690 3488; x_wconf 89' lang='lat' dir='ltr'>editi),</span> <span class='ocrx_word' id='word_1_231' title='bbox 725 3405 832 3484; x_wconf 91' lang='lat' dir='ltr'>XXX,</span> <span class='ocrx_word' id='word_1_232' title='bbox 868 3411 923 3485; x_wconf 91' lang='grc'>37,</span> <span class='ocrx_word' id='word_1_233' title='bbox 959 3404 1086 3488; x_wconf 85' lang='lat' dir='ltr'>6(per</span> <span class='ocrx_word' id='word_1_234' title='bbox 1108 3407 1268 3487; x_wconf 90' lang='lat' dir='ltr'>priores</span> <span class='ocrx_word' id='word_1_235' title='bbox 1291 3406 1352 3471; x_wconf 90' lang='lat' dir='ltr'>in-</span> 
     </span>
     <span class='ocr_line' id='line_1_28' title="bbox 196 3512 1351 3597; baseline -0.005 -15"><span class='ocrx_word' id='word_1_236' title='bbox 196 3518 337 3582; x_wconf 91' lang='lat' dir='ltr'>dutias</span> <span class='ocrx_word' id='word_1_237' title='bbox 366 3536 487 3580; x_wconf 84' lang='lat' dir='ltr'>naves</span> <span class='ocrx_word' id='word_1_238' title='bbox 518 3516 715 3580; x_wconf 83' lang='lat' dir='ltr'>onerariae</span> <span class='ocrx_word' id='word_1_239' title='bbox 739 3513 887 3597; x_wconf 75' lang='lat' dir='ltr'>capta),</span> <span class='ocrx_word' id='word_1_240' title='bbox 916 3513 1034 3592; x_wconf 91' lang='lat' dir='ltr'>XXXI,</span> <span class='ocrx_word' id='word_1_241' title='bbox 1066 3519 1113 3589; x_wconf 84' lang='lat'>13,</span> <span class='ocrx_word' id='word_1_242' title='bbox 1144 3518 1173 3589; x_wconf 95' lang='lat'>4,</span> <span class='ocrx_word' id='word_1_243' title='bbox 1202 3512 1351 3591; x_wconf 81' lang='lat' dir='ltr'>XXXIV,</span> 
     </span>
     <span class='ocr_line' id='line_1_29' title="bbox 199 3620 1352 3705; baseline -0.003 -15"><span class='ocrx_word' id='word_1_244' title='bbox 199 3630 254 3704; x_wconf 89' lang='grc'>29,</span> <span class='ocrx_word' id='word_1_245' title='bbox 296 3631 331 3688; x_wconf 93' lang='grc'>11</span> <span class='ocrx_word' id='word_1_246' title='bbox 377 3623 493 3703; x_wconf 83' lang='lat' dir='ltr'>(haud</span> <span class='ocrx_word' id='word_1_247' title='bbox 534 3624 675 3705; x_wconf 90' lang='lat' dir='ltr'>procul</span> <span class='ocrx_word' id='word_1_248' title='bbox 714 3623 912 3687; x_wconf 86' lang='lat' dir='ltr'>distantis</span> <span class='ocrx_word' id='word_1_249' title='bbox 952 3621 1099 3686; x_wconf 89' lang='lat' dir='ltr'>tumuli</span> <span class='ocrx_word' id='word_1_250' title='bbox 1138 3620 1185 3686; x_wconf 91' lang='lat' dir='ltr'>ab</span> <span class='ocrx_word' id='word_1_251' title='bbox 1218 3620 1352 3702; x_wconf 87' lang='lat' dir='ltr'>urbe),</span> 
     </span>
     <span class='ocr_line' id='line_1_30' title="bbox 198 3730 1351 3811; baseline -0.002 -14"><span class='ocrx_word' id='word_1_252' title='bbox 198 3732 344 3805; x_wconf 93' lang='lat' dir='ltr'>XXXVI,</span> <span class='ocrx_word' id='word_1_253' title='bbox 374 3736 424 3808; x_wconf 85' lang='grc'>27,</span> <span class='ocrx_word' id='word_1_254' title='bbox 454 3737 482 3810; x_wconf 87' lang='grc'>6,</span> <span class='ocrx_word' id='word_1_255' title='bbox 512 3731 691 3808; x_wconf 84' lang='lat' dir='ltr'>XXXVIII,</span> <span class='ocrx_word' id='word_1_256' title='bbox 724 3736 773 3809; x_wconf 84' lang='lat'>50,</span> <span class='ocrx_word' id='word_1_257' title='bbox 802 3736 820 3794; x_wconf 90' lang='lat'>4</span> <span class='ocrx_word' id='word_1_258' title='bbox 845 3730 987 3811; x_wconf 87' lang='lat' dir='ltr'>(maius</span> <span class='ocrx_word' id='word_1_259' title='bbox 1017 3737 1055 3794; x_wconf 86' lang='lat' dir='ltr'>et</span> <span class='ocrx_word' id='word_1_260' title='bbox 1083 3751 1167 3794; x_wconf 91' lang='lat' dir='ltr'>cum</span> <span class='ocrx_word' id='word_1_261' title='bbox 1195 3731 1351 3795; x_wconf 87' lang='lat' dir='ltr'>maiore</span> 
     </span>
    </p>
   </div>
   <div class='ocr_carea' id='block_1_4' title="bbox 199 3907 242 3919">
    <p class='ocr_par' dir='ltr' id='par_1_4' title="bbox 199 3907 242 3919">
     <span class='ocr_line' id='line_1_31' title="bbox 199 3907 242 3919; baseline 0 -6"><span class='ocrx_word' id='word_1_262' title='bbox 199 3907 242 3919; x_wconf 48' lang='lat' dir='ltr'>q-</span> 
     </span>
    </p>
   </div>
   <div class='ocr_carea' id='block_1_5' title="bbox 226 4002 1353 4415">
    <p class='ocr_par' dir='ltr' id='par_1_5' title="bbox 226 4002 1353 4415">
     <span class='ocr_line' id='line_1_32' title="bbox 226 4002 1353 4072; baseline -0.004 -13"><span class='ocrx_word' id='word_1_263' title='bbox 226 4008 249 4071; x_wconf 91' lang='lat'>¹)</span> <span class='ocrx_word' id='word_1_264' title='bbox 269 4005 345 4059; x_wconf 91' lang='lat' dir='ltr'>Nihil</span> <span class='ocrx_word' id='word_1_265' title='bbox 368 4005 441 4058; x_wconf 88' lang='lat' dir='ltr'>enim</span> <span class='ocrx_word' id='word_1_266' title='bbox 460 4005 496 4059; x_wconf 85' lang='lat' dir='ltr'>ad</span> <span class='ocrx_word' id='word_1_267' title='bbox 513 4003 593 4059; x_wconf 87' lang='lat' dir='ltr'>hanc</span> <span class='ocrx_word' id='word_1_268' title='bbox 604 4022 663 4058; x_wconf 91' lang='lat' dir='ltr'>rem</span> <span class='ocrx_word' id='word_1_269' title='bbox 684 4004 807 4072; x_wconf 85' lang='lat' dir='ltr'>pertinet</span> <span class='ocrx_word' id='word_1_270' title='bbox 824 4002 1005 4072; x_wconf 88' lang='lat' dir='ltr'>participium</span> <span class='ocrx_word' id='word_1_271' title='bbox 1024 4002 1059 4056; x_wconf 90' lang='lat' dir='ltr'>ad</span> <span class='ocrx_word' id='word_1_272' title='bbox 1078 4002 1193 4056; x_wconf 83' lang='lat' dir='ltr'>verbum</span> <span class='ocrx_word' id='word_1_273' title='bbox 1210 4007 1353 4071; x_wconf 83' lang='lat' dir='ltr'>spectans,</span> 
     </span>
     <span class='ocr_line' id='line_1_33' title="bbox 268 4086 1353 4159; baseline -0.003 -16"><span class='ocrx_word' id='word_1_274' title='bbox 268 4092 344 4145; x_wconf 88' lang='lat' dir='ltr'>velut</span> <span class='ocrx_word' id='word_1_275' title='bbox 367 4089 534 4144; x_wconf 85' lang='lat' dir='ltr'>audacter</span> <span class='ocrx_word' id='word_1_276' title='bbox 556 4106 667 4159; x_wconf 83' lang='lat' dir='ltr'>regem</span> <span class='ocrx_word' id='word_1_277' title='bbox 686 4093 894 4156; x_wconf 80' lang='lat' dir='ltr'>pugnantem</span> <span class='ocrx_word' id='word_1_278' title='bbox 912 4086 1009 4141; x_wconf 86' lang='lat' dir='ltr'>videt</span> <span class='ocrx_word' id='word_1_279' title='bbox 1026 4086 1097 4154; x_wconf 85' lang='lat' dir='ltr'>(iere</span> <span class='ocrx_word' id='word_1_280' title='bbox 1115 4104 1167 4155; x_wconf 89' lang='lat' dir='ltr'>pro</span> <span class='ocrx_word' id='word_1_281' title='bbox 1185 4088 1353 4156; x_wconf 78' lang='lat' dir='ltr'>pugnare)</span> 
     </span>
     <span class='ocr_line' id='line_1_34' title="bbox 267 4172 1352 4245; baseline -0.005 -14"><span class='ocrx_word' id='word_1_282' title='bbox 267 4193 356 4245; x_wconf 87' lang='lat' dir='ltr'>neque</span> <span class='ocrx_word' id='word_1_283' title='bbox 384 4176 498 4229; x_wconf 86' lang='lat' dir='ltr'>ablativi</span> <span class='ocrx_word' id='word_1_284' title='bbox 527 4175 661 4240; x_wconf 87' lang='lat' dir='ltr'>absoluti,</span> <span class='ocrx_word' id='word_1_285' title='bbox 693 4174 770 4228; x_wconf 88' lang='lat' dir='ltr'>velut</span> <span class='ocrx_word' id='word_1_286' title='bbox 796 4174 848 4226; x_wconf 90' lang='lat' dir='ltr'>ita</span> <span class='ocrx_word' id='word_1_287' title='bbox 873 4174 976 4227; x_wconf 86' lang='lat' dir='ltr'>rebus</span> <span class='ocrx_word' id='word_1_288' title='bbox 1003 4172 1127 4242; x_wconf 79' lang='lat' dir='ltr'>gestis,</span> <span class='ocrx_word' id='word_1_289' title='bbox 1159 4189 1223 4240; x_wconf 76' lang='lat' dir='ltr'>quae</span> <span class='ocrx_word' id='word_1_290' title='bbox 1252 4190 1352 4243; x_wconf 81' lang='lat' dir='ltr'>perra·</span> 
     </span>
     <span class='ocr_line' id='line_1_35' title="bbox 267 4257 1352 4330; baseline -0.005 -15"><span class='ocrx_word' id='word_1_291' title='bbox 267 4268 332 4330; x_wconf 83' lang='lat' dir='ltr'>gata</span> <span class='ocrx_word' id='word_1_292' title='bbox 355 4268 431 4326; x_wconf 90' lang='lat' dir='ltr'>sunt,</span> <span class='ocrx_word' id='word_1_293' title='bbox 460 4278 495 4314; x_wconf 91' lang='lat' dir='ltr'>ne</span> <span class='ocrx_word' id='word_1_294' title='bbox 517 4260 654 4314; x_wconf 85' lang='lat' dir='ltr'>eiusmodi</span> <span class='ocrx_word' id='word_1_295' title='bbox 678 4259 790 4328; x_wconf 85' lang='lat' dir='ltr'>quidem</span> <span class='ocrx_word' id='word_1_296' title='bbox 814 4257 954 4327; x_wconf 84' lang='lat' dir='ltr'>exempla,</span> <span class='ocrx_word' id='word_1_297' title='bbox 981 4258 1066 4326; x_wconf 85' lang='lat' dir='ltr'>quale</span> <span class='ocrx_word' id='word_1_298' title='bbox 1084 4263 1139 4311; x_wconf 87' lang='lat' dir='ltr'>est:</span> <span class='ocrx_word' id='word_1_299' title='bbox 1167 4257 1245 4312; x_wconf 81' lang='lat' dir='ltr'>llaec</span> <span class='ocrx_word' id='word_1_300' title='bbox 1265 4258 1352 4311; x_wconf 88' lang='lat' dir='ltr'>Ver·</span> 
     </span>
     <span class='ocr_line' id='line_1_36' title="bbox 267 4341 1285 4415; baseline -0.004 -15"><span class='ocrx_word' id='word_1_301' title='bbox 267 4347 366 4415; x_wconf 83' lang='lat' dir='ltr'>ginio</span> <span class='ocrx_word' id='word_1_302' title='bbox 385 4345 591 4401; x_wconf 81' lang='lat' dir='ltr'>vociferanti</span> <span class='ocrx_word' id='word_1_303' title='bbox 612 4345 849 4399; x_wconf 87' lang='lat' dir='ltr'>succlamabat</span> <span class='ocrx_word' id='word_1_304' title='bbox 867 4343 1060 4397; x_wconf 82' lang='lat' dir='ltr'>multitudo</span> <span class='ocrx_word' id='word_1_305' title='bbox 1079 4341 1148 4409; x_wconf 85' lang='lat' dir='ltr'>(III,</span> <span class='ocrx_word' id='word_1_306' title='bbox 1166 4342 1209 4409; x_wconf 84' lang='grc'>50,</span> <span class='ocrx_word' id='word_1_307' title='bbox 1231 4345 1285 4410; x_wconf 91' lang='grc'>10).</span> 
     </span>
    </p>
   </div>
   <div class='ocr_carea' id='block_1_6' title="bbox 0 0 1514 5108">
    <p class='ocr_par' dir='ltr' id='par_1_6' title="bbox 0 0 1514 5108">
     <span class='ocr_line' id='line_1_37' title="bbox 0 0 1514 5108; baseline 0 0"><span class='ocrx_word' id='word_1_308' title='bbox 0 0 1514 5108; x_wconf 95' lang='lat' dir='ltr'> </span> 
     </span>
    </p>
   </div>
  </div>
 </body>
</html>
