2994 5108
216 483 369 539 munna
760 440 822 535 610

218 655 269 723 ad
311 656 569 739 religionem,
620 655 727 739 quod
770 655 834 721 Cn.
878 655 1090 723 Cornelius
1135 659 1280 724 consul
1323 681 1368 725 ex

216 770 350 829 monte
372 763 532 830 Albano
560 764 722 830 rediens
750 765 939 830 concidit.
984 765 1021 829 ln
1046 764 1158 831 codice
1182 769 1230 832 sic
1254 767 1367 833 scribi·

217 877 287 936 tur:
309 871 552 937 Accesserat
574 872 621 937 ad
642 871 843 955 legionem
873 870 934 937 Cn.
959 870 1175 939 Cornelius
1199 883 1260 940 cet.
1306 875 1367 942 Po·

217 985 283 1045 test
305 978 414 1043 Livius
438 980 625 1064 scripsisse:
648 981 893 1045 Accesserat
915 979 1177 1063 allarellg103
1199 1000 1282 1045 m
1304 981 1364 1048 Cn.

219 1085 435 1153 Cornelius
458 1095 519 1152 cet.
554 1086 619 1152 Sed
640 1109 693 1153 res
716 1089 850 1153 incerta.
885 1087 1039 1153 Extremo
1063 1089 1173 1173 capite
1196 1087 1275 1173 (§9:
1300 1110 1367 1156 sna

218 1196 372 1260 virtute
410 1216 454 1259 ac
492 1195 701 1261 felicitate
740 1196 933 1261 neminem
971 1197 1046 1260 iam
1085 1198 1142 1261 cis
1177 1195 1264 1280 [cod.
1297 1195 1367 1281 sic]

219 1302 332 1385 Alpis
354 1301 513 1367 hostem
535 1303 668 1387 populi
691 1304 858 1369 Romani
880 1300 965 1386 [cod.
990 1302 1072 1388 pro]
1097 1306 1270 1388 agrique
1293 1305 1366 1371 ali·

220 1416 413 1492 quantum
442 1417 605 1494 captum
635 1411 712 1491 cet.)
746 1410 945 1476 infinitivum
964 1411 1079 1478 abesse
1101 1434 1168 1478 non
1190 1434 1290 1496 posse
1313 1412 1367 1496 (cb

220 1538 293 1582 eam
311 1539 452 1596 causam,
475 1539 575 1602 quam
597 1519 735 1603 exposui
751 1541 783 1603 p.
797 1523 858 1584 248
881 1523 974 1597 not),
997 1521 1063 1584 iam
1081 1519 1369 1586 Drakenborcbius

134 1627 208 1698 (501)
226 1625 336 1707 aliquo
359 1625 456 1690 modo
479 1634 640 1705 senserat3
662 1632 774 1691 utrum
796 1634 872 1710 post
893 1627 1008 1709 Alpis
1032 1648 1073 1691 an
1096 1635 1277 1713 post'pop.
1300 1630 1369 1694 Ro·

220 1734 324 1797 mani
347 1734 505 1798 exciderit
528 1756 633 1814 esse,
656 1732 783 1799 definiri
805 1735 930 1818 nequit.

306 1838 383 1924 Cap.
409 1844 457 1921 17,
481 1847 513 1906 6:
536 1841 572 1920 Q.
595 1841 789 1907 Petillios
813 1843 952 1906 consul
982 1842 1192 1927 collegam,
1214 1845 1285 1927 qui
1306 1866 1371 1910 ex·

220 1949 373 2032 templo
389 1949 675 2033 magistratum
693 1951 913 2033 occiperet,
932 1952 1089 2015 creavit
1112 1950 1373 2019 C.Valerium

222 2054 434 2121 Laevinum.
489 2057 527 2122 Is
562 2058 641 2121 iam
676 2057 740 2121 diu
779 2057 951 2140 cupidus
984 2060 1218 2142 provinciae,
1254 2081 1372 2144 quum

221 2157 456 2247 opportunae
486 2165 710 2248 cupiditati
744 2167 831 2230 eius
860 2165 1011 2230 litterae
1040 2167 1189 2233 adlatae
1218 2175 1373 2251 essent,

221 2270 391 2355 Ligures
414 2272 660 2351 rebellasse,
694 2273 821 2338 Nonis
852 2271 1097 2353 Sextilibus,
1131 2275 1372 2359 paludatus,

219 2378 379 2444 litteris
403 2381 566 2459 auditis,
590 2380 789 2447 tumultus
813 2382 898 2446 eius
921 2400 1043 2447 causa
1071 2382 1276 2466 legionem
1296 2392 1373 2450 ter·

220 2488 315 2552 tiam
338 2487 387 2552 ad
411 2488 445 2553 Ο.
469 2486 681 2554 Claudium
704 2489 910 2554 consulem
939 2490 979 2553 in
1002 2489 1178 2556 Galliam
1204 2491 1372 2576 profici·

222 2596 281 2659 sci
303 2596 428 2662 iussit
451 2602 490 2660 et
520 2596 750 2662 duumviros
784 2595 951 2662 navales
985 2618 1071 2663 cum
1099 2597 1230 2664 classe
1253 2599 1373 2666 Pisas

220 2705 288 2782 ire,
311 2710 372 2768 cet.
418 2702 526 2769 Consu
561 2704 740 2788 paludatus
775 2706 808 2768 in
831 2706 1035 2788 provinciam
1068 2705 1167 2783 ibat,
1195 2729 1263 2772 non
1291 2709 1374 2774 alios

219 2811 384 2895 proficisci
407 2812 552 2889 iubebat,
575 2834 636 2876 nec
658 2812 787 2877 litteras
811 2834 827 2877 e
850 2815 1027 2895 provinciis
1051 2814 1180 2879 adlatas
1204 2817 1372 2894 audiebat,

220 2921 278 2985 sed
300 2920 431 3003 legebat
454 2922 523 3003 ipse
547 2927 580 2984 et
613 2920 777 2984 recitabat
811 2921 982 2986 recitarive
1016 2922 1167 3001 iubebat,
1208 2944 1287 3005 nec,
1320 2926 1374 2989 lit·

219 3031 298 3093 teris
315 3029 436 3094 adlatis
456 3029 595 3111 primum
614 3027 883 3111 paludamentum
896 3029 1057 3106 sumebat,
1083 3029 1214 3109 deinde,
1239 3032 1373 3113 auditis,

218 3137 289 3201 fieri
324 3137 448 3219 aliquid
480 3136 623 3201 iubebat.
670 3135 733 3200 Sed
768 3137 846 3218 qnid
879 3136 948 3200 haec
987 3136 1136 3218 pluribus
1178 3161 1374 3224 persequor,

219 3267 320 3327 quum
338 3245 637 3308 manifestissimum
657 3246 708 3322 sit,
733 3245 864 3308 initium
882 3246 1039 3308 orationis
1063 3245 1102 3309 de
1126 3248 1264 3312 consule
1290 3271 1371 3328 esse,

218 3354 345 3429 statim,
379 3375 479 3436 quum
512 3352 630 3416 litterae
663 3352 782 3416 adlatae
810 3360 934 3430 essent,
966 3352 1082 3436 cupide
1110 3354 1144 3416 in
1167 3358 1374 3438 provinciam

218 3460 407 3541 festinante,
430 3463 553 3525 exitum
577 3460 616 3523 de
640 3467 766 3538 senatu,
790 3460 910 3524 litteris
934 3461 1022 3542 apud
1045 3482 1078 3525 se
1101 3463 1255 3529 recitatis
1279 3466 1372 3530 audi·

216 3567 333 3651 tisque,
359 3590 429 3652 quae
452 3568 522 3633 fieri
545 3568 610 3632 alia
633 3567 673 3631 ab
693 3567 766 3631 aliis
785 3567 934 3646 debeant,
957 3568 1099 3648 iubente,
1123 3571 1235 3636 media
1254 3583 1373 3653 autem,

218 3677 336 3759 quibus
359 3677 592 3741 absolvebatur
615 3679 707 3759 prior
731 3678 909 3754 sententia,
938 3698 1024 3741 nova
1052 3678 1249 3760 incipiebat,
1275 3683 1374 3746 inter·

217 3784 356 3847 cidisse?
397 3786 511 3866 ltaque
536 3787 581 3848 sie
601 3784 808 3848 scribendum
832 3791 896 3848 est:
920 3784 1110 3848 —Nonis
1135 3784 1374 3854 Sextilibus

216 3892 438 3976 paludatus
471 3929 522 3955 -.
568 3894 736 3970 Senatus,
777 3891 942 3957 litteris
971 3892 1142 3972 auditis,
1167 3898 1374 3962 tumultus

217 4002 301 4064 eius
336 4022 455 4065 causa
478 4009 539 4064 cet.
585 4001 626 4063 Et
661 4000 820 4064 excidisse
854 3999 991 4081 aliquid,
1024 4002 1124 4065 etiam
1153 4002 1309 4070 Dukerus
1340 4016 1374 4070 et

218 4108 503 4173 Weissenbornius
528 4120 713 4187 senserunt,
737 4111 878 4172 transire
897 4109 1120 4173 narrationem
1143 4113 1186 4175 ad
1210 4123 1372 4194 senatum,

215 4238 280 4279 non
303 4217 452 4281 videntur
486 4217 764 4281 animadvertisse.
812 4217 1000 4298 [Senatus
1036 4219 1250 4303 suppleverat
1286 4223 1372 4287 Heu·

121 4397 123 4402 ¹
217 4322 353 4403 singem]
400 4325 462 4388 Sed
487 4324 616 4403 crinsnl,
651 4327 706 4406 qui
740 4328 773 4388 in
805 4327 1004 4408 proviincam
1033 4328 1184 4409 festinat,
1220 4331 1248 4394 si
1279 4331 1374 4395 edit-ae
