2994 5108
691 513 730 576 91
1158 526 1221 584 uis.
1240 526 1288 584 m

128 719 221 784 pum
242 697 439 764 Martium
459 698 594 783 proprio
617 705 774 784 certoque
796 699 926 765 nomine
950 699 1104 784 appellat
1129 701 1199 765 siue
1221 700 1290 766 ulla

129 807 269 872 minima
291 826 406 888 causa,
433 824 509 892 quae
535 805 631 872 aut
621 827 656 872 ιιι
680 807 844 872 sententia
865 809 955 872 aut
945 829 980 872 m
1003 807 1162 874 orationis
1183 807 1290 874 forma

128 915 226 996 insit,
259 914 392 980 inverso
421 913 538 981 ordine
565 912 691 999 (priore
718 914 791 981 loco
820 915 1019 1000 interposita
1041 917 1143 981 etiam
1163 937 1290 1001 praepo·

130 1023 272 1090 sitione:
304 1022 498 1089 Martio
487 1043 529 1088 ιιι
558 1042 715 1107 campo,
749 1022 845 1108 quasi
873 1022 916 1088 ab
946 1023 1012 1088 alio
1035 1044 1151 1109 eampo
1175 1023 1290 1090 distin·

129 1130 288 1216 guatur);
320 1150 398 1196 nam
425 1129 518 1216 quod
543 1129 833 1197 Drakenborchius
863 1132 964 1197 etiam
990 1131 1038 1211 ΙΙ,
1072 1137 1108 1212 5,
1143 1133 1290 1198 2Mar·

129 1241 236 1307 tium
270 1260 452 1324 campum
485 1237 610 1304 dictum
643 1259 715 1304 esse
749 1237 920 1319 admonet,
954 1240 1025 1305 eius
1059 1240 1193 1324 quidem
1225 1240 1291 1306 ioci

130 1369 271 1433 prorsus
293 1348 361 1413 alia
382 1355 434 1413 est
454 1345 553 1427 ratio,
575 1347 610 1412 iu
633 1368 699 1432 quo
721 1345 784 1412 hoc
805 1368 925 1412 nomen
942 1348 1085 1430 primum
1102 1347 1290 1432 impositum

127 1456 279 1522 traditur
305 1462 339 1522 et
365 1455 399 1520 in
422 1452 607 1521 coniunctis
629 1454 816 1521 nominibus
838 1454 960 1520 Marti
982 1455 1155 1522 Martius
1184 1456 1291 1539 figura

129 1564 248 1650 aliqua
270 1564 429 1631 orationis
451 1567 513 1629 est.
547 1560 627 1645 (ce.
650 1562 675 1644 1,
698 1566 727 1643 3,
751 1566 770 1627 3
792 1562 932 1647 Longa
952 1562 1055 1628 Alba
1077 1563 1290 1648 appellata

130 1672 221 1755 est.)
253 1671 331 1738 Non
352 1671 488 1739 dubium
510 1671 649 1750 videtur,
672 1671 753 1755 quin
766 1670 877 1736 Livius
900 1676 934 1736 at
954 1670 1018 1737 hoc
1036 1672 1144 1754 capite
1161 1678 1290 1737 tautum

129 1782 172 1846 in
194 1800 338 1864 campo
360 1785 395 1845 et
417 1800 444 1845 c.
469 1781 510 1844 66
532 1781 574 1845 in
596 1799 775 1864 campum
798 1780 984 1864 scripserit,
1016 1779 1290 1863 quemadmodum

133 1910 165 1954 c.
195 1893 256 1969 69,
288 1892 310 1953 8
339 1885 483 1954 delata
513 1888 553 1953 iu
586 1908 784 1971 campum,
817 1893 927 1952 mota
958 1908 1004 1951 ex
1037 1907 1174 1972 campo
1208 1887 1291 1952 dixit

131 1997 225 2080 (add.
253 1996 285 2076 1,
315 1999 369 2076 16,
399 2000 431 2076 1,
459 1993 575 2076 XXIV,
611 2000 664 2075 10,
692 1994 737 2077 9),
772 1995 968 2060 adiectivum
990 1995 1156 2061 electore
1179 1996 1290 2079 aliquo

132 2104 419 2190 suprascriptum
440 2104 475 2168 in
497 2104 680 2182 orationem
701 2104 837 2169 venerit.
882 2103 993 2169 Alium
1015 2124 1166 2188 campum
1191 2105 1291 2186 sigui·

128 2212 225 2280 ficari
247 2210 449 2278 Niebuhrius
470 2209 596 2279 frustm
616 2210 720 2296 fingit.

219 2319 300 2406 Cap.
323 2324 375 2402 28,
399 2324 435 2385 9:
468 2319 525 2386 Ab
548 2320 714 2386 consule
736 2318 785 2386 ad
808 2320 1055 2386 dictatorem
1077 2320 1136 2385 ire
1159 2320 1286 2386 iussis
1304 2332 1357 2400 (⁷5)

130 2428 283 2514 (AEquis)
324 2427 589 2513 ignominiam
618 2427 808 2494 infensus
841 2427 1011 2493 addidit.
1067 2429 1181 2511 Neque
1210 2430 1291 2495 satis

129 2537 302 2605 narrando
337 2536 585 2621 distinguuntur
617 2535 737 2619 gradus
769 2537 817 2602 rei
845 2542 944 2616 actae,
978 2558 1061 2620 quos
1086 2537 1197 2602 Livius
1219 2537 1291 2621 ipse

129 2645 298 2732 significat
331 2645 442 2728 (hinc
473 2643 741 2725 dictatorem,
779 2644 874 2710 hinc
908 2644 1118 2710 consulem
1151 2644 1291 2726 orare),

129 2762 168 2822 et
195 2751 416 2820 intolerabilis
445 2758 495 2819 est
523 2752 682 2819 orationis
708 2752 830 2819 forma:
870 2753 919 2818 ad
953 2753 1200 2819 dictatorem
1232 2753 1291 2818 ire

130 2864 263 2930 iussis
291 2861 457 2929 addidit
486 2860 667 2944 (dictator).
722 2859 817 2926 Hane
844 2861 1031 2927 molestiam
1054 2863 1178 2926 creavit
1201 2881 1292 2926 error

130 2973 168 3038 in
190 2970 306 3037 codice
326 2969 507 3055 archetypo
530 2968 695 3053 frequens,
718 2969 831 3035 littera
849 2968 888 3052 (1)
908 2969 1009 3035 semel
1031 2971 1166 3052 scripta,
1189 2990 1291 3052 quum
1415 3044 1420 3051 ι

130 3079 189 3146 bis
223 3078 325 3145 scribi
359 3076 510 3144 deberet:
550 3076 607 3142 Ab
649 3078 821 3143 consule
860 3077 910 3143 ad
949 3077 1196 3143 dictatorem
1229 3078 1291 3141 ire

131 3189 256 3269 iussi3
289 3186 323 3249 Ιι
355 3182 538 3251 infensus
572 3186 835 3270 ignominiam
863 3184 1071 3268 addidit.¹)
1128 3183 1196 3268 [Sic
1223 3185 1291 3249 Ru·

130 3292 286 3382 pertius]
341 3292 427 3359 Nam
459 3314 518 3378 pro
552 3292 754 3375 infensus,
788 3294 876 3379 quod
909 3296 942 3358 in
965 3293 999 3358 M
1020 3294 1106 3359 male
1137 3293 1293 3359 scribitur

131 3407 339 3482 insensus‚
361 3423 429 3468 uon
449 3407 538 3467 recte
560 3423 700 3486 nupere
720 3402 817 3469 Pedi
840 3409 992 3488 coeptum
1014 3409 1066 3468 est
1087 3402 1291 3481 incensus,

131 3512 226 3598 quod
255 3512 303 3577 sic
331 3509 420 3576 nude
447 3509 488 3575 de
518 3511 667 3594 graviore
689 3512 741 3578 ira
763 3519 798 3578 et
819 3510 895 3577 odio
919 3531 1019 3596 quam
1041 3532 1103 3594 pro
1127 3511 1293 3577 communi

130 3621 244 3688 hostis
265 3619 377 3685 auimo
400 3639 467 3699 nun
490 3618 656 3702 dicitur.²)

162 3882 190 3949 ¹)
207 3881 244 3951 11,
261 3883 304 3949 68,
321 3884 340 3935 ’1
360 3898 428 3953 pro:
456 3896 570 3936 omnes
594 3897 653 3936 ιιι
676 3887 801 3952 sponte
823 3882 853 3936 in
875 3882 938 3937 eod
965 3883 1040 3938 arch.
1059 3884 1195 3954 seriptum
1218 3888 1291 3938 erat:

205 3983 304 4022 omne
322 3984 383 4023 sua
400 3971 533 4037 sponte,
550 3965 618 4021 inde
635 3966 665 4022 iu
683 3967 767 4022 LlHl
786 3966 827 4035 (Μ
844 3985 861 4022 a
876 3985 963 4022 manu
980 3968 1007 4039 3)
1025 3968 1144 4024 factum:
1164 3985 1293 4022 omnem

206 4068 268 4107 ιιι
284 4055 420 4123 sponte.
549 4038 555 4048 ’

159 4136 190 4207 ¹)
209 4136 275 4209 Cep.
293 4140 342 4207 61,
368 4139 387 4193 8
407 4136 438 4193 iu
459 4139 588 4210 margine
608 4156 714 4210 ponam
736 4139 923 4194 neeessariam
941 4139 1181 4206 emendationem,
1208 4155 1293 4207 quam

208 4240 294 4293 quum
316 4224 379 4294 ipse
400 4222 544 4294 iecissem,
570 4223 725 4279 aKlockio
748 4230 922 4295 praeceptam
939 4225 1005 4279 vidi.
1050 4223 1122 4278 Nam
1140 4241 1227 4292 quum
1245 4224 1294 4277 tri·

205 4307 276 4364 huni
298 4307 425 4379 cgiss'eut
443 4326 507 4365 cum
524 4309 666 4381 patribus,
692 4313 725 4364 ut
742 4310 929 4365 communiter
947 4310 1041 4380 legum
1060 4310 1193 4365 latores
1212 4314 1241 4364 et
1259 4325 1294 4363 ex

206 4394 289 4464 plebe
316 4399 348 4451 et
369 4411 404 4450 ex
425 4395 557 4465 patribus
578 4395 670 4451 creari
691 4395 829 4462 sinerent,
855 4395 904 4465 qui
928 4396 1009 4451 utilia
1031 4395 1158 4464 utrisque
1179 4393 1293 4463 ferrent,
