2994 5108
226 487 292 541 Lib.
311 486 409 541 XXVI
776 471 837 534 378

225 659 420 738 ditmead,
455 657 541 722 unde
571 655 656 723 effici
683 656 829 722 videtur:
856 692 899 702 —
926 656 1137 723 descendit
1165 656 1319 739 (emtn
1340 692 1384 704 -

223 765 440 848 credebat)
464 772 504 831 et
525 764 678 830 relicto
697 771 759 829 cet.
783 764 905 845 (1863.)
939 764 1064 830 Eodem
1087 763 1383 850 capitegdlegun·

227 882 282 940 tur
309 874 378 940 hac
406 874 462 955 (de
493 873 645 957 Philippo
674 872 856 937 Macedone
885 879 918 936 et
939 870 1054 937 Madia
1081 873 1115 936 in
1143 893 1282 956 regnum
1311 875 1381 939 eius

226 983 409 1060 incurrere,
440 1003 540 1064 quum
563 980 642 1046 alibi
667 985 848 1062 occupatus
871 986 973 1059 esset,
1001 980 1137 1060 solitis):
1171 979 1380 1063 Frangen-

225 1090 300 1155 das
334 1091 465 1173 igitur
497 1097 657 1154 vastare
686 1108 803 1171 agros
834 1092 872 1153 et
899 1087 1035 1152 urbem
1063 1087 1379 1171 Iamphorynam

226 1205 347 1280 caput
374 1217 590 1279 arcemque
620 1195 806 1272 Maedica,
843 1215 1078 1278 oppugnare
1107 1196 1258 1280 coepit.
1316 1193 1379 1274 Sic,

227 1306 374 1389 exceptis
406 1305 581 1369 levissimis
610 1303 777 1370 erroribus
805 1304 840 1368 in
868 1304 1023 1367 extremis
1050 1303 1158 1368 verbis
1187 1302 1290 1383 (velut
1317 1323 1380 1368 ar·

226 1412 416 1496 gemque),
439 1413 464 1477 P
488 1396 655 1496 ceterique
678 1411 807 1477 codices
831 1411 931 1494 paulo
955 1409 1118 1476 meliores.
1157 1409 1251 1490 Quod
1274 1431 1380 1494 nuper

226 1522 371 1605 positum
405 1527 456 1586 est
483 1520 531 1602 (et
560 1522 627 1585 iam
655 1520 744 1603 apud
773 1517 1081 1584 Drakenborchium
1110 1539 1127 1583 e
1156 1518 1263 1583 tribus
1290 1517 1380 1584 codi-

225 1628 319 1694 cibus
341 1629 530 1694 recentibus
557 1626 766 1709 adnotatur):
800 1627 856 1691 Ad
879 1625 1126 1706 frangendos
1148 1626 1295 1710 igitur,
1328 1626 1382 1691 vix

225 1737 278 1801 hic
301 1737 366 1801 dici
387 1737 508 1802 omisso
531 1736 722 1819 pronomine
745 1734 843 1816 (eos)
868 1736 991 1817 potuit,
1025 1735 1180 1817 quoniam
1208 1754 1305 1817 gens
1336 1753 1383 1799 ea

132 1856 211 1924 (809)
231 1845 409 1928 praecessit.
465 1843 578 1909 Fuisse
612 1842 742 1908 videtur
770 1850 842 1908 aut:
875 1842 932 1907 Ad
966 1841 1219 1923 frangendas
1253 1842 1383 1925 igitur

226 1952 328 2015 viros
362 1957 525 2017 vastare
559 1971 677 2033 agros
706 1957 765 2015 aut
794 1951 919 2033 potius:
953 1948 1219 2033 Frangendus
1253 1950 1384 2032 igitur

226 2059 327 2123 vires
355 2066 462 2122 ratus
490 2064 655 2123 vastare
683 2079 804 2141 agros
834 2064 894 2122 cet.
952 2056 1093 2137 Deinde,
1121 2063 1298 2141 postquam
1321 2056 1383 2140 §9

225 2168 335 2233 Livius
359 2167 500 2252 Scopam
528 2167 686 2244 narravit,
720 2172 849 2230 armata
877 2166 966 2230 omni
987 2164 1174 2230 AEtolorum
1201 2165 1384 2242 iuventute,

225 2276 376 2341 bellum
393 2275 548 2340 inferre
566 2274 803 2339 Acarnania
830 2293 1010 2357 parasse,
1038 2276 1222 2356 sequuntur
1244 2270 1262 2354 ἓ
1287 2277 1328 2337 10
1350 2273 1384 2338 iu

226 2383 393 2448 codicibus
416 2383 491 2464 (PM
514 2381 623 2460 Cant,
656 2382 733 2446 Lor.
761 2386 793 2460 l,
824 2384 851 2459 3,
880 2387 909 2459 5,
939 2381 1028 2463 aliis)
1051 2380 1137 2446 haec:
1172 2379 1384 2445 Adversus

226 2490 330 2574 quod
358 2512 397 2555 se
420 2492 673 2555 Acarnanum
700 2510 813 2572 gens,
843 2496 883 2553 et
912 2488 1073 2553 viribus
1098 2489 1227 2571 impar
1250 2486 1387 2569 (Weiss.

223 2619 266 2662 ex
296 2597 320 2660 P
349 2595 458 2663 adfert
490 2598 697 2681 imparem)
732 2602 773 2661 et
805 2597 882 2661 iam
917 2594 1121 2661 Oeniadas
1155 2595 1388 2678 Nasumque

224 2707 373 2769 amissa
390 2725 562 2770 cernens
581 2706 840 2788 Romanaque
863 2705 1034 2786 insuper
1052 2724 1162 2768 arma
1181 2703 1388 2786 ingruere,

225 2814 288 2876 ira
309 2815 438 2895 magis
462 2815 637 2877 instruit
659 2833 773 2894 quam
796 2812 970 2876 consilio
993 2810 1155 2876 bellum.
1192 2810 1389 2893 Superiores

224 2920 385 2985 fecerant:
410 2921 615 2985 Adversus
639 2919 1011 3001 quodAcarnanum
1029 2940 1132 3002 gena,
1156 2918 1292 2983 Weiss:
1317 2919 1391 2983 Ad·

224 3050 363 3093 versus
388 3028 493 3113 quod
516 3049 555 3092 se
576 3028 828 3091 Acarnanum
853 3047 1009 3108 gens-
1028 3028 1224 3109 imparem
1243 3061 1282 3072 -
1304 3047 1391 3092 cer·

225 3157 323 3199 nens
341 3143 402 3199 cet.
436 3134 475 3198 In
493 3142 632 3216 utraque
646 3135 809 3216 scriptura
826 3134 891 3199 duo
910 3140 988 3199 sunt
999 3135 1118 3199 vitiose
1131 3135 1237 3199 dicta:
1259 3135 1390 3219 impar

225 3242 418 3306 adversus
446 3241 601 3307 bellum
629 3248 677 3307 et:
719 3241 913 3306 adversus
948 3240 1055 3323 quod
1084 3240 1304 3306 bellum—
1328 3244 1390 3307 in·

226 3350 356 3413 struit
373 3348 533 3414 bellum.
564 3351 674 3415 Livius
692 3350 885 3432 scripserat:
905 3349 1109 3414 Adversus
1122 3369 1215 3427 qus
1228 3349 1390 3432 (AEtolos)

226 3456 478 3520 Acarnanum
496 3479 602 3539 gens,
626 3464 664 3521 et
683 3457 839 3521 viribus
858 3457 990 3540 impar
1007 3459 1137 3522 etiam
1153 3478 1390 3524 -cernens

224 3598 277 3640 -,
296 3564 527 3627 instruit-
545 3565 706 3628 bellum.
744 3563 905 3640 Quodse
930 3571 1039 3628 ortum
1062 3586 1102 3628 ex
1121 3586 1234 3630 errore
1253 3564 1391 3650 (quod)

226 3677 261 3734 et
284 3672 487 3735 correctione
511 3670 562 3751 (a),
585 3672 692 3737 vocali
715 3693 815 3754 prave
833 3671 957 3735 addita.
988 3670 1058 3753 [Sic
1077 3672 1129 3736 ed.
1146 3672 1245 3737 Frob.
1280 3672 1391 3757 1531]

226 3776 329 3842 Paulo
347 3786 423 3861 post
441 3777 471 3860 (ᾖ
492 3783 554 3859 13),
572 3779 629 3843 ubi
647 3779 799 3843 inPest:
819 3778 1278 3862 adliberentqhumatis
1292 3783 1392 3847 titu-

225 3884 313 3963 lum,
336 3886 489 3951 ineditis
513 3881 851 3970 adhiberentque‚
876 3887 965 3968 quod
989 3888 1029 3952 de
1053 3887 1150 3952 titulo
1174 3887 1241 3953 dici
1263 3893 1392 3973 nequit,

225 3992 363 4057 subesse
386 3994 530 4058 videtur:
554 3993 844 4075 adderentque.
880 3993 1234 4078 [Adfigerentque.
1269 3996 1380 4081 1863]

313 4099 391 4184 Cap.
426 4105 481 4178 26,
520 4105 554 4163 6:
608 4102 781 4166 crimina
821 4101 933 4166 edita
974 4100 1075 4168 ficta
1113 4103 1161 4168 ab
1205 4105 1392 4172 inimicis

224 4204 401 4287 vulgare.
454 4207 507 4272 Sic
540 4208 686 4286 codices,
715 4209 919 4274 intolerabili
942 4211 1120 4294 asyndet03
1150 4213 1267 4296 itaque
1291 4215 1392 4298 vulgo

226 4311 337 4376 editur
365 4314 478 4378 edita
504 4315 702 4399 fictaque3
741 4316 799 4380 sed
829 4317 878 4380 vel
902 4319 948 4381 sic
972 4316 1111 4383 offendit
1134 4321 1394 4405 participiorum
