2994 5108
685 468 746 530 129
1164 484 1293 543 nam.

136 653 317 738 disputare.
369 652 454 718 Nam
476 673 582 735 neque
604 652 742 737 pluralis
763 654 893 719 numeri
916 676 1096 739 pronomen
1119 656 1293 725 relativum

137 769 307 829 senatus
341 761 466 827 nomini
500 761 687 827 subiectum
721 782 861 846 usquam
897 768 949 827 est
983 761 1183 845 (senatus,
1222 768 1293 848 qui

133 904 179 917 -
200 869 324 952 sunt),
359 870 440 953 quia
467 891 507 936 ex
536 890 574 935 eo
601 868 665 935 hoc
693 875 744 935 est
766 889 901 952 genere,
936 872 1026 954 quod
1048 871 1294 939 collectivorum

135 977 417 1045 constructionem
443 998 509 1043 non
535 979 683 1063 recipere
718 976 898 1062 significavi
924 979 960 1042 in
983 977 1209 1047 Grammatico
1230 982 1292 1047 La-

134 1087 208 1153 tina
229 1083 248 1169 §
270 1089 333 1151 215
357 1106 378 1151 a
399 1084 515 1167 not.¹)‚
543 1106 660 1170 nsque,
691 1086 720 1150 si
742 1085 776 1150 id
799 1085 870 1151 fieri
892 1093 1016 1171 posset,
1038 1085 1100 1153 hoc
1122 1088 1194 1155 loco
1217 1110 1292 1174 pro·

132 1214 268 1275 nomen,
289 1193 496 1277 interpositis
518 1194 600 1259 illis:
630 1194 760 1277 magis
787 1193 871 1258 fuit
898 1215 1015 1276 quam
1041 1196 1081 1260 in
1102 1197 1292 1280 tribunis,

136 1300 206 1369 ullo
233 1300 334 1368 modo
361 1301 406 1366 ad
433 1322 553 1368 nomen
582 1303 743 1368 remotius
765 1301 889 1367 referre
911 1301 1041 1381 liceret,
1074 1303 1197 1369 nedum
1219 1306 1292 1389 plu·

134 1411 207 1477 rale
235 1408 326 1493 (cum
354 1409 536 1476 tribunis
564 1410 761 1476 conveniens
788 1409 938 1491 numero)
962 1410 1004 1474 ad
1027 1411 1194 1493 singulare
1217 1412 1292 1495 (se-

134 1516 283 1601 natus).
331 1516 449 1601 Neque
477 1519 587 1584 minus
609 1518 817 1583 vehementer
838 1519 913 1600 ipsa
933 1525 1097 1603 repugnat
1119 1523 1292 1588 sententia

134 1625 222 1692 Nam
255 1625 348 1692 siin
376 1631 495 1692 senatu
522 1625 605 1692 solo?
621 1625 791 1691 tarditatis
820 1645 921 1690 causa
948 1626 1080 1704 fuisset,
1114 1627 1197 1692 nihil
1224 1649 1292 1693 om-

135 1735 214 1800 nino
248 1739 336 1815 erat,
369 1753 430 1799 cur
456 1733 568 1799 Livius
601 1733 753 1800 tribunos
786 1733 820 1797 in
849 1733 911 1798 hac
940 1755 976 1798 re
1005 1743 1292 1819 commemoraret;

136 1862 225 1907 nunc
246 1841 311 1908 hoc
332 1841 441 1926 ipsum
464 1841 616 1923 ostendit,
638 1864 704 1909 non
726 1842 760 1906 in
783 1849 901 1907 senatu
923 1843 1140 1926 potissimum,
1164 1843 1204 1909 de
1228 1865 1292 1926 quo

135 1950 279 2036 primum
301 1950 442 2034 cogitari
464 1951 584 2034 possit,
619 1950 708 2033 quod
737 1951 809 2015 eius
838 1949 938 2015 fuerit
966 1971 1075 2014 rerum
1097 1951 1292 2034 gubernatio

134 2064 172 2125 et
197 2057 342 2143 negotiis
370 2057 594 2143 prospiciendi
623 2057 808 2140 agendique
837 2078 930 2138 cura,
964 2059 1158 2123 tarditatem
1180 2059 1291 2142 fuisse,

135 2166 290 2234 sednon
315 2165 426 2231 minus
452 2165 488 2230 in
515 2165 696 2231 tribunatu.
752 2164 871 2250 Itaque
894 2165 1004 2231 Livius
1035 2166 1184 2250 scripsit:
1220 2187 1293 2230 usn

136 2277 178 2341 in
205 2280 352 2341 senatu
379 2274 506 2355 magis
534 2272 615 2339 fuit
642 2293 759 2355 quam
787 2274 827 2338 in
854 2273 1055 2355 tribunis;
1088 2276 1221 2356 negatio
1246 2276 1287 2341 ob
1307 2290 1379 2361 (109)

135 2381 389 2449 similitudinem
432 2382 676 2467 praepositionis
718 2382 759 2445 in
804 2381 936 2447 facilius
974 2383 1159 2465 intercepta
1197 2383 1292 2466 est.²)

136 2491 263 2557 Eadem
293 2489 417 2556 excidit
442 2489 512 2555 sine
539 2489 601 2554 tali
629 2510 731 2554 causa
758 2489 799 2570 V,
836 2493 890 2569 15,
927 2493 963 2553 11
995 2490 1029 2553 in
1051 2489 1176 2570 MPLl,
1211 2491 1294 2572 aliis,

135 2598 173 2665 id
205 2604 273 2680 est,
306 2598 342 2663 in
374 2597 487 2663 codice
522 2596 718 2682 archetyp03
753 2598 787 2661 in
815 2598 923 2662 tertiae
951 2597 1084 2662 decadis
1115 2598 1293 2683 archetypo

134 2707 211 2773 libr.
233 2705 356 2787 XXIII,
379 2709 430 2786 23,
455 2711 474 2771 6
498 2712 575 2771 ante
598 2706 811 2790 cepissent
833 2705 930 2788 (Pus,
953 2704 1054 2786 cett).
1099 2705 1172 2772 Hoc
1193 2707 1294 2790 igitur

24 2884 31 2893 ,
135 2815 270 2882 sublato
297 2812 415 2880 mendo
445 2820 623 2880 occurrunt
650 2812 750 2897 paulo
777 2821 854 2898 post
877 2811 907 2897 (ἓ
931 2812 964 2896 9)
988 2813 1072 2879 haec:
1107 2813 1293 2880 Fromere

135 2926 345 3003 iuventus,
378 2920 551 2987 nondum
585 2920 835 2986 debellatum
870 2942 956 2986 cum
989 2922 1156 2988 Volscis
1190 2942 1292 3003 essc3

134 3031 251 3098 modo
279 3030 356 3097 duo
384 3029 581 3115 praesidia
607 3029 821 3094 occidione
850 3029 985 3094 occisa
1014 3034 1053 3092 et
1081 3049 1166 3092 cum
1188 3030 1292 3113 peri-

134 3139 229 3206 culo
262 3138 449 3229 retineri.
512 3136 683 3215 Quomodo
717 3137 873 3221 praesidia
906 3137 1016 3201 occisa
1048 3137 1184 3201 retineri
1218 3158 1293 3203 cum
1383 3121 1388 3129 ’

133 3246 285 3333 periculo
313 3245 458 3332 possint,
491 3265 626 3328 prorsus
655 3266 720 3310 non
748 3245 914 3327 intellego.
971 3242 1036 3309 Sed
1058 3250 1180 3328 praesto
1204 3253 1292 3327 sunt,

131 3355 193 3439 qni
226 3353 369 3422 doceant
401 3351 597 3437 praesidia
629 3354 773 3436 primum
807 3352 955 3418 homines
989 3353 1023 3416 in
1051 3353 1205 3438 praesidio
1233 3376 1291 3438 po·

132 3462 234 3542 sitos,
267 3450 384 3549 deinde
407 3461 482 3544 ipsa
504 3460 641 3525 castella
663 3461 819 3544 intellegi.
874 3461 984 3540 Itane,
1017 3482 1138 3542 quaeso,
1166 3467 1204 3525 ut
1223 3484 1292 3527 una

11 3609 15 3615 ·
131 3569 304 3638 sententia
330 3567 526 3634 brevissima
553 3567 596 3632 ad
625 3567 790 3653 duplicem
813 3568 1088 3652 significationem
1111 3569 1291 3651 adiungan-

127 3685 201 3773 tur,
219 3646 260 3759 (le
283 3675 405 3775 'eodem
433 3675 586 3760 praesidio
616 3674 681 3742 duo
710 3676 810 3742 verba
838 3698 972 3760 prorsus
1002 3677 1183 3741 contraria:
1218 3677 1291 3742 hec

160 3928 259 3998 ¹)1x,
281 3931 328 3998 3⁷,
352 3932 382 3983 ll
410 3946 496 3999 prave
522 3929 603 3985 codd.
631 3934 660 3985 ct
685 3930 888 3985 Alschefskius:
918 3929 1130 3983 interclusus
1159 3930 1289 3984 exerci-

202 4018 261 4069 tus
339 4015 632 4085 opprIruerentur.

155 4097 186 4168 ’)
206 4096 276 4169 [Sed
304 4100 438 4154 viti0sam
468 4101 684 4170 ambiguitatem
714 4102 744 4155 in
771 4105 903 4155 restare
930 4100 1185 4154 nuntiabantur
1212 4099 1288 4153 inter

203 4184 273 4255 qui,
295 4185 377 4254 quia
393 4223 400 4239 .
417 4227 423 4240 .
438 4224 455 4254 .,
471 4201 589 4255 parum
612 4185 858 4256 cogitaverunt
875 4186 911 4240 ad
930 4186 1007 4240 aliud
1024 4185 1181 4240 subiectum
1200 4185 1292 4239 relate

201 4268 313 4325 codicis
344 4269 515 4325 Veronensis
544 4270 680 4325 indicium
710 4270 848 4339 (restari
879 4270 1146 4338 nuntiabantur)
1179 4274 1292 4325 secutus

201 4353 406 4443 Mommsenius
424 4355 547 4424 sustulit,
564 4356 772 4426 sustuleratque
791 4358 850 4410 eius
868 4356 983 4426 ignarus
1001 4353 1239 4425 Wesenbergius.]

1045 4459 1062 4511 9
