2994 5108
219 496 282 552 nib.
297 496 397 552 XLIV.
765 485 826 548 676

219 669 308 754 quod
330 672 401 754 ipse
430 691 559 754 quoque
588 669 784 736 incideram:
819 668 967 736 deinde
996 669 1129 749 aDio,
1159 690 1207 735 ne
1235 668 1372 736 obtor-

219 779 361 862 puisse
377 786 446 845 cet.
492 779 780 845 Weissenbornius
814 799 865 844 me
888 777 1057 844 dubitasse
1086 783 1207 862 putare
1235 777 1371 858 videtur,

219 885 392 953 dicatume
415 887 531 953 Latine
555 886 653 954 adeo
677 894 729 953 nt.
768 884 875 970 lota]

305 992 383 1079 Gap.
407 1002 437 1074 4,
476 994 586 1077 1(ubi
621 995 662 1061 de
693 998 821 1079 impetu
850 996 1075 1061 Romanorum
1107 995 1142 1060 in
1176 993 1300 1060 saltum
1331 992 1371 1059 ab

218 1102 342 1187 Hippia
364 1104 526 1170 insessum
548 1105 673 1187 agitur)
696 1104 797 1170 verba
818 1105 867 1170 sic
889 1102 1117 1185 coniungenda
1133 1110 1213 1168 suut
1234 1101 1289 1185 [ut
1308 1103 1372 1168 iam

220 1211 379 1295 Gryneus
401 1210 646 1294 coniunxeratlt
669 1212 719 1277 Et
741 1213 909 1280 Romani
931 1210 1117 1296 expediti
1139 1209 1188 1276 ad
1203 1229 1372 1295 pugnam

219 1320 416 1398 exierant,
441 1326 481 1386 et
503 1319 641 1388 hostes
663 1320 766 1385 levis
790 1327 1001 1387 armatura
1027 1326 1134 1398 erat,
1156 1319 1372 1403 promptis·

219 1429 361 1494 simum
390 1449 515 1513 genus
544 1428 594 1493 ad
626 1428 913 1495 lacessendum
946 1434 1162 1494 certamen.
1208 1427 1371 1494 Romame

219 1537 384 1602 exercitus
406 1543 498 1603 totus
515 1536 640 1616 aderat,
664 1544 801 1621 excepto
820 1542 1007 1602 castrorum
1023 1535 1187 1620 prasidio,
1208 1556 1277 1601 non
1293 1535 1371 1602 levis

220 1651 405 1725 armatura,
439 1644 496 1711 sed
525 1645 711 1730 expeditum
744 1646 793 1710 ita
825 1647 991 1729 utrimque
1024 1650 1177 1728 prompte
1206 1651 1372 1709 cenoman

133 1759 203 1826 (560)
222 1753 465 1836 capessebatur.
512 1752 699 1837 Sequuntur
719 1751 844 1836 hac.(§
867 1753 917 1835 4):
949 1753 1140 1818 Irritetis
1168 1752 1210 1816 in
1237 1759 1371 1835 poste·

218 1882 304 1925 rum
348 1861 450 1927 diem
496 1863 661 1940 animis,
705 1860 931 1927 maioribus
975 1860 1105 1943 copiis
1148 1864 1275 1944 atque
1313 1861 1370 1924 iu·

218 1967 371 2035 sestius
406 1990 649 2036 concursum
683 1969 732 2035 ab
765 1968 870 2048 illis,
903 1969 937 2034 si
972 1967 1058 2034 loci
1091 1967 1196 2033 satis
1225 1966 1276 2033 ad
1308 1988 1370 2032 ex·

218 2077 452 2161 plicandam
485 2079 611 2144 aciem
644 2076 805 2143 fuisset.
850 2076 1011 2142 Vitiosum
1033 2096 1107 2141 esse
1133 2095 1370 2141 concursum

219 2207 279 2268 pro
312 2207 556 2253 concursum
584 2194 709 2266 esset,
749 2186 807 2251 elii
845 2184 1091 2265 intellexerunt3
1129 2183 1230 2269 plane
1271 2183 1370 2250 abnu-

220 2293 278 2362 dat
299 2291 460 2361 abillis
484 2315 684 2379 pravumque
714 2315 895 2378 pronomen
916 2299 985 2373 est;
1019 2292 1078 2358 sed
1106 2299 1272 2376 praterea
1301 2312 1370 2376 por·

219 2423 312 2467 verse
333 2403 578 2485 coniunguntur
600 2401 638 2464 Ιι
666 2409 876 2486 posterum
909 2402 1013 2467 diem
1041 2399 1146 2486 (qnod
1166 2421 1272 2485 quum
1294 2399 1368 2465 dici-

218 2516 282 2589 tur,
304 2511 415 2591 agitur
437 2508 478 2574 de
501 2511 610 2593 priore
635 2509 703 2590 die,
725 2512 820 2576 cuiue
843 2531 953 2595 pugna
974 2515 1112 2587 narrata
1133 2507 1200 2590 cat)
1223 2516 1259 2574 et
1281 2528 1368 2574 con·

220 2638 379 2683 cursum
401 2624 512 2683 esset
533 2617 620 2701 (ipso
642 2623 777 2702 postero
800 2618 883 2698 die);
916 2624 1007 2683 recte
1036 2617 1103 2683 dici
1125 2618 1254 2700 possit:
1276 2616 1367 2681 irri-

219 2728 319 2791 tatis
358 2727 516 2801 animis,
546 2726 741 2791 infestius
770 2735 934 2810 postero
958 2725 1022 2789 die
1046 2746 1289 2791 coneursum
1311 2745 1366 2789 es·

219 2842 297 2913 set3
320 2855 406 2899 nunc
430 2835 555 2898 hocin
579 2840 791 2916 posterum
814 2834 916 2898 diem
939 2833 1074 2898 verbum
1098 2833 1262 2916 postulat,
1286 2829 1365 2916 quod

219 2943 338 3026 prioris
363 2942 428 3007 diei
462 2943 625 3006 actionem
659 2939 828 3022 significet.
874 2940 985 3006 Codex
1013 2943 1083 3025 ipse
1117 2943 1200 3006 satis
1229 2939 1365 3006 ostendit

219 3050 309 3114 aliud
334 3052 492 3133 scriptum
514 3049 622 3127 fuisse,
646 3050 679 3112 in
703 3070 768 3132 quo
793 3051 841 3113 sic
864 3049 1032 3114 scribitur:
1055 3049 1283 3115 maioribus
1305 3069 1362 3113 co·

218 3159 299 3240 piis
334 3158 465 3240 adque
498 3134 744 3222 infesiutius
782 3179 1027 3224 concursum
1061 3156 1261 3222 abellisin
1294 3153 1362 3221 loci

219 3268 323 3330 satis
347 3266 395 3330 ad
419 3266 519 3349 expl.
544 3286 597 3330 ac.
620 3264 642 3329 f.
677 3266 761 3330 Hinc
785 3265 941 3330 efficitur:
964 3265 1158 3330 lrritntis
1182 3266 1222 3329 in
1245 3271 1361 3349 poste·

217 3395 302 3437 rum
326 3373 426 3439 diem
450 3374 604 3453 animis,
628 3374 848 3439 maioribus
872 3374 1006 3457 copiis
1031 3380 1154 3454 atque
1178 3373 1358 3438 infestius

219 3481 444 3544 concursui
492 3482 646 3558 abeunt,
682 3483 715 3545 si
749 3480 828 3547 loci
868 3481 968 3546 satis
1002 3480 1051 3545 ad
1085 3480 1357 3563 explicandam

218 3590 342 3652 aciem
366 3588 562 3669 suisset.¹)
597 3589 753 3671 Sequitur
776 3589 815 3654 de
839 3589 901 3653 hac
919 3590 994 3672 ipsa
1016 3589 1156 3653 alterius
1177 3589 1243 3653 diei
1264 3602 1355 3673 pugna

218 3695 309 3760 locus
332 3693 363 3777 (ᾖ
387 3701 415 3763 6,
439 3705 616 3780 postquam
639 3699 825 3781 expositum
848 3705 907 3775 est,
930 3697 1088 3761 maiorem
1111 3704 1242 3780 partem
1265 3694 1354 3778 copia·

243 3933 269 3989 ¹)
288 3931 455 4000 [Numquam
470 3935 600 4001 supinum
618 3936 733 4001 ponitur
751 3936 780 3988 in
796 3933 982 4002 significando
997 3935 1127 4001 consilio,
1146 3934 1223 4003 quod
1237 3932 1351 3987 differtur.

285 4028 312 4068 et
340 4019 379 4069 rei
403 4018 506 4071 futnoe
526 4020 754 4085 exspectatioue3
782 4021 877 4086 itaque
895 4019 1029 4073 Latinum
1056 4037 1116 4074 non
1144 4026 1202 4073 est:
1230 4020 1308 4073 abeo
1327 4012 1351 4062 in

285 4112 468 4168 posterum
487 4103 573 4156 diem
599 4103 765 4157 infestius
789 4121 1011 4169 concursum,
1034 4110 1066 4157 ut
1090 4106 1141 4158 sit:
1169 4122 1203 4160 eo
1222 4100 1352 4159 animan

284 4212 319 4221 —
337 4203 511 4240 concurram.
547 4188 615 4254 Qua
636 4189 882 4243 ll'eisaenbornins
912 4190 1017 4245 obiicit
1047 4189 1141 4244 fateor
1158 4208 1216 4257 me,
1242 4200 1273 4244 ut
1288 4189 1350 4240 inter*

286 4269 351 4322 dnm
380 4272 462 4328 alibi.
481 4289 538 4326 non
561 4273 733 4339 intellegere.
770 4273 874 4339 Quidni
902 4275 1025 4328 dicatur:
1053 4275 1191 4330 abimus
1217 4289 1289 4330 eras
1310 4269 1348 4320 in·

286 4352 412 4407 sestius
431 4360 650 4423 concursuri,
672 4359 698 4409 si
718 4358 788 4412 loci
808 4360 894 4411 satis
914 4358 1058 4426 fueriti]
