<?xml version="1.0" encoding="UTF-8"?>
<!DOCTYPE html PUBLIC "-//W3C//DTD XHTML 1.0 Transitional//EN"
    "http://www.w3.org/TR/xhtml1/DTD/xhtml1-transitional.dtd">
<html xmlns="http://www.w3.org/1999/xhtml" xml:lang="en" lang="en">
 <head>
  <title>
</title>
<meta http-equiv="Content-Type" content="text/html;charset=utf-8" />
  <meta name='ocr-system' content='tesseract 3.04.00' />
  <meta name='ocr-capabilities' content='ocr_page ocr_carea ocr_par ocr_line ocrx_word'/>
</head>
<body>
  <div class='ocr_page' id='page_1' title='image "./emendationesliv00madvgoog_0560.png"; bbox 0 0 3000 5116; ppageno 0'>
   <div class='ocr_carea' id='block_1_1' title="bbox 694 423 1302 486">
    <p class='ocr_par' dir='ltr' id='par_1_1' title="bbox 694 423 1302 486">
     <span class='ocr_line' id='line_1_1' title="bbox 694 423 1302 486; baseline -0.002 -2"><span class='ocrx_word' id='word_1_1' title='bbox 694 423 755 484; x_wconf 80' lang='lat'>549</span> <span class='ocrx_word' id='word_1_2' title='bbox 1000 466 1002 473; x_wconf 70' lang='lat'>,</span> <span class='ocrx_word' id='word_1_3' title='bbox 1068 431 1130 486; x_wconf 86' lang='lat' dir='ltr'>Lib.</span> <span class='ocrx_word' id='word_1_4' title='bbox 1149 429 1302 484; x_wconf 83' lang='lat' dir='ltr'>XXXVIII.</span> 
     </span>
    </p>
   </div>
   <div class='ocr_carea' id='block_1_2' title="bbox 136 601 1391 3807">
    <p class='ocr_par' dir='ltr' id='par_1_2' title="bbox 144 601 1391 1761">
     <span class='ocr_line' id='line_1_2' title="bbox 147 601 1304 687; baseline -0.005 -16"><span class='ocrx_word' id='word_1_5' title='bbox 147 605 268 685; x_wconf 90' lang='lat' dir='ltr'>dium,</span> <span class='ocrx_word' id='word_1_6' title='bbox 299 605 372 671; x_wconf 92' lang='lat' dir='ltr'>coll.</span> <span class='ocrx_word' id='word_1_7' title='bbox 396 605 531 687; x_wconf 86' lang='lat' dir='ltr'>XXXII,</span> <span class='ocrx_word' id='word_1_8' title='bbox 556 611 584 686; x_wconf 74' lang='lat'>2,</span> <span class='ocrx_word' id='word_1_9' title='bbox 610 611 625 671; x_wconf 96' lang='grc'>1</span> <span class='ocrx_word' id='word_1_10' title='bbox 650 613 685 671; x_wconf 91' lang='lat' dir='ltr'>et</span> <span class='ocrx_word' id='word_1_11' title='bbox 710 604 861 685; x_wconf 86' lang='lat' dir='ltr'>XXXIII,</span> <span class='ocrx_word' id='word_1_12' title='bbox 885 609 935 684; x_wconf 87' lang='grc'>46,</span> <span class='ocrx_word' id='word_1_13' title='bbox 959 607 994 683; x_wconf 86' lang='grc'>9;</span> <span class='ocrx_word' id='word_1_14' title='bbox 1019 601 1108 686; x_wconf 82' lang='lat' dir='ltr'>apud</span> <span class='ocrx_word' id='word_1_15' title='bbox 1131 601 1304 685; x_wconf 85' lang='lat' dir='ltr'><strong>Polybium</strong></span> 
     </span>
     <span class='ocr_line' id='line_1_3' title="bbox 144 711 1304 796; baseline -0.005 -17"><span class='ocrx_word' id='word_1_16' title='bbox 144 735 246 779; x_wconf 90' lang='lat' dir='ltr'>unum</span> <span class='ocrx_word' id='word_1_17' title='bbox 269 720 321 778; x_wconf 90' lang='lat' dir='ltr'>est</span> <span class='ocrx_word' id='word_1_18' title='bbox 342 720 453 795; x_wconf 75' lang='grc' dir='ltr'><em>φόρους.</em></span> <span class='ocrx_word' id='word_1_19' title='bbox 481 713 589 796; x_wconf 70' lang='grc'><strong>1865]</strong></span> <span class='ocrx_word' id='word_1_20' title='bbox 635 714 739 778; x_wconf 84' lang='lat' dir='ltr'>Peulo</span> <span class='ocrx_word' id='word_1_21' title='bbox 768 720 844 795; x_wconf 90' lang='lat' dir='ltr'>post</span> <span class='ocrx_word' id='word_1_22' title='bbox 868 711 899 795; x_wconf 59' lang='grc' dir='ltr'>(ᾗ</span> <span class='ocrx_word' id='word_1_23' title='bbox 924 711 977 793; x_wconf 81' lang='grc'>14)</span> <span class='ocrx_word' id='word_1_24' title='bbox 1005 732 1119 775; x_wconf 86' lang='lat' dir='ltr'>verum</span> <span class='ocrx_word' id='word_1_25' title='bbox 1147 730 1219 774; x_wconf 88' lang='lat' dir='ltr'>esse</span> <span class='ocrx_word' id='word_1_26' title='bbox 1247 729 1304 773; x_wconf 88' lang='lat' dir='ltr'>ne-</span> 
     </span>
     <span class='ocr_line' id='line_1_4' title="bbox 146 817 1304 905; baseline -0.004 -20"><span class='ocrx_word' id='word_1_27' title='bbox 146 822 228 904; x_wconf 85' lang='lat' dir='ltr'>quit,</span> <span class='ocrx_word' id='word_1_28' title='bbox 253 820 341 901; x_wconf 92' lang='lat' dir='ltr'>quod</span> <span class='ocrx_word' id='word_1_29' title='bbox 365 821 489 886; x_wconf 85' lang='lat' dir='ltr'>editur:</span> <span class='ocrx_word' id='word_1_30' title='bbox 514 828 643 905; x_wconf 91' lang='lat' dir='ltr'>etpro</span> <span class='ocrx_word' id='word_1_31' title='bbox 662 820 883 899; x_wconf 83' lang='lat' dir='ltr'>frumento,</span> <span class='ocrx_word' id='word_1_32' title='bbox 908 819 1013 903; x_wconf 90' lang='lat' dir='ltr'>quod</span> <span class='ocrx_word' id='word_1_33' title='bbox 1032 817 1304 883; x_wconf 72' lang='lat' dir='ltr'>aestimatione</span> 
     </span>
     <span class='ocr_line' id='line_1_5' title="bbox 145 925 1305 1008; baseline -0.002 -18"><span class='ocrx_word' id='word_1_34' title='bbox 145 925 236 1006; x_wconf 82' lang='lat' dir='ltr'>fist,</span> <span class='ocrx_word' id='word_1_35' title='bbox 260 927 420 993; x_wconf 78' lang='lat' dir='ltr'>talenta</span> <span class='ocrx_word' id='word_1_36' title='bbox 445 927 641 1008; x_wconf 79' lang='lat' dir='ltr'>CXXV113</span> <span class='ocrx_word' id='word_1_37' title='bbox 663 929 733 993; x_wconf 87' lang='lat' dir='ltr'>baec</span> <span class='ocrx_word' id='word_1_38' title='bbox 752 929 837 993; x_wconf 89' lang='lat' dir='ltr'>enim</span> <span class='ocrx_word' id='word_1_39' title='bbox 854 928 1000 993; x_wconf 84' lang='lat' dir='ltr'>relatives</span> <span class='ocrx_word' id='word_1_40' title='bbox 1020 927 1179 992; x_wconf 81' lang='lat' dir='ltr'>orationis</span> <span class='ocrx_word' id='word_1_41' title='bbox 1198 925 1305 989; x_wconf 80' lang='lat' dir='ltr'>forms</span> 
     </span>
     <span class='ocr_line' id='line_1_6' title="bbox 146 1030 1305 1119; baseline -0.003 -19"><span class='ocrx_word' id='word_1_42' title='bbox 146 1035 265 1119; x_wconf 88' lang='lat' dir='ltr'>(quod</span> <span class='ocrx_word' id='word_1_43' title='bbox 287 1069 331 1080; x_wconf 91' lang='lat'><em>-</em></span> <span class='ocrx_word' id='word_1_44' title='bbox 352 1033 444 1115; x_wconf 81' lang='lat' dir='ltr'>fiat)</span> <span class='ocrx_word' id='word_1_45' title='bbox 467 1041 593 1100; x_wconf 86' lang='lat' dir='ltr'>certam</span> <span class='ocrx_word' id='word_1_46' title='bbox 616 1035 718 1100; x_wconf 83' lang='lat' dir='ltr'>hebet</span> <span class='ocrx_word' id='word_1_47' title='bbox 740 1037 788 1100; x_wconf 90' lang='lat' dir='ltr'>rei</span> <span class='ocrx_word' id='word_1_48' title='bbox 812 1032 1120 1099; x_wconf 71' lang='lat' dir='ltr'><strong>circumscribendae</strong></span> <span class='ocrx_word' id='word_1_49' title='bbox 1138 1030 1305 1116; x_wconf 85' lang='lat' dir='ltr'>significa-</span> 
     </span>
     <span class='ocr_line' id='line_1_7' title="bbox 144 1140 1304 1224; baseline -0.003 -16"><span class='ocrx_word' id='word_1_50' title='bbox 144 1143 268 1208; x_wconf 78' lang='lat' dir='ltr'><strong>tionem</strong></span> <span class='ocrx_word' id='word_1_51' title='bbox 292 1143 397 1224; x_wconf 88' lang='lat' dir='ltr'>(dum</span> <span class='ocrx_word' id='word_1_52' title='bbox 425 1142 537 1207; x_wconf 92' lang='lat' dir='ltr'>modo</span> <span class='ocrx_word' id='word_1_53' title='bbox 560 1143 603 1207; x_wconf 93' lang='lat' dir='ltr'>id</span> <span class='ocrx_word' id='word_1_54' title='bbox 634 1144 908 1208; x_wconf 72' lang='lat' dir='ltr'>aestimatione</span> <span class='ocrx_word' id='word_1_55' title='bbox 941 1141 1039 1222; x_wconf 82' lang='lat' dir='ltr'>liet),</span> <span class='ocrx_word' id='word_1_56' title='bbox 1068 1141 1110 1205; x_wconf 88' lang='lat' dir='ltr'>ab</span> <span class='ocrx_word' id='word_1_57' title='bbox 1140 1140 1202 1205; x_wconf 93' lang='lat' dir='ltr'>hoc</span> <span class='ocrx_word' id='word_1_58' title='bbox 1231 1140 1304 1204; x_wconf 90' lang='lat' dir='ltr'>loco</span> 
     </span>
     <span class='ocr_line' id='line_1_8' title="bbox 146 1247 1306 1333; baseline -0.003 -19"><span class='ocrx_word' id='word_1_59' title='bbox 146 1249 302 1328; x_wconf 79' lang='lat' dir='ltr'>alienam,</span> <span class='ocrx_word' id='word_1_60' title='bbox 326 1270 427 1333; x_wconf 90' lang='lat' dir='ltr'>quum</span> <span class='ocrx_word' id='word_1_61' title='bbox 449 1252 651 1333; x_wconf 73' lang='lat' dir='ltr'>praesertim,</span> <span class='ocrx_word' id='word_1_62' title='bbox 676 1252 894 1316; x_wconf 75' lang='lat' dir='ltr'>aestimatione</span> <span class='ocrx_word' id='word_1_63' title='bbox 923 1252 989 1315; x_wconf 86' lang='lat' dir='ltr'>iem</span> <span class='ocrx_word' id='word_1_64' title='bbox 1013 1256 1089 1315; x_wconf 83' lang='lat' dir='ltr'>ente</span> <span class='ocrx_word' id='word_1_65' title='bbox 1111 1247 1211 1327; x_wconf 83' lang='lat' dir='ltr'>facte,</span> <span class='ocrx_word' id='word_1_66' title='bbox 1236 1267 1306 1312; x_wconf 90' lang='lat' dir='ltr'>cer-</span> 
     </span>
     <span class='ocr_line' id='line_1_9' title="bbox 144 1355 1304 1441; baseline -0.002 -19"><span class='ocrx_word' id='word_1_67' title='bbox 144 1362 183 1422; x_wconf 82' lang='lat' dir='ltr'>ta</span> <span class='ocrx_word' id='word_1_68' title='bbox 205 1357 353 1439; x_wconf 83' lang='lat' dir='ltr'>pecuniae</span> <span class='ocrx_word' id='word_1_69' title='bbox 376 1378 504 1422; x_wconf 83' lang='lat' dir='ltr'>summa</span> <span class='ocrx_word' id='word_1_70' title='bbox 527 1365 680 1441; x_wconf 84' lang='lat' dir='ltr'>ponatur.</span> <span class='ocrx_word' id='word_1_71' title='bbox 726 1357 753 1421; x_wconf 93' lang='lat' dir='ltr'><strong>B</strong></span> <span class='ocrx_word' id='word_1_72' title='bbox 785 1364 818 1421; x_wconf 92' lang='lat' dir='ltr'>et</span> <span class='ocrx_word' id='word_1_73' title='bbox 841 1358 917 1422; x_wconf 77' lang='lat' dir='ltr'>Iov.</span> <span class='ocrx_word' id='word_1_74' title='bbox 945 1362 962 1420; x_wconf 89' lang='grc'>3</span> <span class='ocrx_word' id='word_1_75' title='bbox 991 1376 1051 1440; x_wconf 86' lang='lat' dir='ltr'>pro</span> <span class='ocrx_word' id='word_1_76' title='bbox 1073 1355 1150 1421; x_wconf 83' lang='lat' dir='ltr'>fiat</span> <span class='ocrx_word' id='word_1_77' title='bbox 1179 1355 1304 1420; x_wconf 82' lang='lat' dir='ltr'>hebent</span> 
     </span>
     <span class='ocr_line' id='line_1_10' title="bbox 146 1462 1304 1545; baseline -0.003 -16"><span class='ocrx_word' id='word_1_78' title='bbox 146 1464 218 1543; x_wconf 88' lang='lat' dir='ltr'>sit,</span> <span class='ocrx_word' id='word_1_79' title='bbox 252 1465 354 1529; x_wconf 84' lang='lat' dir='ltr'>ceteri</span> <span class='ocrx_word' id='word_1_80' title='bbox 388 1463 696 1530; x_wconf 84' lang='lat' dir='ltr'>Drakenborchieni</span> <span class='ocrx_word' id='word_1_81' title='bbox 731 1465 849 1545; x_wconf 77' lang='lat' dir='ltr'>(Voss,</span> <span class='ocrx_word' id='word_1_82' title='bbox 885 1465 961 1529; x_wconf 86' lang='lat' dir='ltr'>Lov.</span> <span class='ocrx_word' id='word_1_83' title='bbox 1003 1468 1029 1543; x_wconf 92' lang='lat' dir='ltr'>l,</span> <span class='ocrx_word' id='word_1_84' title='bbox 1068 1468 1098 1542; x_wconf 82' lang='lat'>2,</span> <span class='ocrx_word' id='word_1_85' title='bbox 1133 1469 1161 1542; x_wconf 86' lang='lat'>5,</span> <span class='ocrx_word' id='word_1_86' title='bbox 1197 1462 1304 1527; x_wconf 83' lang='lat' dir='ltr'>Mead.</span> 
     </span>
     <span class='ocr_line' id='line_1_11' title="bbox 148 1569 1391 1654; baseline 0.005 -20"><span class='ocrx_word' id='word_1_87' title='bbox 148 1575 175 1650; x_wconf 92' lang='lat'>1,</span> <span class='ocrx_word' id='word_1_88' title='bbox 198 1577 228 1649; x_wconf 87' lang='grc'>4,</span> <span class='ocrx_word' id='word_1_89' title='bbox 252 1570 390 1652; x_wconf 85' lang='lat' dir='ltr'>Gsertn.)</span> <span class='ocrx_word' id='word_1_90' title='bbox 407 1569 466 1650; x_wconf 84' lang='lat' dir='ltr'>fit,</span> <span class='ocrx_word' id='word_1_91' title='bbox 490 1573 579 1654; x_wconf 92' lang='lat' dir='ltr'>quod</span> <span class='ocrx_word' id='word_1_92' title='bbox 601 1572 840 1637; x_wconf 91' lang='lat' dir='ltr'>restituendum</span> <span class='ocrx_word' id='word_1_93' title='bbox 862 1572 1002 1651; x_wconf 83' lang='lat' dir='ltr'>videtur,</span> <span class='ocrx_word' id='word_1_94' title='bbox 1026 1578 1063 1636; x_wconf 90' lang='lat' dir='ltr'>ut</span> <span class='ocrx_word' id='word_1_95' title='bbox 1086 1569 1301 1654; x_wconf 84' lang='lat' dir='ltr'>significetur:</span> <span class='ocrx_word' id='word_1_96' title='bbox 1319 1584 1391 1654; x_wconf 73' lang='lat'>(440)</span> 
     </span>
     <span class='ocr_line' id='line_1_12' title="bbox 144 1677 1196 1761; baseline -0.001 -19"><span class='ocrx_word' id='word_1_97' title='bbox 144 1677 190 1757; x_wconf 82' lang='lat' dir='ltr'>Id,</span> <span class='ocrx_word' id='word_1_98' title='bbox 214 1679 303 1760; x_wconf 82' lang='lat' dir='ltr'>quod</span> <span class='ocrx_word' id='word_1_99' title='bbox 326 1680 544 1745; x_wconf 69' lang='lat' dir='ltr'>aestimatlone</span> <span class='ocrx_word' id='word_1_100' title='bbox 568 1679 709 1745; x_wconf 74' lang='lat' dir='ltr'>efficitur</span> <span class='ocrx_word' id='word_1_101' title='bbox 731 1679 776 1761; x_wconf 84' lang='grc' dir='ltr'>(τὸ</span> <span class='ocrx_word' id='word_1_102' title='bbox 797 1689 829 1759; x_wconf 76' lang='grc' dir='ltr'>τῇ</span> <span class='ocrx_word' id='word_1_103' title='bbox 852 1688 953 1760; x_wconf 72' lang='grc' dir='ltr'><strong><em>τιμήσει</em></strong></span> <span class='ocrx_word' id='word_1_104' title='bbox 976 1677 1196 1761; x_wconf 60' lang='grc' dir='ltr'>γιγνόμενον).1)</span> 
     </span>
    </p>

    <p class='ocr_par' dir='ltr' id='par_1_3' title="bbox 141 1783 1341 3266">
     <span class='ocr_line' id='line_1_13' title="bbox 234 1783 1304 1871; baseline 0 -21"><span class='ocrx_word' id='word_1_105' title='bbox 234 1783 313 1869; x_wconf 81' lang='lat' dir='ltr'>Cap.</span> <span class='ocrx_word' id='word_1_106' title='bbox 336 1791 388 1866; x_wconf 88' lang='grc'>41,</span> <span class='ocrx_word' id='word_1_107' title='bbox 414 1791 432 1850; x_wconf 86' lang='grc'><strong>3</strong></span> <span class='ocrx_word' id='word_1_108' title='bbox 455 1794 489 1852; x_wconf 93' lang='lat' dir='ltr'>et</span> <span class='ocrx_word' id='word_1_109' title='bbox 511 1808 572 1871; x_wconf 88' lang='lat' dir='ltr'>per</span> <span class='ocrx_word' id='word_1_110' title='bbox 594 1809 629 1852; x_wconf 90' lang='lat' dir='ltr'>se</span> <span class='ocrx_word' id='word_1_111' title='bbox 652 1809 804 1870; x_wconf 82' lang='lat' dir='ltr'>perverse</span> <span class='ocrx_word' id='word_1_112' title='bbox 832 1787 1068 1871; x_wconf 83' lang='lat' dir='ltr'>impedimenta</span> <span class='ocrx_word' id='word_1_113' title='bbox 1090 1786 1304 1870; x_wconf 90' lang='lat' dir='ltr'>impedimen·</span> 
     </span>
     <span class='ocr_line' id='line_1_14' title="bbox 145 1894 1305 1979; baseline 0 -20"><span class='ocrx_word' id='word_1_114' title='bbox 145 1900 256 1959; x_wconf 87' lang='lat' dir='ltr'>torum</span> <span class='ocrx_word' id='word_1_115' title='bbox 278 1894 371 1977; x_wconf 83' lang='lat' dir='ltr'>pars)</span> <span class='ocrx_word' id='word_1_116' title='bbox 394 1894 551 1960; x_wconf 89' lang='lat' dir='ltr'>cecidisse</span> <span class='ocrx_word' id='word_1_117' title='bbox 576 1896 731 1960; x_wconf 86' lang='lat' dir='ltr'>dicuntur</span> <span class='ocrx_word' id='word_1_118' title='bbox 754 1902 787 1961; x_wconf 91' lang='lat' dir='ltr'>et</span> <span class='ocrx_word' id='word_1_119' title='bbox 809 1917 908 1979; x_wconf 83' lang='lat' dir='ltr'>prave</span> <span class='ocrx_word' id='word_1_120' title='bbox 931 1894 1167 1978; x_wconf 81' lang='lat' dir='ltr'>impedimenta</span> <span class='ocrx_word' id='word_1_121' title='bbox 1195 1901 1229 1958; x_wconf 91' lang='lat' dir='ltr'>et</span> <span class='ocrx_word' id='word_1_122' title='bbox 1251 1915 1305 1959; x_wconf 82' lang='lat' dir='ltr'>ce-</span> 
     </span>
     <span class='ocr_line' id='line_1_15' title="bbox 144 2001 1304 2085; baseline 0 -19"><span class='ocrx_word' id='word_1_123' title='bbox 144 2001 237 2066; x_wconf 90' lang='lat' dir='ltr'>lones</span> <span class='ocrx_word' id='word_1_124' title='bbox 261 2001 376 2065; x_wconf 90' lang='lat' dir='ltr'>eodem</span> <span class='ocrx_word' id='word_1_125' title='bbox 398 2002 610 2068; x_wconf 84' lang='lat' dir='ltr'>ordinecum</span> <span class='ocrx_word' id='word_1_126' title='bbox 632 2003 793 2067; x_wconf 87' lang='lat' dir='ltr'>militibus</span> <span class='ocrx_word' id='word_1_127' title='bbox 817 2004 1070 2085; x_wconf 84' lang='lat' dir='ltr'>coniunguntur.</span> <span class='ocrx_word' id='word_1_128' title='bbox 1105 2002 1239 2081; x_wconf 88' lang='lat' dir='ltr'>Vereor,</span> <span class='ocrx_word' id='word_1_129' title='bbox 1262 2022 1304 2066; x_wconf 91' lang='lat' dir='ltr'>ne</span> 
     </span>
     <span class='ocr_line' id='line_1_16' title="bbox 144 2107 1303 2193; baseline -0.001 -20"><span class='ocrx_word' id='word_1_130' title='bbox 144 2116 223 2193; x_wconf 88' lang='lat' dir='ltr'>post</span> <span class='ocrx_word' id='word_1_131' title='bbox 262 2129 357 2192; x_wconf 86' lang='lat' dir='ltr'>pars</span> <span class='ocrx_word' id='word_1_132' title='bbox 380 2110 557 2174; x_wconf 81' lang='lat' dir='ltr'>&#39;exciderit</span> <span class='ocrx_word' id='word_1_133' title='bbox 595 2112 748 2175; x_wconf 84' lang='lat' dir='ltr'>amissa</span> <span class='ocrx_word' id='word_1_134' title='bbox 789 2116 898 2175; x_wconf 89' lang='lat' dir='ltr'>esset</span> <span class='ocrx_word' id='word_1_135' title='bbox 933 2116 991 2174; x_wconf 87' lang='lat' dir='ltr'>aut</span> <span class='ocrx_word' id='word_1_136' title='bbox 1025 2109 1130 2174; x_wconf 90' lang='lat' dir='ltr'>simile</span> <span class='ocrx_word' id='word_1_137' title='bbox 1167 2107 1303 2191; x_wconf 78' lang='lat' dir='ltr'>aliquid.</span> 
     </span>
     <span class='ocr_line' id='line_1_17' title="bbox 145 2214 1302 2300; baseline -0.001 -21"><span class='ocrx_word' id='word_1_138' title='bbox 145 2215 271 2299; x_wconf 84' lang='grc'>(1865.)</span> <span class='ocrx_word' id='word_1_139' title='bbox 328 2214 595 2300; x_wconf 85' lang='lat' dir='ltr'>[Wesenbergius</span> <span class='ocrx_word' id='word_1_140' title='bbox 623 2218 740 2283; x_wconf 92' lang='lat' dir='ltr'>obiicit</span> <span class='ocrx_word' id='word_1_141' title='bbox 774 2218 924 2283; x_wconf 90' lang='lat' dir='ltr'>Frontini</span> <span class='ocrx_word' id='word_1_142' title='bbox 964 2215 1064 2282; x_wconf 87' lang='lat' dir='ltr'>Strat.</span> <span class='ocrx_word' id='word_1_143' title='bbox 1104 2217 1144 2296; x_wconf 94' lang='lat' dir='ltr'>Il,</span> <span class='ocrx_word' id='word_1_144' title='bbox 1179 2221 1205 2295; x_wconf 89' lang='lat'>1,</span> <span class='ocrx_word' id='word_1_145' title='bbox 1249 2219 1302 2280; x_wconf 92' lang='lat' dir='ltr'>ll:</span> 
     </span>
     <span class='ocr_line' id='line_1_18' title="bbox 145 2320 1305 2409; baseline 0.003 -23"><span class='ocrx_word' id='word_1_146' title='bbox 145 2320 181 2388; x_wconf 85' lang='lat' dir='ltr'>G.</span> <span class='ocrx_word' id='word_1_147' title='bbox 207 2321 354 2402; x_wconf 77' lang='lat' dir='ltr'>Csesar,</span> <span class='ocrx_word' id='word_1_148' title='bbox 378 2344 496 2406; x_wconf 91' lang='lat' dir='ltr'>quum</span> <span class='ocrx_word' id='word_1_149' title='bbox 519 2360 560 2370; x_wconf 93' lang='lat'><em>-</em></span> <span class='ocrx_word' id='word_1_150' title='bbox 584 2324 824 2391; x_wconf 83' lang='lat' dir='ltr'>interfectis</span> <span class='ocrx_word' id='word_1_151' title='bbox 843 2326 1029 2392; x_wconf 88' lang='lat' dir='ltr'>omnibus</span> <span class='ocrx_word' id='word_1_152' title='bbox 1047 2325 1305 2409; x_wconf 91' lang='lat' dir='ltr'>impedimen·</span> 
     </span>
     <span class='ocr_line' id='line_1_19' title="bbox 143 2429 1307 2516; baseline 0.003 -21"><span class='ocrx_word' id='word_1_153' title='bbox 143 2432 202 2496; x_wconf 89' lang='lat' dir='ltr'>tis</span> <span class='ocrx_word' id='word_1_154' title='bbox 226 2429 275 2495; x_wconf 83' lang='lat' dir='ltr'>ed</span> <span class='ocrx_word' id='word_1_155' title='bbox 298 2450 470 2514; x_wconf 83' lang='lat' dir='ltr'>pugnam</span> <span class='ocrx_word' id='word_1_156' title='bbox 494 2432 780 2497; x_wconf 85' lang='lat' dir='ltr'>descendisset</span> <span class='ocrx_word' id='word_1_157' title='bbox 803 2441 881 2513; x_wconf 71' lang='lat' dir='ltr'>cet,</span> <span class='ocrx_word' id='word_1_158' title='bbox 906 2433 963 2499; x_wconf 89' lang='lat' dir='ltr'>sed</span> <span class='ocrx_word' id='word_1_159' title='bbox 982 2431 1092 2498; x_wconf 83' lang='lat' dir='ltr'>Caesar</span> <span class='ocrx_word' id='word_1_160' title='bbox 1115 2434 1185 2516; x_wconf 92' lang='lat' dir='ltr'>ipse</span> <span class='ocrx_word' id='word_1_161' title='bbox 1209 2434 1242 2497; x_wconf 91' lang='lat' dir='ltr'>in</span> <span class='ocrx_word' id='word_1_162' title='bbox 1266 2453 1307 2498; x_wconf 80' lang='lat' dir='ltr'>ee</span> 
     </span>
     <span class='ocr_line' id='line_1_20' title="bbox 143 2537 1305 2621; baseline 0.003 -18"><span class='ocrx_word' id='word_1_163' title='bbox 143 2558 181 2603; x_wconf 92' lang='lat' dir='ltr'>re</span> <span class='ocrx_word' id='word_1_164' title='bbox 197 2538 365 2603; x_wconf 81' lang='lat' dir='ltr'>narranda</span> <span class='ocrx_word' id='word_1_165' title='bbox 382 2537 419 2602; x_wconf 89' lang='lat' dir='ltr'>B.</span> <span class='ocrx_word' id='word_1_166' title='bbox 439 2537 472 2602; x_wconf 87' lang='lat' dir='ltr'>G.</span> <span class='ocrx_word' id='word_1_167' title='bbox 491 2540 515 2617; x_wconf 96' lang='lat' dir='ltr'>l,</span> <span class='ocrx_word' id='word_1_168' title='bbox 535 2544 573 2603; x_wconf 82' lang='lat'>81</span> <span class='ocrx_word' id='word_1_169' title='bbox 593 2539 709 2604; x_wconf 86' lang='lat' dir='ltr'>habet:</span> <span class='ocrx_word' id='word_1_170' title='bbox 731 2542 915 2605; x_wconf 86' lang='lat' dir='ltr'>iumenta</span> <span class='ocrx_word' id='word_1_171' title='bbox 931 2540 1124 2605; x_wconf 87' lang='lat' dir='ltr'>interfici</span> <span class='ocrx_word' id='word_1_172' title='bbox 1143 2541 1305 2621; x_wconf 82' lang='lat' dir='ltr'>iubent3</span> 
     </span>
     <span class='ocr_line' id='line_1_21' title="bbox 144 2646 1341 2730; baseline 0.003 -21"><span class='ocrx_word' id='word_1_173' title='bbox 144 2646 259 2728; x_wconf 73' lang='lat' dir='ltr'>itaque</span> <span class='ocrx_word' id='word_1_174' title='bbox 294 2653 354 2709; x_wconf 82' lang='lat' dir='ltr'>eut</span> <span class='ocrx_word' id='word_1_175' title='bbox 387 2647 488 2711; x_wconf 86' lang='lat' dir='ltr'>etiam</span> <span class='ocrx_word' id='word_1_176' title='bbox 521 2647 608 2730; x_wconf 86' lang='lat' dir='ltr'>apud</span> <span class='ocrx_word' id='word_1_177' title='bbox 637 2647 831 2712; x_wconf 87' lang='lat' dir='ltr'>Frontinum</span> <span class='ocrx_word' id='word_1_178' title='bbox 865 2647 1074 2713; x_wconf 89' lang='lat' dir='ltr'>scribendum</span> <span class='ocrx_word' id='word_1_179' title='bbox 1108 2649 1305 2713; x_wconf 87' lang='lat' dir='ltr'>iumentis</span> <span class='ocrx_word' id='word_1_180' title='bbox 1336 2661 1341 2665; x_wconf 84' lang='grc'><strong>’</strong></span> 
     </span>
     <span class='ocr_line' id='line_1_22' title="bbox 144 2753 1305 2837; baseline 0.002 -20"><span class='ocrx_word' id='word_1_181' title='bbox 144 2758 205 2818; x_wconf 81' lang='lat' dir='ltr'>aut</span> <span class='ocrx_word' id='word_1_182' title='bbox 226 2753 298 2836; x_wconf 91' lang='lat' dir='ltr'>ipse</span> <span class='ocrx_word' id='word_1_183' title='bbox 320 2753 437 2819; x_wconf 83' lang='lat' dir='ltr'>vitiose</span> <span class='ocrx_word' id='word_1_184' title='bbox 459 2754 592 2819; x_wconf 90' lang='lat' dir='ltr'>locutus</span> <span class='ocrx_word' id='word_1_185' title='bbox 616 2776 687 2819; x_wconf 90' lang='lat' dir='ltr'>esse</span> <span class='ocrx_word' id='word_1_186' title='bbox 707 2755 891 2837; x_wconf 79' lang='lat' dir='ltr'>putandus3</span> <span class='ocrx_word' id='word_1_187' title='bbox 915 2777 990 2820; x_wconf 86' lang='lat' dir='ltr'>nam</span> <span class='ocrx_word' id='word_1_188' title='bbox 1009 2777 1057 2832; x_wconf 84' lang='lat' dir='ltr'>ee,</span> <span class='ocrx_word' id='word_1_189' title='bbox 1081 2776 1154 2837; x_wconf 87' lang='lat' dir='ltr'>quae</span> <span class='ocrx_word' id='word_1_190' title='bbox 1175 2755 1305 2820; x_wconf 90' lang='lat' dir='ltr'>Ouden-</span> 
     </span>
     <span class='ocr_line' id='line_1_23' title="bbox 144 2860 1306 2946; baseline 0.001 -21"><span class='ocrx_word' id='word_1_191' title='bbox 144 2860 282 2944; x_wconf 83' lang='lat' dir='ltr'>dorpius</span> <span class='ocrx_word' id='word_1_192' title='bbox 307 2880 327 2924; x_wconf 81' lang='lat' dir='ltr'><strong>a</strong></span> <span class='ocrx_word' id='word_1_193' title='bbox 351 2860 516 2926; x_wconf 87' lang='lat' dir='ltr'>Gronovio</span> <span class='ocrx_word' id='word_1_194' title='bbox 540 2863 665 2945; x_wconf 87' lang='lat' dir='ltr'>scripte</span> <span class='ocrx_word' id='word_1_195' title='bbox 687 2862 823 2945; x_wconf 85' lang='lat' dir='ltr'>profert,</span> <span class='ocrx_word' id='word_1_196' title='bbox 847 2883 963 2946; x_wconf 84' lang='lat' dir='ltr'>perum</span> <span class='ocrx_word' id='word_1_197' title='bbox 981 2870 1071 2926; x_wconf 88' lang='lat' dir='ltr'>recte</span> <span class='ocrx_word' id='word_1_198' title='bbox 1091 2883 1130 2926; x_wconf 86' lang='lat' dir='ltr'>ac</span> <span class='ocrx_word' id='word_1_199' title='bbox 1151 2862 1306 2927; x_wconf 87' lang='lat' dir='ltr'>distincte</span> 
     </span>
     <span class='ocr_line' id='line_1_24' title="bbox 145 2967 1305 3051; baseline 0.001 -19"><span class='ocrx_word' id='word_1_200' title='bbox 145 2967 324 3051; x_wconf 82' lang='lat' dir='ltr'>disputata</span> <span class='ocrx_word' id='word_1_201' title='bbox 346 2975 432 3046; x_wconf 88' lang='lat' dir='ltr'>sunt,</span> <span class='ocrx_word' id='word_1_202' title='bbox 454 2968 543 3033; x_wconf 85' lang='lat' dir='ltr'>velut</span> <span class='ocrx_word' id='word_1_203' title='bbox 560 2970 648 3051; x_wconf 83' lang='lat' dir='ltr'>apud</span> <span class='ocrx_word' id='word_1_204' title='bbox 668 2968 831 3034; x_wconf 85' lang='lat' dir='ltr'>Caesarem</span> <span class='ocrx_word' id='word_1_205' title='bbox 850 2969 886 3034; x_wconf 90' lang='lat' dir='ltr'>B.</span> <span class='ocrx_word' id='word_1_206' title='bbox 906 2969 944 3035; x_wconf 88' lang='lat' dir='ltr'>G.</span> <span class='ocrx_word' id='word_1_207' title='bbox 969 2970 1038 3045; x_wconf 85' lang='lat' dir='ltr'>vn,</span> <span class='ocrx_word' id='word_1_208' title='bbox 1063 2975 1103 3034; x_wconf 82' lang='grc'>45</span> <span class='ocrx_word' id='word_1_209' title='bbox 1127 2971 1222 3034; x_wconf 92' lang='lat' dir='ltr'>mulis</span> <span class='ocrx_word' id='word_1_210' title='bbox 1245 2970 1305 3033; x_wconf 89' lang='lat' dir='ltr'>im-</span> 
     </span>
     <span class='ocr_line' id='line_1_25' title="bbox 141 3076 1305 3161; baseline 0.001 -21"><span class='ocrx_word' id='word_1_211' title='bbox 141 3082 316 3160; x_wconf 90' lang='lat' dir='ltr'>ponuntur</span> <span class='ocrx_word' id='word_1_212' title='bbox 339 3076 503 3140; x_wconf 89' lang='lat' dir='ltr'>muliones</span> <span class='ocrx_word' id='word_1_213' title='bbox 526 3076 567 3140; x_wconf 85' lang='lat' dir='ltr'>ed</span> <span class='ocrx_word' id='word_1_214' title='bbox 592 3078 735 3159; x_wconf 90' lang='lat' dir='ltr'>speciem</span> <span class='ocrx_word' id='word_1_215' title='bbox 760 3078 908 3161; x_wconf 90' lang='lat' dir='ltr'>equitum</span> <span class='ocrx_word' id='word_1_216' title='bbox 932 3079 1069 3157; x_wconf 83' lang='lat' dir='ltr'>armati,</span> <span class='ocrx_word' id='word_1_217' title='bbox 1092 3078 1305 3160; x_wconf 89' lang='lat' dir='ltr'>impedimen-</span> 
     </span>
     <span class='ocr_line' id='line_1_26' title="bbox 141 3183 763 3266; baseline -0.002 -18"><span class='ocrx_word' id='word_1_218' title='bbox 141 3184 189 3248; x_wconf 85' lang='lat' dir='ltr'>tis</span> <span class='ocrx_word' id='word_1_219' title='bbox 212 3184 362 3266; x_wconf 87' lang='lat' dir='ltr'>impositi</span> <span class='ocrx_word' id='word_1_220' title='bbox 384 3183 523 3247; x_wconf 89' lang='lat' dir='ltr'>ridicule</span> <span class='ocrx_word' id='word_1_221' title='bbox 548 3183 763 3265; x_wconf 73' lang='lat' dir='ltr'>dicerentur]</span> 
     </span>
    </p>

    <p class='ocr_par' dir='ltr' id='par_1_4' title="bbox 136 3289 1306 3807">
     <span class='ocr_line' id='line_1_27' title="bbox 231 3289 1305 3373; baseline 0.003 -19"><span class='ocrx_word' id='word_1_222' title='bbox 231 3289 310 3373; x_wconf 85' lang='lat' dir='ltr'>Cap.</span> <span class='ocrx_word' id='word_1_223' title='bbox 334 3294 385 3368; x_wconf 84' lang='lat'>45,</span> <span class='ocrx_word' id='word_1_224' title='bbox 417 3295 435 3353; x_wconf 87' lang='grc'>6</span> <span class='ocrx_word' id='word_1_225' title='bbox 468 3291 515 3371; x_wconf 89' lang='lat' dir='ltr'>(in</span> <span class='ocrx_word' id='word_1_226' title='bbox 544 3291 694 3355; x_wconf 85' lang='lat' dir='ltr'>oratione</span> <span class='ocrx_word' id='word_1_227' title='bbox 726 3291 760 3354; x_wconf 91' lang='lat' dir='ltr'>L.</span> <span class='ocrx_word' id='word_1_228' title='bbox 785 3292 877 3356; x_wconf 86' lang='lat' dir='ltr'>Furii</span> <span class='ocrx_word' id='word_1_229' title='bbox 906 3300 940 3357; x_wconf 92' lang='lat' dir='ltr'>et</span> <span class='ocrx_word' id='word_1_230' title='bbox 968 3293 1003 3356; x_wconf 91' lang='lat' dir='ltr'>L.</span> <span class='ocrx_word' id='word_1_231' title='bbox 1033 3293 1158 3357; x_wconf 86' lang='lat' dir='ltr'>AEmilii</span> <span class='ocrx_word' id='word_1_232' title='bbox 1187 3300 1305 3359; x_wconf 83' lang='lat' dir='ltr'>contra</span> 
     </span>
     <span class='ocr_line' id='line_1_28' title="bbox 140 3395 1303 3482; baseline 0.003 -20"><span class='ocrx_word' id='word_1_233' title='bbox 140 3395 203 3462; x_wconf 88' lang='lat' dir='ltr'>Cn.</span> <span class='ocrx_word' id='word_1_234' title='bbox 214 3396 375 3462; x_wconf 84' lang='lat' dir='ltr'>Manlium</span> <span class='ocrx_word' id='word_1_235' title='bbox 392 3399 595 3482; x_wconf 90' lang='lat' dir='ltr'>triumphum</span> <span class='ocrx_word' id='word_1_236' title='bbox 607 3405 782 3480; x_wconf 90' lang='lat' dir='ltr'>petentem,</span> <span class='ocrx_word' id='word_1_237' title='bbox 795 3400 851 3463; x_wconf 93' lang='lat' dir='ltr'>ubi</span> <span class='ocrx_word' id='word_1_238' title='bbox 872 3402 1061 3479; x_wconf 91' lang='lat' dir='ltr'>ostendunt,</span> <span class='ocrx_word' id='word_1_239' title='bbox 1076 3407 1186 3465; x_wconf 85' lang='lat' dir='ltr'>cetera</span> <span class='ocrx_word' id='word_1_240' title='bbox 1206 3401 1303 3480; x_wconf 84' lang='lat' dir='ltr'>belle,</span> 
     </span>
     <span class='ocr_line' id='line_1_29' title="bbox 137 3507 1306 3590; baseline 0.004 -22"><span class='ocrx_word' id='word_1_241' title='bbox 137 3525 218 3588; x_wconf 82' lang='lat' dir='ltr'>quoe</span> <span class='ocrx_word' id='word_1_242' title='bbox 237 3525 343 3587; x_wconf 91' lang='lat' dir='ltr'>nuper</span> <span class='ocrx_word' id='word_1_243' title='bbox 365 3512 459 3588; x_wconf 83' lang='lat' dir='ltr'>gesta</span> <span class='ocrx_word' id='word_1_244' title='bbox 483 3507 559 3582; x_wconf 91' lang='lat' dir='ltr'>sint,</span> <span class='ocrx_word' id='word_1_245' title='bbox 580 3508 644 3570; x_wconf 91' lang='lat' dir='ltr'>rite</span> <span class='ocrx_word' id='word_1_246' title='bbox 663 3513 781 3590; x_wconf 85' lang='lat' dir='ltr'>coepte</span> <span class='ocrx_word' id='word_1_247' title='bbox 798 3514 832 3570; x_wconf 90' lang='lat' dir='ltr'>et</span> <span class='ocrx_word' id='word_1_248' title='bbox 849 3508 973 3572; x_wconf 84' lang='lat' dir='ltr'>indicte</span> <span class='ocrx_word' id='word_1_249' title='bbox 991 3509 1091 3590; x_wconf 86' lang='lat' dir='ltr'>esse):</span> <span class='ocrx_word' id='word_1_250' title='bbox 1115 3508 1160 3573; x_wconf 89' lang='lat' dir='ltr'>de</span> <span class='ocrx_word' id='word_1_251' title='bbox 1185 3510 1306 3572; x_wconf 90' lang='lat' dir='ltr'>omni-</span> 
     </span>
     <span class='ocr_line' id='line_1_30' title="bbox 137 3610 1304 3699; baseline 0.002 -21"><span class='ocrx_word' id='word_1_252' title='bbox 137 3612 221 3678; x_wconf 89' lang='lat' dir='ltr'>bns</span> <span class='ocrx_word' id='word_1_253' title='bbox 261 3610 324 3676; x_wconf 85' lang='lat' dir='ltr'>his</span> <span class='ocrx_word' id='word_1_254' title='bbox 375 3614 604 3677; x_wconf 89' lang='lat' dir='ltr'>consultum</span> <span class='ocrx_word' id='word_1_255' title='bbox 654 3620 859 3679; x_wconf 87' lang='lat' dir='ltr'>senatum·</span> <span class='ocrx_word' id='word_1_256' title='bbox 889 3616 1081 3699; x_wconf 91' lang='lat' dir='ltr'>populum</span> <span class='ocrx_word' id='word_1_257' title='bbox 1120 3617 1304 3694; x_wconf 92' lang='lat' dir='ltr'>iussisse,</span> 
     </span>
     <span class='ocr_line' id='line_1_31' title="bbox 136 3718 1303 3807; baseline 0.002 -21"><span class='ocrx_word' id='word_1_258' title='bbox 136 3741 250 3803; x_wconf 80' lang='lat' dir='ltr'>saepe</span> <span class='ocrx_word' id='word_1_259' title='bbox 274 3718 432 3800; x_wconf 83' lang='lat' dir='ltr'>legatos</span> <span class='ocrx_word' id='word_1_260' title='bbox 456 3727 549 3783; x_wconf 85' lang='lat' dir='ltr'>ente</span> <span class='ocrx_word' id='word_1_261' title='bbox 571 3719 734 3798; x_wconf 88' lang='lat' dir='ltr'>missos,</span> <span class='ocrx_word' id='word_1_262' title='bbox 757 3741 820 3785; x_wconf 90' lang='lat' dir='ltr'>res</span> <span class='ocrx_word' id='word_1_263' title='bbox 842 3724 1063 3805; x_wconf 82' lang='lat' dir='ltr'>repetitas,</span> <span class='ocrx_word' id='word_1_264' title='bbox 1088 3731 1303 3807; x_wconf 89' lang='lat' dir='ltr'>postremo,</span> 
     </span>
    </p>
   </div>
   <div class='ocr_carea' id='block_1_3' title="bbox 167 4038 1305 4449">
    <p class='ocr_par' dir='ltr' id='par_1_5' title="bbox 167 4038 1305 4449">
     <span class='ocr_line' id='line_1_32' title="bbox 167 4038 1303 4110; baseline 0 -17"><span class='ocrx_word' id='word_1_265' title='bbox 167 4038 232 4109; x_wconf 81' lang='lat'>¹)§</span> <span class='ocrx_word' id='word_1_266' title='bbox 258 4043 274 4093; x_wconf 76' lang='grc' dir='ltr'>ὃ</span> <span class='ocrx_word' id='word_1_267' title='bbox 297 4046 374 4093; x_wconf 86' lang='lat' dir='ltr'>recte</span> <span class='ocrx_word' id='word_1_268' title='bbox 402 4040 581 4094; x_wconf 80' lang='lat' dir='ltr'>Perizonium</span> <span class='ocrx_word' id='word_1_269' title='bbox 611 4043 786 4110; x_wconf 82' lang='lat' dir='ltr'>suspicatum</span> <span class='ocrx_word' id='word_1_270' title='bbox 818 4060 878 4096; x_wconf 89' lang='lat' dir='ltr'>esse</span> <span class='ocrx_word' id='word_1_271' title='bbox 908 4043 1045 4096; x_wconf 85' lang='lat' dir='ltr'>excidisse</span> <span class='ocrx_word' id='word_1_272' title='bbox 1077 4048 1218 4109; x_wconf 71' lang='lat' dir='ltr'>prester,</span> <span class='ocrx_word' id='word_1_273' title='bbox 1247 4060 1303 4094; x_wconf 92' lang='lat' dir='ltr'>non</span> 
     </span>
     <span class='ocr_line' id='line_1_33' title="bbox 211 4125 1305 4192; baseline 0 -13"><span class='ocrx_word' id='word_1_274' title='bbox 211 4126 305 4179; x_wconf 83' lang='lat' dir='ltr'>solum</span> <span class='ocrx_word' id='word_1_275' title='bbox 323 4125 457 4191; x_wconf 82' lang='lat' dir='ltr'>Polybius</span> <span class='ocrx_word' id='word_1_276' title='bbox 477 4126 615 4192; x_wconf 89' lang='lat' dir='ltr'>ostendit,</span> <span class='ocrx_word' id='word_1_277' title='bbox 645 4126 696 4179; x_wconf 91' lang='lat' dir='ltr'>sed</span> <span class='ocrx_word' id='word_1_278' title='bbox 721 4127 879 4180; x_wconf 80' lang='lat' dir='ltr'>tralaticius</span> <span class='ocrx_word' id='word_1_279' title='bbox 903 4129 932 4180; x_wconf 91' lang='lat' dir='ltr'>in</span> <span class='ocrx_word' id='word_1_280' title='bbox 956 4127 1059 4180; x_wconf 81' lang='lat' dir='ltr'>talibus</span> <span class='ocrx_word' id='word_1_281' title='bbox 1085 4127 1167 4179; x_wconf 89' lang='lat' dir='ltr'>rebus</span> <span class='ocrx_word' id='word_1_282' title='bbox 1186 4127 1305 4179; x_wconf 80' lang='lat' dir='ltr'>cavendi</span> 
     </span>
     <span class='ocr_line' id='line_1_34' title="bbox 208 4209 1304 4280; baseline -0.002 -14"><span class='ocrx_word' id='word_1_283' title='bbox 208 4228 282 4266; x_wconf 82' lang='lat' dir='ltr'>mos.</span> <span class='ocrx_word' id='word_1_284' title='bbox 328 4209 388 4265; x_wconf 86' lang='lat' dir='ltr'>Nec</span> <span class='ocrx_word' id='word_1_285' title='bbox 416 4211 509 4264; x_wconf 89' lang='lat' dir='ltr'>minus</span> <span class='ocrx_word' id='word_1_286' title='bbox 532 4217 609 4265; x_wconf 87' lang='lat' dir='ltr'>recte</span> <span class='ocrx_word' id='word_1_287' title='bbox 633 4229 699 4279; x_wconf 88' lang='lat' dir='ltr'>quo</span> <span class='ocrx_word' id='word_1_288' title='bbox 722 4229 864 4280; x_wconf 81' lang='lat' dir='ltr'>qumque</span> <span class='ocrx_word' id='word_1_289' title='bbox 887 4213 929 4279; x_wconf 85' lang='lat' dir='ltr'>(in</span> <span class='ocrx_word' id='word_1_290' title='bbox 953 4230 1032 4265; x_wconf 87' lang='lat' dir='ltr'>suum</span> <span class='ocrx_word' id='word_1_291' title='bbox 1057 4228 1173 4279; x_wconf 83' lang='lat' dir='ltr'>quaeque</span> <span class='ocrx_word' id='word_1_292' title='bbox 1198 4212 1304 4278; x_wconf 91' lang='lat' dir='ltr'>locum)</span> 
     </span>
     <span class='ocr_line' id='line_1_35' title="bbox 208 4295 1304 4366; baseline 0 -18"><span class='ocrx_word' id='word_1_293' title='bbox 208 4313 265 4366; x_wconf 87' lang='lat' dir='ltr'>pro</span> <span class='ocrx_word' id='word_1_294' title='bbox 284 4313 359 4364; x_wconf 85' lang='lat' dir='ltr'>qnae</span> <span class='ocrx_word' id='word_1_295' title='bbox 378 4312 514 4363; x_wconf 88' lang='lat' dir='ltr'>quoque</span> <span class='ocrx_word' id='word_1_296' title='bbox 533 4297 618 4349; x_wconf 88' lang='lat' dir='ltr'>scribi</span> <span class='ocrx_word' id='word_1_297' title='bbox 644 4296 735 4350; x_wconf 89' lang='lat' dir='ltr'>iussit.</span> <span class='ocrx_word' id='word_1_298' title='bbox 773 4295 848 4365; x_wconf 85' lang='lat' dir='ltr'>[Cap.</span> <span class='ocrx_word' id='word_1_299' title='bbox 869 4299 910 4362; x_wconf 83' lang='lat'>39,</span> <span class='ocrx_word' id='word_1_300' title='bbox 932 4300 962 4349; x_wconf 84' lang='grc'>17</span> <span class='ocrx_word' id='word_1_301' title='bbox 981 4296 1129 4363; x_wconf 83' lang='lat' dir='ltr'>Ussingius</span> <span class='ocrx_word' id='word_1_302' title='bbox 1148 4296 1220 4350; x_wconf 86' lang='lat' dir='ltr'>vidit</span> <span class='ocrx_word' id='word_1_303' title='bbox 1238 4300 1304 4348; x_wconf 85' lang='lat' dir='ltr'>ante</span> 
     </span>
     <span class='ocr_line' id='line_1_36' title="bbox 207 4379 1280 4449; baseline -0.004 -13"><span class='ocrx_word' id='word_1_304' title='bbox 207 4399 246 4436; x_wconf 88' lang='lat' dir='ltr'>re</span> <span class='ocrx_word' id='word_1_305' title='bbox 264 4380 405 4435; x_wconf 86' lang='lat' dir='ltr'>excidisse</span> <span class='ocrx_word' id='word_1_306' title='bbox 422 4398 494 4435; x_wconf 86' lang='lat' dir='ltr'>res:</span> <span class='ocrx_word' id='word_1_307' title='bbox 514 4382 655 4449; x_wconf 82' lang='lat' dir='ltr'>integre</span> <span class='ocrx_word' id='word_1_308' title='bbox 673 4381 715 4434; x_wconf 82' lang='lat' dir='ltr'>ud</span> <span class='ocrx_word' id='word_1_309' title='bbox 734 4387 892 4435; x_wconf 80' lang='lat' dir='ltr'>senatum</span> <span class='ocrx_word' id='word_1_310' title='bbox 911 4397 964 4434; x_wconf 82' lang='lat' dir='ltr'>res</span> <span class='ocrx_word' id='word_1_311' title='bbox 982 4382 1155 4434; x_wconf 84' lang='lat' dir='ltr'>relicitur.</span> <span class='ocrx_word' id='word_1_312' title='bbox 1196 4379 1280 4446; x_wconf 68' lang='lat' dir='ltr'>mse]</span> 
     </span>
    </p>
   </div>
   <div class='ocr_carea' id='block_1_4' title="bbox 0 0 1504 5116">
    <p class='ocr_par' dir='ltr' id='par_1_6' title="bbox 0 0 1504 5116">
     <span class='ocr_line' id='line_1_37' title="bbox 0 0 1504 5116; baseline 0 0"><span class='ocrx_word' id='word_1_313' title='bbox 0 0 1504 5116; x_wconf 95' lang='lat' dir='ltr'> </span> 
     </span>
    </p>
   </div>
  </div>
 </body>
</html>
