2994 5108
731 497 790 558 121
1211 513 1274 568 nio.
1292 513 1339 568 ιιι.

180 676 303 746 codicis
340 680 518 764 Puteanei,
563 704 666 766 quum
704 682 913 748 scribendum
953 688 1053 749 esset:
1094 684 1143 750 ad
1182 693 1340 770 partem

178 807 320 871 pngnae
342 791 653 876 capessendam,
684 792 832 877 scripsit:
862 791 910 857 ed
938 798 1095 876 partem
1116 814 1256 877 pugnae
1279 815 1339 861 ca·

177 884 432 984 pes'sendaess)
487 899 590 967 Paulo
624 905 703 985 post
734 901 768 965 in
800 899 863 966 hoc
896 901 1005 985 capite
1039 897 1071 983 (ἓ
1106 901 1156 983 8),
1195 903 1253 968 ubi
1288 905 1335 970 sic
1353 917 1427 986 (101)

178 1003 353 1071 scribitur:
398 1014 444 1074 ut
487 1008 650 1092 quidem
690 1007 845 1091 aliquis
884 1014 931 1075 tr.
970 1009 1020 1093 pl.
1060 1015 1156 1074 ruat
1194 1031 1339 1079 caecus

178 1110 218 1177 in
257 1118 490 1183 certamina
526 1153 585 1198 -‚
629 1138 676 1182 ex
721 1117 869 1201 quibus
910 1139 984 1202 pro
1024 1124 1138 1183 certo
1176 1117 1338 1201 habeat,

178 1228 337 1306 patres,
364 1224 566 1292 adversus
594 1245 693 1309 quos
715 1225 922 1305 tenderet,
954 1225 1064 1291 bello
1087 1227 1339 1312 inexpiabili

178 1350 219 1396 se
262 1340 575 1417 persecuturos,
621 1333 729 1418 apud
767 1333 938 1418 plebem,
979 1355 1051 1419 pro
1098 1355 1174 1417 qua
1220 1337 1339 1403 dimi·

179 1441 352 1523 caverit,
386 1441 519 1509 nihilo
548 1463 590 1508 se
617 1442 922 1508 honoratiorem
949 1441 1052 1522 iore,
1086 1463 1216 1525 neque
1246 1467 1339 1531 spe-

177 1547 348 1614 randum
380 1570 508 1633 neque
541 1550 832 1635 postulandum
856 1572 958 1631 esse,
992 1551 1075 1616 nihil
1098 1572 1170 1618 esse
1191 1554 1256 1619 loci
1278 1556 1340 1620 im·

179 1654 327 1740 perlecto
356 1659 550 1725 tenderet
571 1659 657 1725 inter
678 1660 869 1744 praesentia,
903 1668 1058 1744 apparet3
1092 1665 1126 1725 et
1148 1664 1268 1744 sensit,
1300 1669 1340 1729 ut

178 1765 261 1847 alia,
284 1766 587 1848 Weissenbornius,
617 1767 685 1848 sed,
708 1775 747 1833 ut
769 1789 865 1852 saepe,
888 1769 1019 1833 inanem
1042 1767 1242 1835 defensionis
1265 1792 1338 1855 spe·

178 1875 262 1940 ciem
289 1877 456 1958 quesivit,
490 1877 676 1962 adscripto:
713 1898 824 1957 ,wenn
847 1898 883 1941 er
910 1877 1048 1942 streiten
1074 1877 1200 1958 wtirde3
1235 1878 1339 1945 daher

179 1981 272 2049 nicht
299 1984 471 2051 tendat.“
525 1983 604 2062 Qum
633 1992 686 2051 est
707 1986 842 2051 tandem
864 1985 934 2050 haec
957 1986 1157 2068 perversitas
1180 1993 1214 2052 et
1235 1989 1339 2070 perti·

178 2092 296 2158 nscia?
334 2092 421 2159 Nam
459 2095 494 2158 in
533 2093 747 2160 deliberando
781 2094 822 2159 de
855 2094 968 2159 futuro
1004 2094 1122 2158 Latine
1155 2116 1222 2160 non
1256 2096 1337 2162 dici:

180 2207 335 2267 certum
356 2201 496 2283 habeo,
518 2208 669 2286 patres,
693 2202 893 2268 aduersus
917 2223 1016 2286 quos
1040 2202 1257 2283 tenderem,
1280 2226 1339 2270 me

178 2317 484 2394 persecuturos,
519 2311 578 2377 sed
611 2317 670 2376 aut
702 2311 866 2376 tendam
899 2316 958 2375 aut
986 2310 1203 2376 tetendero
1235 2312 1338 2396 (quod

178 2418 319 2485 multum
341 2419 445 2486 distat
467 2420 510 2485 ab
533 2441 573 2486 ea
594 2419 715 2500 forma,
749 2440 816 2504 qua
847 2440 1004 2503 negamus
1037 2440 1098 2484 nos
1126 2441 1213 2485 nunc
1242 2422 1337 2505 quid·

177 2527 416 2610 piamiacere:
450 2534 608 2595 certum
638 2527 781 2609 habeo,
816 2529 848 2594 si
877 2528 1102 2608 tenderem,
1136 2549 1216 2593 non
1245 2551 1337 2613 pas·

175 2638 319 2716 suros),
353 2642 387 2702 et
422 2657 462 2703 ex
495 2659 534 2704 eo
567 2636 639 2704 fieri
667 2637 703 2702 in
731 2636 867 2721 obliqua
895 2638 1044 2703 oratione
1073 2638 1336 2720 tetenderim,

175 2744 304 2811 sciebat
325 2743 476 2830 proiecto
499 2747 586 2831 ipse,
621 2746 650 2812 si
677 2745 781 2811 libere
803 2766 916 2811 verum
940 2751 1150 2828 sequeretur;
1183 2768 1270 2811 nunc
1293 2749 1337 2814 ad

173 2853 209 2919 id
242 2855 360 2934 etiam,
393 2854 483 2939 quod
516 2871 581 2920 uno
614 2859 690 2938 post
721 2875 817 2920 versu
850 2854 926 2919 huic
960 2875 1001 2919 ex
1034 2855 1122 2919 omni
1155 2861 1251 2938 parte
1284 2877 1337 2921 re·

175 2962 335 3047 spondet:
358 2962 527 3048 plebem,
550 2985 622 3048 pro
645 2984 722 3046 qua
745 2963 1011 3042 dimicaverit,
1035 2961 1186 3027 conivere
1209 2962 1336 3029 maluit.

173 3067 291 3136 Potius
312 3071 428 3155 igitur,
462 3093 563 3156 quum
590 3072 655 3137 hoc
682 3072 754 3137 loco
783 3092 843 3156 pro
866 3071 1098 3138 tetenderit
1119 3069 1335 3136 substitutum

172 3178 365 3245 tenderet
392 3179 567 3246 manifesto
596 3186 780 3259 teneamus,
810 3180 980 3246 admoneri
1002 3199 1061 3243 nos
1084 3179 1264 3262 patiamur,
1297 3187 1335 3246 ut

198 3349 225 3416 ¹)
244 3350 329 3419 Apud
342 3348 505 3406 Ciceronem
521 3368 574 3421 pro
596 3351 680 3405 domo
698 3349 915 3418 custoditur:
942 3350 982 3403 ad
1004 3348 1249 3419 sempiternam
1268 3367 1335 3405 me·

242 3436 387 3489 moriam
423 3438 606 3508 temporis,
641 3437 739 3507 inepte
776 3435 901 3491 abundat
934 3436 1119 3504 temporis,
1150 3434 1200 3489 sed
1232 3435 1333 3492 Cicero

244 3522 408 3591 scripserat:
436 3522 477 3578 ad
505 3523 706 3593 sempiterni
729 3522 930 3576 memoriam
948 3522 1125 3591 temporis.
1170 3522 1254 3590 Apud
1272 3522 1334 3576 Plo·

242 3612 339 3662 tonem
361 3606 403 3675 (ut
425 3609 511 3663 etiam
534 3608 663 3664 Graecum
686 3609 844 3678 exemplum
862 3607 976 3677 ponam)
996 3608 1032 3662 de
1049 3607 1174 3677 Legibus
1192 3607 1218 3674 I,
1241 3610 1292 3663 633
1309 3610 1332 3662 B

241 3693 385 3747 scribitur:
409 3702 442 3749 iu
464 3704 543 3749 reisue
561 3702 602 3750 καὶ
618 3697 646 3750 sb
663 3705 774 3768 strepens
793 3703 864 3760 troya
882 3698 998 3770 νιιιριξηιιην
1016 3698 1046 3748 ἄν
1064 3704 1151 3760 λέγειν,
1174 3696 1199 3747 rb
1218 3702 1272 3766 aspi
1289 3698 1333 3751 cole

241 3782 391 3852 κιιρτιρῆσιις
407 3789 451 3835 τῶν
469 3783 602 3848 ἀλγηδόνων
620 3784 682 3836 πολὺ
696 3781 754 3854 παρ’
770 3785 823 3848 ἡμῖν
841 3783 976 3846 γιγνόμινον
996 3787 1019 3833 ἔν
1040 3803 1066 3834 ss
1078 3792 1131 3841 scic
1145 3781 1203 3851 πρὸς
1216 3783 1332 3846 ἀλλήλους

241 3877 292 3926 ταῖς
303 3873 374 3937 χερσὶ
387 3869 478 3934 μάχαις
492 3874 533 3921 καὶ
549 3874 574 3921 ir
591 3871 711 3940 ἁρπαγαῖς
722 3875 769 3922 τισὶ
786 3869 825 3921 dul
842 3877 932 3921 πολλῶν
949 3876 1039 3933 πληγῶν
1054 3869 1168 3920 ἑκάστοτε
1183 3876 1331 3931 γιγνομένων.

239 3948 316 4004 Nihil
333 3952 459 4021 apertius
476 3969 560 4022 quam
578 3954 714 4022 scriptum
733 3954 802 4007 olim
818 3951 918 4008 inisse:
937 3961 962 4007 λι
981 3958 1101 4025 ἁρπαγαῖς
1118 3957 1165 4004 raet
1183 3953 1222 4004 διὰ
1241 3961 1332 4005 aarum

240 4045 332 4103 πληγῶν
358 4040 473 4093 induem
498 4048 651 4106 γιγνομέναις.
701 4039 765 4093 Non
792 4039 885 4093 minus
913 4044 1052 4109 apertum,
1084 4036 1209 4091 eiusdem
1235 4038 1331 4106 operis

239 4121 311 4177 libro
329 4122 358 4176 11
374 4139 401 4191 p.
420 4125 472 4178 657
489 4123 512 4177 Β
531 4124 710 4180 scribendum
732 4142 804 4179 esse:
831 4130 860 4187 ὡς
882 4128 896 4191 ἡ
917 4135 957 4192 νης
980 4129 1060 4191 ἡδονῆς
1082 4131 1123 4177 ναὶ
1146 4127 1221 4189 ιύνιης
1240 4127 1330 4189 ζηνηιιις

239 4219 282 4264 τοῦ
295 4219 364 4284 καινῇ
379 4220 453 4278 {meir
469 4215 507 4265 c'sl
521 4221 623 4284 μουσικῇ
635 4219 745 4282 χρῆσθαι
765 4212 848 4278 σχιδὸν
865 4219 893 4265 οὐ
908 4214 1013 4277 μεγάλην
1030 4210 1082 4263 τινὰ
1100 4211 1201 4275 δύναμιν
1213 4216 1259 4275 λ’χιι
1271 4212 1330 4281 πρὸς

240 4298 266 4351 sb
281 4303 422 4372 διαφθεῖραι
437 4299 477 4365 cip
494 4310 690 4370 καθιερωθεῖσαν
698 4306 796 4370 χορείαν
806 4303 954 4351 inarctetur
966 4299 1110 4369 ἀρχαιότητα
1121 4293 1330 4361 (antiquitatem

239 4381 419 4449 obiiciendo).
464 4381 520 4437 Sed
545 4389 641 4438 temen
668 4387 785 4452 propter
808 4392 905 4455 χιριιιιν
934 4387 963 4436 et
989 4385 1134 4453 άρχαιόνηω
1155 4379 1263 4433 iactum
1286 4382 1331 4432 est

239 4477 408 4524 tnesaurum.
