2994 5108
221 506 284 560 Lib.
304 505 386 560 XLV.
746 457 751 470 ι
774 495 834 556 740

222 677 416 758 Videndum,
439 699 480 743 ne
504 676 613 756 Livius
638 679 823 762 scripserit:
847 678 982 744 Iratus
1005 679 1078 763 (pro
1101 677 1230 760 totus)
1253 677 1378 743 Mace·

223 784 394 851 donicus
446 787 654 851 exercitus
698 788 942 871 imperatori
986 786 1257 871 neglegenter
1298 791 1376 850 erat

218 892 441 960 ,adfuturus
475 895 660 960 comitiis
694 895 714 958 f.
740 895 760 960 l.
806 895 900 961 Unde
933 896 995 961 ita
1028 904 1136 962 ortum
1168 896 1226 975 sit,
1256 897 1373 960 nescio.

223 1000 339 1085 [Paulo
363 1003 488 1067 rectius
511 1002 588 1067 erit:
612 1002 1054 1070 Iratus'llacedonicus
1079 1004 1289 1069 exercitus
1312 1005 1375 1067 im·

222 1111 408 1194 peratori
432 1118 537 1190 erat,
567 1111 706 1194 itaque
734 1111 1000 1195 neglegenter
1023 1118 1110 1177 erat
1133 1119 1194 1176 oet.
1233 1109 1373 1194 1864.]¹)

308 1216 387 1303 Cap.
422 1222 471 1299 36,
512 1222 530 1282 2
570 1225 603 1283 et
644 1223 662 1283 3
697 1240 796 1301 quum
832 1218 989 1304 Grynaeus
1027 1219 1184 1285 edidisset
1220 1221 1372 1303 primum:

222 1325 301 1413 ‚Ser
333 1327 467 1394 Galba
496 1333 669 1410 repente
698 1328 905 1409 processit
933 1335 972 1392 et
999 1348 1018 1392 a
1050 1326 1096 1393 tr.
1131 1328 1373 1413 postularit,

214 1441 263 1501 ‘ut
295 1470 337 1481 —
371 1437 411 1499 in
445 1442 652 1519 posterum
686 1434 787 1500 diem
817 1434 1040 1501 differrent
1073 1442 1112 1502 et
1144 1456 1259 1500 mane
1294 1456 1372 1500 eam

220 1565 300 1609 rem
326 1550 509 1628 agerent,
533 1542 665 1608 deinde:
700 1565 822 1627 quum
850 1544 1040 1609 tribunus
1064 1544 1205 1609 dicere
1230 1565 1272 1609 eo
1297 1543 1372 1622 die,

221 1651 375 1733 siquid
402 1652 545 1729 vellet,
576 1651 754 1731 iuberet,
783 1651 989 1736 Kreyssigius
1013 1653 1121 1736 priore
1149 1652 1223 1717 loco
1246 1661 1372 1716 rectee

221 1760 336 1825 codice
357 1761 520 1843 reposuit:
555 1780 575 1824 a
603 1759 784 1840 tribunis
808 1760 1053 1843 postularit,
1078 1759 1166 1845 quod
1189 1762 1277 1843 ipsa,
1301 1779 1371 1842 quae

220 1875 416 1951 sequuntur,
446 1868 546 1934 verba
569 1866 790 1933 differrent
820 1875 854 1934 et
877 1875 1047 1952 egerent
1069 1875 1200 1952 cogunt.
1246 1867 1312 1947 Sed
1334 1888 1372 1933 eo

219 1978 351 2062 pravius
372 1978 548 2042 retinetur:
583 1997 701 2058 quum
723 1977 917 2042 tribunus
946 2012 987 2022 -
1020 1977 1199 2055 iuberet,
1224 1996 1372 2060 proquo

218 2085 253 2149 in
276 2084 388 2150 codice
412 2092 477 2150 est:
511 2106 629 2169 quum
651 2084 811 2150 tribuni
839 2121 882 2133 -
905 2085 1067 2150 iuberet
1088 2084 1202 2166 (verbo
1225 2085 1268 2149 ad
1291 2105 1373 2169 prae·

219 2193 338 2258 cedens
360 2194 488 2260 vellet
511 2191 780 2274 accommodato),
804 2193 960 2277 quoniam
981 2193 1191 2277 perspicuum
1215 2199 1281 2271 est,
1304 2212 1373 2258 eos·

219 2301 308 2380 dem,
333 2322 354 2366 a
376 2301 494 2386 quibus
517 2301 633 2366 dilatio
656 2299 825 2385 postulata
848 2302 905 2381 sit,
930 2321 1002 2366 eam
1026 2322 1092 2366 non
1114 2299 1260 2379 dedisse3
1296 2300 1373 2365 scri·

218 2407 363 2473 bendum
379 2410 481 2492 igitur
499 2418 565 2476 est:
590 2430 707 2491 quum
726 2408 887 2474 tribuni
908 2444 952 2455 —
973 2409 1170 2474 iuberent.
1212 2407 1373 2473 Tribunos

221 2518 436 2582 communiter
458 2538 527 2582 rem
550 2517 666 2600 egisse,
691 2517 738 2582 Ti.
760 2515 952 2602 Sempronio
976 2518 1114 2582 actionis
1134 2517 1296 2602 principe,
1319 2536 1374 2599 ap·

219 2631 316 2709 paret
340 2626 439 2690 etiam
462 2646 502 2690 ex
524 2624 587 2690 fine
611 2626 728 2708 capitis
752 2624 781 2708 (ἐ
808 2624 871 2707 10).
917 2625 1024 2710 Atque
1054 2625 1153 2690 etiam
1176 2623 1373 2689 Plutarchus

219 2733 254 2797 in
276 2734 344 2798 vita
366 2733 489 2798 AEmilii
513 2754 538 2799 c.
561 2738 610 2813 30,
634 2734 761 2798 Livium
784 2740 897 2818 aperte
917 2735 1112 2817 exprimens,
1137 2734 1281 2816 primum
1300 2731 1372 2796 Gal·

220 2840 296 2906 bam
319 2864 339 2906 a
361 2842 503 2907 tribunis
533 2843 639 2926 plebis
674 2843 773 2906 alium
804 2842 889 2906 diem
918 2842 1103 2924 postulasse
1136 2842 1266 2919 scribit,
1296 2851 1370 2920 tum,

134 2950 206 3019 (617)
224 2958 276 3011 τῶν
299 2957 443 3032 δημάρχων
467 2960 552 3033 λέγειν
575 2956 665 3023 αὐτόν,
688 2960 714 3011 εἶ’
740 2978 761 3011 u
793 2957 928 3029 βούλεται,
957 2958 1131 3028 κελενόιίων,
1165 2949 1297 3032 longam
1322 2972 1372 3014 ex·

220 3079 331 3123 orsum
354 3059 537 3124 orationem
560 3081 628 3124 rem
651 3060 683 3122 in
708 3066 836 3123 noctem
860 3060 1090 3141 ext1·axisse.2)

245 3261 267 3326 ¹)
288 3260 303 3329 ξ
321 3264 338 3315 9
355 3262 437 3330 plane
456 3264 612 3317 necessaria
632 3268 675 3317 est
699 3261 835 3316 Gronou‘i
862 3263 1034 3317 emendatio:
1062 3263 1250 3319 Pecuniam
1279 3264 1371 3316 illum

287 3363 355 3400 non
374 3347 453 3401 dare
472 3349 548 3419 (prm
567 3349 647 3402 dare
666 3347 742 3415 non)
761 3349 938 3418 potuisse,
959 3350 1108 3403 militem
1122 3350 1293 3403 honorem
1307 3365 1370 3402 non

288 3431 369 3485 dare
388 3435 462 3502 (μοι
493 3435 662 3489 honorem
690 3434 784 3500 dare)
811 3452 922 3503 posse.
960 3434 1145 3503 Comparatur
1167 3436 1310 3503 utrimque
1327 3450 1370 3503 po·

287 3523 374 3570 testas
402 3537 458 3572 non
486 3520 614 3573 faciendi.
652 3520 777 3573 Licuisse
801 3520 870 3573 dicit
894 3519 981 3573 Galba
1004 3521 1121 3574 AEmilio
1149 3521 1272 3573 militum
1301 3537 1371 3589 spem

286 3601 432 3669 frustrare,
460 3623 521 3658 esse
549 3613 577 3659 et
604 3606 723 3658 militnm
752 3606 873 3673 aliquam
892 3606 1013 3675 negandi
1037 3612 1216 3674 potestatem.
1253 3606 1316 3659 Vid.
1340 3604 1371 3658 ad

287 3705 309 3741 c.
329 3690 353 3753 3,
372 3691 397 3741 6.

241 3771 266 3836 ²)
285 3770 378 3826 Etiam
389 3772 404 3841 ξ
417 3778 428 3826 1
441 3776 470 3830 in
481 3776 577 3829 eadem
587 3794 616 3829 re
636 3780 794 3832 aberratum
809 3778 934 3844 videtur,
952 3796 1016 3832 nam
1036 3780 1170 3846 quoniam
1190 3778 1225 3831 sd
1241 3779 1369 3832 coniunc-

288 3860 389 3911 tamin
406 3859 449 3923 iis,
465 3878 527 3928 quae
547 3870 708 3931 sequuntur,
728 3864 851 3916 omnium
867 3865 1045 3917 tribunorum
1066 3864 1240 3916 mentionem
1260 3861 1372 3926 accedit,

287 3945 362 4009 quod
380 3942 424 3999 hic
444 3963 555 4015 qnoque
573 3949 602 4002 in
621 3948 682 4001 cod.
703 3950 833 4002 scribitur
851 3948 998 4005 ferrent.
1025 3949 1172 4017 probabile
1190 3949 1232 4014 fit,
1261 3967 1277 4000 a
1295 3948 1370 4001 Livio

288 4030 421 4098 scriptum
445 4032 531 4085 fnisse
554 4033 599 4086 Ti.
620 4032 845 4102 Sempronius
868 4041 908 4089 tr.
929 4035 971 4103 pl.
991 4035 1174 4101 ceterique
1195 4042 1234 4087 tr.
1255 4036 1296 4103 pl.
1315 4035 1371 4088 fer·

288 4126 370 4167 rent
407 4116 504 4183 (1864.)
542 4117 781 4186 §brecentiores
805 4122 942 4188 integram
967 4119 1101 4173 Gronovii
1121 4131 1150 4172 et
1169 4121 1290 4175 Iacobsii
1314 4136 1372 4172 con·

288 4196 423 4251 iacturam
438 4203 564 4269 recipere
580 4203 734 4258 debuerant
754 4208 825 4273 tiam
844 4224 935 4261 nunc
955 4206 1053 4258 nimis
1074 4221 1164 4273 saepe
1184 4206 1371 4258 ambitione

288 4285 450 4350 peccari);
470 4287 572 4341 omisso
593 4290 657 4340 iam
676 4308 761 4357 prava
776 4306 817 4345 est
834 4292 981 4345 sententia.
1011 4288 1071 4358 §10
1087 4291 1372 4358 pronuntiarunt,

287 4366 362 4431 quod
380 4367 508 4424 Dukerus
527 4391 578 4441 pro
598 4378 846 4431 renuntiarunt
864 4377 963 4445 reponi
981 4376 1071 4439 iussit,
1090 4393 1150 4430 non
1163 4378 1260 4432 minus
1277 4384 1373 4432 estne·
