2994 5108
218 479 281 535 Lib.
300 479 347 534 1v.
769 468 829 529 120

218 674 263 717 ac
286 650 511 735 colloquia)
534 651 605 732 VH,
628 656 680 732 40,
705 656 724 716 2
748 652 961 737 corrigendus
984 653 1057 718 erit.
1101 651 1191 719 Vera
1212 655 1382 739 scriptura

218 762 252 826 in
275 760 387 827 codice
409 760 584 826 Loveliano
609 765 627 825 5
651 766 762 826 exstat
783 762 974 827 coniectura
994 767 1138 845 reperta.

305 869 384 953 Cap.
408 872 464 949 35,
494 873 523 932 6.
575 867 805 953 Obiurgabant
827 870 950 935 tribuni
972 870 1235 950 multitudinem,
1269 871 1380 956 quod

216 1013 261 1024 —
282 1000 361 1044 non
388 977 505 1044 modo
536 977 585 1042 ad
615 999 725 1063 spem
753 978 998 1044 consulatus
1019 978 1059 1044 in
1081 985 1240 1063 partem
1260 1000 1380 1047 revo-

218 1087 387 1152 candam
418 1086 634 1171 adspirare
656 1105 734 1151 non
756 1086 940 1167 auderet,
969 1085 1039 1152 sed
1060 1108 1108 1152 ne
1130 1088 1170 1153 in
1192 1087 1378 1155 tribunis

218 1195 380 1277 quidem
412 1195 588 1260 militum
622 1193 813 1260 creandis
840 1230 885 1241 —
913 1200 984 1260 aut
1016 1196 1077 1260 sui
1111 1201 1180 1261 aut
1212 1215 1380 1263 suorum

216 1304 482 1369 meminisset.
539 1302 727 1369 Ridiculum
757 1310 809 1368 est
838 1309 872 1368 et
899 1303 970 1368 sine
999 1324 1100 1370 sensu
1122 1303 1244 1370 dicitur
1266 1326 1378 1388 spem

217 1432 411 1477 revocare
435 1413 475 1477 in
496 1418 653 1497 partem
676 1417 710 1477 et
731 1412 950 1496 adspirare
968 1411 1017 1476 ad
1035 1413 1202 1496 spemin
1220 1420 1379 1497 partem

132 1542 202 1610 (100)
220 1521 503 1602 revocandam3
536 1540 613 1585 nam
641 1519 832 1604 adspiratur
853 1520 896 1585 ad
918 1541 1009 1604 spem
1031 1519 1170 1585 alicuius
1192 1521 1242 1587 rei
1264 1541 1381 1588 couse-

217 1628 370 1710 quendse3
411 1650 451 1694 ea
482 1650 535 1694 res
569 1634 642 1694 erat
675 1629 866 1694 consulatus
898 1629 987 1695 inter
1018 1634 1195 1712 utrumque
1228 1628 1382 1696 ordinem

217 1739 354 1821 partitio
378 1738 446 1803 sive
468 1738 502 1802 in
524 1744 653 1822 partem
674 1737 856 1818 revocatio;
886 1735 943 1802 cfr.
966 1737 1021 1816 VI,
1044 1741 1095 1817 40,
1122 1740 1191 1809 18ε,
1211 1737 1250 1803 in
1275 1759 1383 1804 com·

216 1868 334 1912 mune
359 1846 538 1913 honores
566 1867 724 1925 vocare,
756 1845 828 1925 Vll,
852 1831 904 1925 22,
927 1849 961 1910 9:
991 1865 1206 1911 censuram
1228 1847 1269 1912 in
1291 1866 1382 1931 par·

216 1962 297 2020 tem
335 1956 483 2021 vocari.
553 1953 709 2020 Senserat
747 1955 946 2038 pravitatem
978 1952 1076 2019 homo
1110 1953 1227 2020 Latine
1259 1975 1382 2039 parum

217 2063 334 2129 doctus
363 2070 398 2129 et
425 2065 482 2145 qui
511 2083 598 2146 saepe
620 2064 764 2147 turpiter
786 2068 890 2143 erret,
924 2063 982 2127 sed
1004 2081 1102 2127 sensu
1126 2064 1292 2128 communi
1313 2084 1383 2129 non

216 2192 348 2252 carens,
382 2171 573 2251 Douiatius‚
608 2172 678 2250 cui,
712 2176 750 2235 ut
772 2172 896 2256 opinor,
931 2192 998 2236 non
1020 2170 1188 2236 nominato
1212 2170 1382 2238 Weissen-

215 2280 352 2345 bornius
390 2285 466 2364 post
502 2278 807 2345 Drakenborohium
839 2278 1042 2365 respondens
1076 2278 1146 2343 haec
1180 2279 1382 2365 adscripsit:

219 2388 308 2466 „Nur
340 2409 403 2453 von
431 2387 491 2452 der
518 2386 686 2470 Hoffnung
713 2386 836 2452 konnte
865 2407 1058 2453 revocare
1086 2392 1202 2469 gesagt
1229 2387 1378 2468 werden,

217 2496 260 2560 da
283 2495 343 2560 das
366 2494 524 2561 Consulat
544 2496 660 2561 immer
681 2495 766 2560 noch
790 2496 888 2561 allein
911 2495 974 2560 den
996 2495 1182 2560 Patriciern
1205 2495 1376 2579 gehorte.“

217 2601 320 2680 Quasi
353 2624 430 2669 vero
454 2604 659 2686 adspiremus
682 2603 725 2668 ad
747 2625 839 2687 opem
862 2624 990 2682 eorum,
1025 2624 1098 2686 qua
1126 2604 1195 2668 iam
1223 2605 1307 2684 sint,
1341 2625 1386 2670 ac

215 2734 283 2777 non
305 2711 348 2777 ad
370 2734 498 2793 eorum,
527 2731 600 2795 quae
622 2711 767 2777 nondum
790 2713 865 2777 sint.
916 2711 1049 2793 Itaque,
1077 2712 1203 2796 opinor,
1232 2712 1382 2797 posthac

215 2840 281 2884 non
310 2820 470 2885 dicemus:
504 2820 562 2884 Ich
589 2841 680 2902 vage
709 2820 797 2884 mich
826 2842 865 2884 zu
894 2820 953 2885 der
974 2817 1143 2902 Hoffnung
1165 2842 1205 2884 zu
1228 2821 1380 2887 erheben

215 2929 273 2993 ein
290 2928 368 2993 Amt
390 2948 429 2993 zu
451 2929 612 3008 erhalten,
636 2928 710 2993 sed:
734 2927 786 2992 ich
808 2949 898 3010 wage
921 2927 1009 2992 mich
1032 2950 1104 2992 zum
1128 2927 1290 2994 Erhalten
1315 2929 1379 2994 der

214 3035 381 3120 Hoffnung
420 3038 510 3103 eines
543 3036 657 3101 Amtes
698 3054 737 3100 zu
776 3035 919 3101 erheben
952 3035 1015 3117 (ad
1048 3057 1157 3120 spem
1190 3037 1380 3104 muneris

215 3145 545 3226 consequendam
562 3144 787 3227 adspirare,
810 3166 876 3209 non
896 3144 944 3208 ad
961 3165 1070 3227 spem
1088 3145 1269 3210 muneris
1288 3167 1383 3211 oon·

216 3252 437 3334 sequendi).
493 3252 629 3317 Miseret
656 3273 708 3316 me
737 3253 883 3316 inanium
911 3252 1164 3335 argutiarum.¹)
1216 3252 1382 3337 Apparet,

214 3360 342 3425 Livium
380 3360 565 3443 scripsisse:
611 3359 660 3423 ad
706 3381 815 3442 spem
854 3359 1094 3426 consulatus
1133 3361 1174 3424 iu
1213 3367 1382 3444 partem

215 3469 441 3548 revocuudl,
476 3467 690 3549 gerundivum
719 3473 829 3532 autem
858 3489 956 3551 prave
985 3467 1273 3534 accommodatum
1303 3491 1382 3537 esse

214 3576 258 3642 ad
291 3577 475 3659 proximum
508 3574 747 3640 substantivum
781 3575 968 3657 (partem3
1003 3574 1060 3639 cfr.
1096 3596 1241 3659 prooem.
1271 3600 1304 3661 p.
1337 3584 1380 3644 10

214 3684 286 3767 sq.).
342 3685 482 3749 Prorsus
511 3682 627 3749 eodem
654 3681 751 3747 modo
780 3681 836 3747 lib.
861 3682 1014 3763 XXVIII,
1050 3687 1106 3762 33,
1144 3688 1182 3746 16
1211 3683 1380 3752 librarius

216 3846 443 3855 ——.——

241 3912 265 3976 ¹)
284 3909 328 3978 [ln
350 3910 435 3963 tertia
462 3908 587 3962 editione
616 3905 660 3959 his
684 3906 783 3960 deletis
808 3912 895 3975 negat
916 3909 1042 3977 potuisse
1066 3908 1123 3962 dici
1146 3912 1381 3968 consulatum

281 3998 314 4049 in
341 4000 475 4064 partem
500 4007 681 4058 revocare,
707 3992 762 4045 nisi
783 3992 864 4061 plebs
882 3998 947 4046 ante
965 3994 1023 4047 iam
1040 3994 1204 4049 consulatus
1222 3999 1376 4068 particeps

279 4081 385 4134 fuisset.
412 4080 493 4133 Itane
510 4078 599 4131 vero?
618 4075 731 4130 Nihilne
750 4093 784 4129 ex
801 4078 836 4130 iis
855 4079 884 4131 in
901 4085 1025 4132 mentem
1033 4080 1269 4135 Weissenbornio
1286 4086 1378 4153 venit,

280 4184 342 4235 quae
370 4166 445 4235 apud
467 4163 640 4218 Schellerum
658 4179 684 4229 p.
702 4163 771 4215 9460
791 4163 885 4230 posita
908 4165 995 4217 sunt?
1014 4164 1202 4233 Nunquamne
1220 4168 1284 4236 ipse
1302 4186 1377 4225 rem

281 4252 320 4305 ed
351 4251 592 4314 coniecturam,
620 4248 655 4300 in
683 4246 950 4315 dubitationem,
983 4249 1025 4303 ad
1051 4253 1181 4303 sortem
1200 4269 1380 4310 revocare

279 4336 415 4390 similiave
433 4335 525 4389 dixit?
544 4333 582 4386 Et
598 4333 737 4386 mirentur
755 4332 884 4386 homines
903 4351 948 4388 me
966 4336 1046 4401 queri
1065 4341 1094 4389 et
1111 4334 1279 4407 indignari]
