2994 5108
679 451 740 510 435
1121 464 1183 517 Lib.
1201 463 1287 517 XXX.

132 634 316 712 Romane,
339 640 546 699 memento.
582 633 729 715 Vorg.)¹)
775 632 825 715 [In
850 633 866 716 ἓ
892 639 930 698 17
954 657 1054 716 quum
1078 644 1178 701 antea
1201 658 1289 702 men-

134 740 209 805 dum
239 762 290 805 me
322 743 485 824 corrigere
514 763 611 824 posse
646 761 833 821 negassem,
869 764 897 806 a.
925 746 1023 818 1863,
1059 744 1204 826 cognito,
1235 766 1288 809 co-

133 848 220 914 dices
244 847 388 914 Cclbert.
413 856 446 913 et
469 848 582 913 Bamb.
607 848 729 912 habere
752 849 1000 915 inferentem
1023 853 1191 930 moenia,
1214 874 1288 931 uon,

134 957 219 1038 quod
249 978 291 1022 ex
321 958 438 1022 ceteris
466 956 713 1040 proferebatur,
746 957 997 1021 inferentem
1033 958 1081 1021 ad
1115 960 1288 1038 moenia,

133 1065 282 1129 lacunam
316 1064 523 1129 manifestam
558 1065 605 1128 sic
639 1066 765 1128 notavi:
808 1064 933 1141 Quem
967 1065 1082 1131 modo
1105 1101 1148 1111 —
1173 1068 1289 1147 sigua

133 1172 379 1237 inferentem
415 1173 571 1237 moenia
601 1173 817 1251 Rornana*,
855 1173 918 1236 hic
953 1195 1097 1238 cernas
1132 1174 1288 1239 duobus

134 1279 338 1345 fratribus
367 1286 428 1345 cet.
452 1281 710 1363 explendumque
740 1280 881 1345 fortasse
910 1281 1009 1346 verbo
1033 1289 1289 1348 tremuerunt

136 1388 322 1471 significavi.
391 1388 476 1451 Nam
516 1409 622 1469 neque
662 1389 694 1451 in
735 1390 981 1471 comparatione
1021 1389 1208 1454 huiusmodi
1249 1413 1288 1455 ex

137 1516 278 1561 cernas
313 1497 396 1561 sumi
424 1503 535 1578 potest
563 1496 777 1575 cernebat,
812 1517 920 1580 neque
950 1496 1058 1580 Scipio
1087 1497 1121 1561 id
1151 1498 1287 1562 viderat.

139 1601 198 1669 Sed
224 1611 331 1669 restat
360 1605 586 1668 coniunctivae
611 1625 757 1668 cernas
781 1625 882 1667 causa
904 1626 1029 1669 carens.
1085 1606 1200 1686 Itaque
1222 1603 1288 1670 for·

164 1876 185 1941 ¹)
201 1874 237 1930 In
254 1874 271 1944 §
289 1878 331 1941 23,
355 1893 437 1944 quem
461 1876 554 1928 locum
572 1893 648 1929 nunc
667 1875 795 1929 codicum
815 1875 835 1928 C
855 1881 884 1930 et
902 1875 998 1929 Bamb.
1015 1875 1167 1929 auctoritas
1186 1876 1286 1929 confir·

200 1967 259 2014 mat
281 1966 358 2015 recte
380 1962 480 2027 scribi,
509 1962 745 2029 quemadmodum
767 1961 832 2015 inde
858 1961 1034 2017 aFrobenio
1052 1978 1075 2014 a.
1098 1963 1163 2015 1535
1187 1961 1288 2027 editur,

201 2046 300 2099 ceteris
326 2046 471 2099 codicibus
490 2047 652 2115 longissime
670 2048 879 2113 aberrantibus,
902 2048 977 2115 quod
996 2047 1240 2100 Weissenbornins
1257 2047 1288 2099 in

202 2131 344 2186 codicibus
363 2132 404 2184 ait
422 2148 494 2185 esse:
523 2131 694 2186 efferente
717 2149 750 2183 se
775 2131 934 2198 fortuna,
961 2150 1051 2200 neque
1070 2132 1144 2200 apud
1162 2132 1289 2185 Draken-

201 2216 349 2270 borchium
371 2233 462 2284 neque
487 2216 561 2284 apud
580 2216 788 2271 Alschefskium
807 2217 849 2282 (in
873 2218 998 2271 editione
1017 2218 1082 2270 libri
1100 2216 1190 2282 XXX)
1209 2216 1288 2284 quid·

202 2319 284 2369 quam
303 2301 338 2355 de
357 2318 390 2353 eo
408 2303 533 2370 reperi03
558 2302 606 2354 sed
625 2303 737 2355 etiamsi
755 2303 784 2354 in
803 2304 933 2355 omnibus
951 2303 1106 2368 codicibus,
1131 2303 1213 2355 bonis
1231 2319 1288 2355 ma·

201 2386 243 2453 lis,
262 2387 337 2441 absit
355 2386 460 2440 lineola
477 2388 582 2441 litterae
598 2403 620 2437 ιιι
635 2388 728 2453 index,
747 2404 838 2455 neque
857 2388 971 2440 ablatisu'
988 2405 1077 2456 neque
1092 2388 1287 2441 cohibendo

204 2473 260 2525 sine
279 2472 440 2526 accusativo
458 2472 580 2541 positum
600 2472 668 2525 ferri
687 2478 790 2541 potest.
832 2471 871 2524 Se
896 2473 925 2525 in
950 2490 1014 2526 vora
1033 2474 1171 2541 scriptura
1190 2472 1285 2541 (effe-

202 2564 333 2611 rentem
352 2576 386 2610 se
404 2557 587 2621 fortunam)
607 2557 697 2611 nihilo
717 2558 807 2610 minus
827 2558 864 2610 ad
882 2557 1023 2611 fortunam
1042 2558 1170 2612 refertur.
1211 2557 1285 2624 Quo·

202 2643 276 2696 niam
302 2643 333 2696 in
360 2643 416 2695 hoc
439 2643 532 2711 capite
557 2643 703 2710 aliquoties
727 2643 844 2695 aliorum
869 2660 975 2696 errores
999 2644 1147 2711 castigavi,
1176 2643 1286 2701 addam,

202 2745 245 2782 me
262 2729 355 2796 ipsum
373 2729 403 2781 in
421 2729 550 2797 proximo
569 2729 714 2797 superiore
733 2729 825 2796 capite
843 2728 899 2794 (29)
919 2726 935 2796 ἓ
953 2733 970 2781 4
988 2728 1174 2794 (Hannibal
1198 2728 1288 2782 nihil

203 2813 339 2881 quidem
371 2830 483 2867 eorum
513 2842 547 2850 —
580 2815 660 2867 laeto
693 2814 807 2866 animo
839 2813 965 2879 audiit,
996 2815 1141 2867 maxime
1171 2814 1287 2866 hostis

202 2897 333 2953 fiducia
358 2926 392 2934 —
419 2899 615 2967 perculsus)
647 2916 705 2952 non
737 2906 812 2953 recte
845 2899 911 2951 olim
947 2901 1083 2968 probasse
1117 2898 1286 2966 scripturam

202 2982 269 3036 Lov.
287 2987 312 3050 2,
337 3001 419 3052 quam
438 2985 523 3037 etiam
542 2984 576 3035 W
603 2989 714 3036 secutus
734 2989 785 3043 est,
808 3002 860 3052 pro
879 2985 914 3050 si,
934 2985 1009 3051 quod
1027 2985 1056 3036 in
1074 2982 1189 3050 reliquis
1208 2983 1285 3036 codi-

202 3069 279 3122 cibus
301 3076 367 3138 post
384 3071 529 3123 maxime
548 3070 675 3134 additur,
699 3070 839 3123 seilicet
856 3070 1017 3138 praebentis.
1059 3067 1163 3120 Verum
1182 3068 1211 3119 id
1228 3068 1285 3121 hoc

202 3154 277 3219 loco,
304 3155 353 3207 ubi
378 3156 554 3208 concessioni
579 3155 681 3221 (nihil
705 3155 851 3223 quidem)
875 3154 1073 3222 superadditur
1092 3152 1169 3205 aliud
1187 3153 1286 3219 maius,

203 3241 270 3310 poni
288 3257 347 3294 non
364 3241 466 3309 potuit.
503 3240 575 3307 Quid
595 3241 694 3305 subsit,
712 3242 823 3305 nesci03
843 3240 879 3293 ad
898 3240 970 3292 Livii
988 3238 1223 3292 consuetudinem
1241 3255 1288 3306 ap-

204 3326 344 3379 tissimum
362 3330 447 3378 esset:
461 3326 632 3390 -audiit;
652 3331 805 3378 ceterum
824 3324 1202 3393 maxime-perculsus
1222 3330 1287 3389 est3

203 3410 250 3463 sed
272 3428 306 3462 eo
329 3410 452 3477 vestigia
474 3428 531 3463 non
557 3411 670 3464 ducunt.
719 3409 784 3479 Cap.
808 3413 855 3477 31,
881 3415 892 3462 1
916 3409 1066 3462 Livianum
1088 3425 1146 3461 non
1170 3412 1212 3461 est
1229 3425 1288 3477 per

204 3495 374 3549 adventus
407 3495 458 3547 tui
489 3512 580 3564 spem
606 3513 673 3565 pro:
705 3495 877 3549 adventus
907 3495 960 3547 tui
987 3512 1057 3562 spe,
1089 3494 1186 3546 addito
1214 3510 1285 3563 prae·

204 3581 301 3634 sertim
324 3581 472 3649 genetiv03
498 3581 595 3649 itaque
624 3581 654 3634 in
676 3581 806 3634 habere
829 3580 871 3646 (C)
897 3587 946 3632 aut
969 3596 1071 3633 suere
1095 3578 1185 3645 (Bb),
1213 3579 1288 3646 quod

202 3665 314 3719 codices
347 3671 414 3720 ante
442 3665 610 3719 adventus
639 3665 759 3730 addunt,
794 3665 871 3718 aliud
901 3665 984 3730 latet,
1017 3681 1102 3731 quum
1128 3664 1287 3731 praesertim

203 3769 314 3820 spe-
333 3768 426 3820 spem
449 3751 479 3804 in
501 3752 554 3804 hae
579 3751 701 3818 eleganti
726 3750 862 3803 orationis
880 3749 971 3803 forma
988 3750 1092 3802 vitiose
1110 3753 1287 3801 concurrant.

203 3836 265 3890 vid.
281 3834 427 3889 Addenda.
463 3833 479 3903 ᾗ
502 3838 519 3889 8
537 3834 604 3887 ferri
623 3835 722 3902 nequit
739 3851 847 3903 prope
866 3851 983 3887 manus
1002 3838 1207 3897 consertum,
1229 3849 1287 3886 non

201 3921 293 3975 solnm
311 3920 395 3989 quod,
420 3920 456 3973 ad
474 3938 557 3988 quam
575 3937 634 3973 rem
652 3920 793 3973 Hannibal
810 3925 958 3974 revocatus
977 3920 1022 3984 sit,
1040 3935 1098 3971 non
1116 3918 1217 3985 agitur,
1237 3917 1287 3969 sed

199 4007 322 4059 maxime
349 4014 466 4074 propter
492 4023 612 4074 prope,
640 4022 703 4073 quae
731 4004 871 4074 particula
896 4010 992 4072 aperte
1018 4004 1142 4072 pertinet
1169 4003 1204 4055 ad
1230 4002 1287 4055 vim

198 4108 281 4161 poene
305 4091 462 4144 adhibitam
485 4091 637 4145 restitanti.
682 4091 769 4144 Recte
793 4091 883 4158 igitur
905 4090 1064 4158 superiores
1088 4092 1286 4141 consertum

199 4177 303 4243 (ortum
322 4194 357 4230 ex
376 4176 615 4241 restitantem)
634 4177 663 4229 in
682 4182 849 4229 conserta
866 4178 1050 4228 mutaverant.

1006 4274 1055 4328 28·
