2994 5108
201 489 264 543 Lib.
287 486 384 542 XLIV.
755 475 816 534 704

199 669 341 725 castra
362 668 562 725 venerunt
585 680 669 724 oum
691 659 836 723 iisdem
854 656 900 722 de
921 679 1016 739 pace
1035 657 1252 735 mandatis,
1275 677 1351 740 qua

201 769 331 834 Romae
364 769 571 851 ingentem
608 769 708 832 iram
742 774 901 850 patrum
935 766 1128 831 excitare.
1181 765 1237 830 Sic
1270 765 1350 842 cod.;

203 878 300 961 Gryn.
325 877 574 956 excitavere,
603 877 661 942 sed
688 876 874 941 necessario
900 874 1108 939 scribendum
1139 874 1273 938 videtur
1294 895 1351 937 ex·

199 987 400 1064 citarent,
432 986 492 1049 etsi
521 985 581 1049 has
609 985 858 1050 terminationes
881 982 962 1048 alibi
983 984 1069 1047 iuter
1091 1004 1126 1046 se
1149 988 1352 1066 permutatas

201 1115 266 1158 nou
306 1093 447 1158 memini.
490 1091 612 1174 (1864.)
658 1092 728 1157 Ibd.
763 1092 780 1176 ᾖ
816 1095 848 1155 7:
882 1090 1078 1156 Placebat
1114 1090 1353 1174 quibusdam

199 1237 244 1246 —
284 1222 357 1285 per
391 1200 507 1283 Elpei
546 1203 677 1284 ripam
718 1201 1048 1282 munitionesque
1088 1201 1164 1262 vim
1205 1198 1351 1262 iacere:

179 1309 401 1374 ¹confertis
425 1314 465 1373 et
498 1311 572 1374 vim
595 1309 851 1375 iacientibus
880 1309 1078 1372 resistere
1111 1306 1352 1372 Macedonas

201 1439 277 1482 non
300 1437 423 1501 posse.
469 1416 506 1481 In
530 1418 600 1483 cod.
624 1440 684 1502 pro
718 1417 822 1482 altero
845 1418 921 1480 vim
944 1423 996 1481 est
1018 1436 1110 1494 uno;
1138 1416 1166 1479 si
1189 1416 1268 1479 viru
1289 1433 1353 1478 rec·

202 1532 272 1590 tum
296 1533 391 1604 esset,
415 1527 536 1590 omisso
560 1534 600 1590 et
623 1526 836 1591 scriberetur:
874 1523 1075 1589 confertis
1104 1525 1183 1587 vim
1206 1523 1352 1587 lacien-

201 1632 321 1697 tibus.
367 1633 451 1697 Num
476 1655 626 1699 cuncos
648 1633 921 1699 facientibus?
955 1631 1078 1713 (1864.)

287 1738 367 1824 Cap,
392 1745 441 1819 36,
466 1745 485 1805 3
509 1742 564 1823 (de
587 1742 621 1806 L.
646 1742 748 1807 Paulo
772 1762 914 1825 pugnam
944 1740 1146 1820 differentel:
1175 1738 1254 1820 Sed
1277 1744 1352 1802 tan·

200 1855 266 1913 tus
289 1850 414 1914 ardor
436 1850 477 1913 in
501 1852 645 1915 animis
668 1851 716 1914 ad
740 1848 1010 1914 dimicandum
1028 1849 1237 1929 utrimque
1260 1851 1350 1922 erat

200 1962 245 2020 ut
263 1957 421 2021 consuli
440 1978 517 2022 non
535 1959 685 2023 minore
709 1965 799 2022 arte
817 1951 980 2022 ad‘suos
998 1956 1223 2022 eludendos
1241 1973 1350 2037 quam

198 2064 252 2128 ad
275 2064 415 2129 hostes
439 2087 537 2148 opus
560 2075 676 2132 esset.
711 2067 801 2131 Nihil
819 2067 860 2131 ad
883 2067 977 2131 Pauli
994 2066 1134 2130 consilia
1157 2063 1348 2147 pertinebat,

201 2172 289 2254 quod
322 2174 421 2237 etiam
455 2174 544 2256 apud
566 2175 764 2241 Macedonas
797 2175 896 2239 ardor
931 2174 973 2239 ad
1001 2174 1224 2238 dimicandum
1253 2180 1348 2249 esset3

200 2300 307 2363 neque
331 2283 418 2345 euim
442 2304 517 2346 eum
540 2283 692 2349 ardorem
715 2305 775 2347 sua
798 2291 870 2348 arte
894 2283 1025 2347 eludere
1052 2288 1196 2366 poterat.
1241 2280 1279 2344 In
1301 2301 1348 2344 co·

201 2387 273 2452 dice
296 2397 386 2454 recte
410 2391 566 2457 scribitur
589 2393 739 2457 omnibus
760 2392 895 2456 litteris:
927 2391 975 2455 ad
998 2389 1269 2455 dimicandum
1292 2397 1347 2450 nt·

200 2515 358 2578 cunque
382 2506 479 2562 erat.
512 2500 634 2565 Milites
659 2508 692 2565 et
714 2501 801 2564 bona
823 2507 866 2579 et,
890 2502 918 2564 si
940 2499 975 2563 id
998 2519 1061 2562 nou
1086 2504 1251 2581 poterant
1274 2516 1347 2578 qua·

198 2623 330 2686 cunque
361 2605 552 2671 condicione
577 2607 810 2691 (utcunque)
846 2608 1003 2672 dimicare
1038 2605 1227 2689 cupiebant.
1274 2605 1349 2688 Gry·

200 2734 287 2777 ussus
311 2735 331 2777 a
354 2718 517 2780 sententia
541 2717 715 2787 aberravit,
740 2717 896 2799 deceptus
922 2717 1062 2779 sortasse
1086 2716 1136 2791 iis,
1161 2737 1234 2798 quae
1258 2737 1283 2779 c.
1304 2719 1348 2777 37.

203 2827 241 2885 10
267 2822 466 2906 leguntur.1)
501 2826 603 2889 Paulo
628 2834 704 2908 post
728 2823 805 2906 (57)
829 2824 969 2888 alterum
993 2825 1153 2888 orationis
1172 2824 1348 2887 membrum

199 2933 336 2996 excidit:
384 2930 494 3007 duod
535 2934 602 2997 ubi
637 2934 731 2997 fieri
767 2933 921 2996 milites
955 2954 1134 3010 sensere,
1171 2931 1245 2995 alii
1278 2952 1348 2994 nou

198 3040 371 3105 moleste
389 3040 505 3119 ferre,
529 3042 600 3104 alii
624 3042 800 3124 gaudere
825 3039 965 3123 palam,
989 3040 1096 3123 quod
1119 3075 1161 3084 —
1184 3039 1347 3122 flagran-

203 3149 363 3213 tissimo
399 3156 497 3213 aestu
532 3172 607 3214 nou
643 3151 847 3232 coegisset
876 3170 1066 3231 pugnare.
1113 3148 1163 3228 (ln
1189 3169 1214 3212 c.
1240 3153 1280 3212 35
1303 3148 1347 3210 bis
1381 3216 1384 3223 ,

195 3256 281 3318 idem
306 3277 397 3319 error
418 3263 552 3322 notatus
576 3265 636 3336 ost,
661 3258 676 3340 ξ
701 3264 718 3321 5
743 3260 775 3321 in
800 3258 964 3340 geminato
988 3257 1073 3335 alii,
1099 3256 1113 3338 ξ
1135 3261 1173 3319 ls
1198 3257 1232 3322 in
1255 3257 1347 3339 gemi-

197 3372 274 3427 nato
298 3365 415 3444 hinc.)
460 3366 587 3430 Deinde
611 3365 627 3448 ξ
654 3371 702 3443 10,
726 3367 782 3429 ubi
806 3368 838 3429 iu
863 3366 975 3428 codice
1006 3371 1070 3428 est:
1106 3365 1346 3428 Macedonia

197 3473 250 3536 sit
273 3493 455 3553 aesosque
481 3476 589 3538 sicut
612 3475 821 3557 prioribus
847 3473 1017 3537 ducibus
1035 3494 1105 3554 per
1123 3473 1254 3537 calles
1279 3472 1346 3537 sal-

195 3586 340 3660 tusque
363 3580 717 3647 Macedonicorum
741 3583 936 3647 montium
960 3581 1146 3663 vagando
1177 3583 1345 3645 circum-

190 3696 355 3770 agatur,
381 3690 588 3755 scribendum
612 3713 682 3756 esse
707 3697 919 3772 aestasque,
944 3690 1011 3753 dixi
1034 3691 1098 3753 iani
1121 3693 1212 3768 1852,
1237 3699 1346 3772 estque

205 3827 365 3834 —.--..-....-...
388 3831 420 3838 ἡ,

218 3908 240 3974 ¹]
261 3909 276 3977 ξ
296 3914 312 3963 2
330 3912 359 3963 in
379 3912 484 3965 codicis
504 3912 644 3978 scriptura
663 3911 817 3977 (meridie
837 3918 961 3964 aestate
986 3911 1097 3978 magis
1117 3912 1344 3965 adcesserunt

260 4003 329 4049 tum
357 4015 431 4049 mox
459 3997 650 4065 adparebat
673 3995 841 4063 [Gitlbauerz
871 3995 1132 4065 adparebaretll
1157 3998 1248 4049 latere
1277 3996 1343 4050 vide·

261 4087 319 4133 tur:
350 4082 498 4135 meridie
518 4090 639 4135 eastum
666 4082 775 4149 magis
801 4098 1015 4136 accessurum
1033 4110 1067 4118 —
1091 4082 1343 4150 adparebat3or

260 4171 329 4218 tum
348 4184 422 4219 mox
440 4168 507 4234 quid
525 4167 682 4221 faciendum
706 4168 756 4232 sit,
777 4168 880 4220 nescis.
919 4165 1057 4232 [Rectius:
1089 4173 1213 4220 astum
1242 4166 1342 4234 magis

262 4269 479 4304 accensurum
514 4259 712 4319 utrumque,
754 4252 796 4305 vel
829 4251 960 4306 fortasse:
995 4257 1181 4320 utramque
1221 4268 1341 4307 noxam.

258 4336 491 4389 Accensurum
510 4339 594 4389 etiam
613 4336 749 4388 Hertzius.
788 4338 874 4406 1864]
