2994 5108
218 500 280 554 nse.
299 500 418 583 muv.¹
768 487 830 548 350

219 673 319 738 Italia
346 671 535 737 foederibus
558 671 689 735 Punicis
717 671 831 735 iuncta
858 672 969 735 visura
998 671 1185 755 displicere;
1214 693 1268 737 res
1289 672 1379 737 euim

220 782 369 846 Romana
397 781 532 862 antiquo
561 801 622 872 usu
652 778 808 860 loquendi
838 778 918 842 nihil
941 780 1064 844 videt.
1121 779 1262 858 Vereor,
1291 801 1333 845 ne
1356 801 1379 844 a

220 890 311 954 Livio
334 889 494 971 scriptum
516 887 630 952 fuerit:
667 887 764 969 quin
787 886 909 966 brevi,
934 887 1156 970 desperata
1178 887 1225 952 ab
1249 888 1377 953 sociis

221 1000 400 1063 Romana
432 1017 490 1075 re,
524 994 764 1059 foederibus
798 993 970 1060 Punicis
1002 997 1137 1089 omnia
1164 1030 1207 1039 -
1234 996 1380 1059 iuncta

220 1105 342 1167 rlsnrl
369 1104 458 1166 slnt.
514 1103 601 1167 Illud
629 1124 696 1167 non
725 1103 860 1168 dubium
889 1110 954 1183 est,
990 1104 1067 1185 quin
1090 1108 1180 1168 recte
1202 1124 1309 1185 nsque
1332 1102 1377 1168 ad

219 1219 368 1278 nostram
391 1217 522 1275 aetatem
545 1211 668 1275 editum
692 1212 736 1275 sit
758 1219 792 1275 et
814 1211 867 1275 hic
891 1217 924 1275 et
942 1232 968 1275 c.
987 1216 1038 1291 26,
1064 1216 1099 1276 6:
1122 1213 1187 1276 cni
1210 1211 1376 1276 dubium

134 1335 207 1403 (236)
226 1340 326 1398 esse,
355 1319 463 1400 idque,
493 1319 582 1402 quod
604 1340 709 1403 nuper
732 1340 749 1384 e
772 1319 797 1382 P
819 1327 959 1401 utroque
981 1319 1055 1385 loco
1078 1319 1292 1384 substitutum
1315 1325 1378 1397 est

220 1429 296 1511 qui,
325 1434 432 1492 ortum
459 1429 516 1506 sit,
550 1435 589 1490 ut
616 1449 680 1491 non
710 1448 802 1505 raro,
836 1448 876 1492 ex
904 1429 1009 1509 quoi,
1039 1427 1316 1509 quemadmodum
1339 1428 1375 1492 in

220 1538 292 1619 ipso
321 1535 346 1599 P
374 1535 478 1613 XXV,
514 1540 548 1613 6,
585 1538 602 1597 7
637 1557 699 1619 pro
733 1537 795 1599 cui
829 1543 921 1618 post
954 1533 1087 1618 fugam
1122 1535 1279 1600 scribitur
1306 1537 1376 1618 qui

219 1651 313 1728 post
334 1644 355 1708 f.
380 1650 414 1708 et
436 1642 533 1722 XXV,
560 1648 608 1721 17,
633 1648 651 1705 5
675 1643 827 1725 quique
851 1665 911 1726 pro
935 1644 1093 1726 cuique;
1117 1643 1174 1708 cfr.
1198 1642 1256 1721 III,
1279 1649 1332 1720 41,
1355 1647 1376 1705 4

220 1752 334 1836 (supra
357 1776 388 1836 p.
413 1755 454 1814 20
478 1751 569 1831 not),
600 1750 763 1816 Drakenb.
789 1752 832 1815 ad
854 1751 909 1830 IX,
938 1755 988 1828 34,
1015 1755 1063 1815 13.
1116 1750 1234 1834 [ΧΧΙΙ,
1259 1756 1309 1830 59,
1336 1754 1376 1814 13

220 1862 316 1944 quin
343 1850 412 1925 no's
436 1881 495 1943 pro
519 1859 584 1922 oui
607 1857 704 1940 nos]
755 1859 869 1942 Neque
894 1860 979 1923 enim
1001 1859 1107 1931 modi.
1138 1860 1193 1941 qui
1215 1858 1376 1924 adverbio

220 1969 286 2050 qui
316 1975 465 2045 notatur,
498 1966 568 2031 ulla
595 1965 793 2047 significatio
823 1974 889 2043 est,
923 1967 980 2031 sed
1008 1968 1242 2050 interrogando
1270 1965 1375 2031 nulli

221 2077 385 2142 dubium
407 2096 478 2141 esse
502 2076 633 2139 dicitur.
679 2075 803 2139 Eodem
826 2075 923 2139 modo
946 2075 1111 2140 aberravit
1127 2074 1377 2140 Weissenborn·

219 2187 269 2249 ius
293 2185 340 2264 (in
365 2185 414 2249 ed.
438 2183 576 2263 Teubn.)
600 2185 632 2246 in
656 2181 807 2255 XXXVI,
839 2188 867 2262 7,
896 2191 925 2263 4,
953 2183 1010 2247 ubi
1032 2206 1072 2248 ex
1095 2183 1191 2268 quoi
1214 2181 1377 2247 dubium

220 2293 363 2375 inMog.,
387 2293 552 2374 geminato
577 2292 677 2355 etiam
696 2292 724 2368 d,
749 2298 855 2355 ortum
880 2298 951 2356 erat
973 2292 1068 2375 quid
1092 2292 1264 2356 dubium.
1300 2289 1374 2354 Non

220 2401 394 2474 aberratur
416 2401 449 2464 in
473 2398 642 2476 XXXVII,
673 2405 721 2474 15,
751 2404 769 2463 2
794 2406 852 2464 aut
875 2404 925 2479 53,
956 2403 990 2475 33
1024 2420 1085 2465 nec
1107 2398 1242 2477 XXXII,
1274 2403 1323 2477 10,
1354 2402 1376 2462 6

220 2529 417 2591 quemquam
455 2507 616 2571 hactenus
658 2507 787 2590 decepit
826 2507 896 2572 cod.
937 2507 1066 2587 Bamb,
1112 2509 1145 2571 in
1189 2529 1253 2588 quo
1294 2527 1373 2590 pro:

220 2616 285 2680 cui
319 2617 421 2680 enim
449 2637 530 2680 non
558 2636 757 2698 apparere
786 2616 956 2680 scribitur:
997 2617 1063 2699 qui
1093 2617 1198 2679 enim
1227 2637 1259 2679 n.
1283 2635 1375 2699 app.

220 2724 319 2802 XLV,
355 2729 409 2802 44,
447 2728 484 2786 12
514 2744 589 2805 pro:
625 2745 670 2787 ne
700 2725 761 2787 cui
792 2723 915 2805 (quoi)
940 2724 1074 2794 detur,
1110 2724 1197 2805 quod
1220 2723 1376 2788 Muretus

218 2833 376 2911 restituit,
405 2833 438 2895 in
467 2832 578 2895 codice
608 2840 658 2895 est
686 2853 730 2895 ne
762 2853 835 2912 quo
865 2832 993 2896 detur.
1045 2832 1083 2895 In
1106 2830 1275 2895 Ciceronis
1299 2851 1378 2895 ora·

217 2941 305 3004 tione
340 2941 371 3003 lI
407 2940 446 3003 de
480 2940 551 3021 lege
589 2959 657 3020 agr.
687 2943 742 3017 22,
779 2945 819 3003 oo
854 2961 892 3003 ex
921 2941 1014 3021 quoi
1044 2941 1106 3003 ius
1134 2940 1167 3002 in
1197 2939 1372 3003 codicibus

217 3048 339 3112 factum
374 3048 481 3129 quod
515 3048 592 3125 ius,
628 3048 840 3128 similiterque
875 3046 986 3111 multis
1021 3047 1094 3112 aliis
1128 3047 1219 3111 locis
1286 3046 1370 3129 [Gfr.

216 3157 348 3220 Advers.
375 3156 484 3219 critl
514 3179 545 3238 p.
571 3160 611 3217 68
641 3162 673 3218 et
702 3155 732 3217 Il
762 3178 791 3237 p.
816 3159 877 3217 412
907 3153 953 3236 m]
1011 3155 1117 3219 Unum
1152 3163 1305 3238 superest
1338 3157 1374 3221 in

215 3262 277 3327 hoo
311 3264 418 3346 capite
453 3263 543 3346 (post
576 3269 889 3327 consecuturum
924 3262 940 3343 ξ
975 3267 993 3325 7
1027 3269 1116 3327 recte
1149 3283 1169 3326 a
1203 3264 1373 3328 Weissen-

217 3370 332 3435 bornio
366 3372 400 3434 in
435 3378 669 3451 secuturum
701 3377 864 3434 mutatum
899 3376 932 3434 ot
966 3368 982 3451 ξ
1017 3376 1035 3434 9
1070 3372 1260 3435 restitutum
1294 3393 1312 3435 e
1348 3371 1377 3434 P

216 3478 462 3560 Calenisque
484 3478 651 3560 legatis)
677 3478 916 3542 emendandum
940 3479 972 3541 in
997 3481 1013 3558 ᾗ
1041 3483 1088 3557 13,
1112 3478 1167 3543 ubi
1190 3479 1374 3546 Hannibal.

216 3593 258 3649 ut
286 3586 356 3649 irae
384 3588 508 3668 magis
533 3608 650 3668 qnam
673 3586 857 3656 avaritiae
881 3586 1017 3650 datum
1041 3586 1143 3669 (quod
1167 3587 1254 3652 bona
1277 3587 1374 3652 Dasii

216 3693 400 3776 possideret
435 3694 670 3776 venderetque)
711 3693 926 3758 crederent
957 3692 1156 3771 homines,
1190 3695 1379 3761 crudeli·

82 3848 87 3855 .
214 3808 339 3866 tatem
364 3824 522 3884 quoque
542 3801 742 3882 gravitati
760 3800 971 3865 addidisse
991 3802 1120 3881 dicitur,
1144 3803 1283 3884 coniuge
1300 3802 1378 3867 eius

214 3910 392 3992 liberisque
425 3910 504 3973 vivis
539 3910 733 3985 combustis3
775 3911 823 3972 sic
862 3911 947 3973 enim
986 3911 1019 3973 in
1054 3910 1124 3975 cod.
1160 3909 1193 3973 M
1227 3909 1375 3993 aliisque

215 4018 384 4096 scribitur3
425 4019 456 4079 in
496 4016 714 4081 deterioribus
749 4018 919 4080 codicibus
953 4025 987 4081 et
1020 4016 1221 4082 editionibus
1254 4023 1377 4082 nostro

214 4125 332 4187 saeculo
367 4124 608 4205 antiquioribus
632 4130 717 4187 erat:
758 4125 1000 4189 crudelitati
1040 4145 1199 4209 quoque
1234 4127 1376 4207 gravi·

215 4238 339 4295 tatem
363 4232 544 4311 addidit3
567 4234 600 4295 in
623 4233 647 4294 l‘
671 4239 720 4296 est
743 4232 1093 4312 crudelitatem—
1111 4233 1377 4316 gravitatem.

214 4337 425 4402 Manifestum
453 4345 518 4415 est,
549 4347 585 4402 ut
613 4341 669 4402 irae
698 4340 809 4403 datum
840 4340 966 4421 aliquid
994 4342 1179 4415 rideretur,
1208 4363 1275 4405 non
1298 4363 1379 4407 cru·
