2994 5108
680 488 741 551 677
1104 499 1166 557 Lib.
1185 499 1284 556 mv.

135 694 208 739 rum
230 674 380 739 locorum
407 680 527 739 natura
555 692 700 758 pugnare
729 674 931 758 prohibitam
954 673 1053 755 esse):
1083 673 1201 739 Levis
1224 695 1287 739 ar·

135 768 297 849 matura
317 783 440 848 etiam
462 804 533 868 per
555 783 767 856 anfractus
790 784 876 866 iugi
898 802 1140 867 procurrere
1171 789 1210 847 et
1238 781 1286 848 ab

134 890 335 957 lateribus
358 912 442 956 cum
465 892 543 960 levi
567 898 775 956 armatura
797 911 1025 970 conserere,
1048 891 1284 975 periniqua

135 1006 258 1084 atque
281 999 511 1084 aequaloca
543 1020 715 1084 pugnem
749 1007 908 1083 petere;
942 1019 987 1066 ac
1022 997 1107 1080 (cod.
1142 1005 1286 1082 patere

135 1105 198 1187 ed)
221 1106 409 1191 pluribus
443 1127 487 1178 eo
521 1106 584 1173 die
617 1106 847 1174 vulneratis
881 1128 997 1190 quem
1031 1104 1287 1186 interfectis,

136 1214 341 1300 proelium
373 1223 491 1281 nocte
526 1215 772 1299 diremptum
806 1224 876 1282 est.
920 1215 1034 1298 Neque
1068 1235 1288 1281 conserere

135 1323 288 1390 absolute
311 1322 376 1389 dici
409 1329 522 1408 potest
543 1325 599 1405 (-
621 1326 733 1409 itaque
766 1332 824 1390 aut
846 1345 1002 1389 manum
1029 1329 1088 1390 aut
1115 1344 1288 1408 pugnam

135 1431 324 1499 addendum
347 1437 406 1497 aut
427 1452 670 1499 concurrere
699 1432 908 1499 scribendum
931 1453 1003 1498 esse
1025 1433 1200 1498 coniicitur
1221 1432 1287 1514 -),

134 1560 242 1624 neque
274 1559 451 1624 pugnam
484 1549 626 1624 petere
660 1541 700 1607 de
734 1540 1003 1607 concurrentibus
1037 1539 1192 1605 Latinum
1228 1546 1288 1617 est,

134 1669 240 1732 neque
262 1647 442 1713 infinitivus
464 1647 642 1714 historicus
671 1650 724 1714 hic
746 1650 853 1715 locum
876 1649 993 1728 habet,
1025 1647 1232 1732 precedente
1253 1649 1287 1712 in

135 1776 176 1823 ea
199 1756 373 1835 sententia,
395 1756 448 1821 cui
470 1755 541 1820 haec
561 1758 754 1841 respondet,
781 1756 974 1843 imperfecto
998 1755 1208 1838 (stabant),
1230 1778 1287 1822 ne·

135 1885 200 1950 que
221 1885 282 1948 per
314 1883 360 1929 ac
392 1863 463 1929 haec
484 1871 573 1930 recte
596 1886 669 1930 cum
691 1867 849 1950 proximis
878 1866 1133 1949 coniunguntur,
1156 1865 1287 1950 ‘quibus

134 1973 251 2058 proelii
274 1972 371 2038 huius
399 1972 465 2038 diei
493 1994 622 2039 summa
654 1979 688 2038 et
720 1980 856 2039 eventus
889 1973 1102 2057 significetur.
1152 1972 1288 2040 Accedit

134 2081 258 2148 codicis
281 2082 446 2164 scripture
472 2081 539 2146 alio
562 2082 695 2147 ducens.
741 2081 795 2147 Sic
829 2083 914 2148 enim
941 2082 1033 2148 locus
1062 2080 1288 2147 restituendus

135 2196 202 2256 est:
227 2189 345 2254 Levis
368 2195 579 2254 armature
600 2224 644 2234 -
665 2197 884 2256 conserere
905 2191 1142 2275 periniqua
1163 2196 1285 2272 atque

135 2317 248 2382 sequa
268 2297 358 2362 loca
379 2318 553 2380 pugnam
576 2306 733 2379 peterat.
778 2298 974 2365 Pluribus
997 2307 1058 2364 cet.

223 2404 302 2490 Cep.
327 2411 356 2485 5,
379 2411 400 2470 4
423 2406 494 2488 (ubi
517 2408 626 2490 egitur
648 2407 689 2472 de
711 2409 839 2474 ratione
863 2407 1056 2492 elephantos
1089 2428 1150 2491 per
1178 2407 1287 2473 locum

135 2515 338 2599 precipitem
359 2514 568 2598 traducendi)
591 2517 624 2581 in
647 2517 758 2581 codice
781 2517 952 2583 scribitur:
974 2517 1014 2581 in
1037 2535 1106 2581 eos
1130 2514 1287 2597 (asseres)

135 2623 535 2706 —tigncastricenos
552 2623 662 2707 longi
675 2621 1290 2710 pedes‚Grynaeierroretiamllreys·

136 2732 254 2815 sigium
278 2737 311 2796 et
332 2729 502 2796 Hertzium
524 2734 636 2812 traxit,
658 2740 697 2798 ut
719 2741 752 2798 et
773 2755 794 2799 e
815 2735 864 2799 rei
885 2732 1054 2798 intellectu
1078 2737 1111 2796 et
1133 2751 1154 2795 a
1176 2730 1290 2798 codice

136 2837 338 2905 aberrarent.
383 2839 506 2905 Defixis
533 2839 619 2905 infra
641 2840 769 2908 duobus
797 2843 903 2924 longis
936 2843 1104 2909 asseribus
1138 2846 1171 2906 et
1203 2843 1290 2905 inter

136 2966 173 3012 se
199 2947 291 3029 tigno
324 2953 511 3013 transverso
545 2950 667 3014 iunctis
701 2951 753 3030 (in
787 2971 856 3015 eos
879 2958 1116 3016 transverso
1145 2951 1289 3013 incum-

136 3053 255 3123 bente
278 3056 409 3138 tigno,
441 3062 480 3121 ut
501 3063 593 3122 recte
616 3077 689 3122 cum
712 3057 824 3123 codice
853 3057 1044 3139 Bekkerus)‚
1068 3058 1113 3123 ab
1136 3078 1174 3123 eo
1203 3057 1287 3135 loco,

136 3162 224 3228 unde
246 3183 305 3248 per
328 3163 473 3246 proclive
496 3171 663 3249 sumptum
692 3165 861 3249 fastigium
884 3172 970 3246 erat,
1004 3167 1039 3231 in
1066 3173 1290 3238 transversum

135 3268 220 3336 illud
241 3272 367 3354 tignum
388 3272 646 3355 porrigebantur
666 3295 731 3340 non
753 3295 882 3340 asseres
905 3273 1027 3358 (neque
1050 3275 1135 3340 enim
1151 3293 1287 3351 asseres,

136 3378 202 3445 hoc
224 3385 283 3458 est,
309 3378 494 3462 Stengem
529 3382 621 3462 iuxta
648 3383 749 3465 positi
770 3389 904 3466 pontem
927 3381 1075 3448 efficiunt
1101 3403 1207 3467 neque
1228 3387 1290 3466 'per

137 3507 196 3553 eos
217 3485 368 3553 incedere
391 3486 585 3572 elephantus
607 3491 746 3573 potest),
775 3491 834 3557 sed
855 3490 977 3557 tabule
1006 3492 1073 3556 sive
1097 3510 1196 3570 asses,
1229 3510 1289 3574 per

137 3615 220 3678 quos
242 3595 410 3679 elephanti
431 3596 631 3678 incederent,
654 3599 698 3664 ed
719 3599 805 3665 hanc
827 3599 980 3665 formam:
1003 3607 1042 3665 nt
1067 3618 1112 3662 aa
1139 3600 1207 3664 sint
1235 3619 1288 3664 as-

413 3780 427 3824 b
495 3737 502 3743 ·
524 3727 628 3777 seres,
652 3708 670 3769 b
692 3709 819 3792 tignum
841 3716 1080 3789 transversum,
1103 3728 1143 3771 oe
1164 3706 1289 3772 tabulae

379 3883 396 3913 a
523 3816 589 3880 sive
621 3836 727 3896 asses,
760 3824 896 3901 pontem
925 3816 1116 3896 efficientes,
1144 3816 1294 3880 tricenos

364 3791 460 3990 {a
521 3924 623 4003 pedes
657 3925 755 4008 longi.
806 3925 925 3991 Rarius
958 3925 1058 4009 paulo
1092 3923 1288 3992 vocabulum

524 4053 638 4100 asses
666 4034 732 4098 sive
761 4054 855 4099 axes
878 4033 978 4116 (unde
1006 4041 1120 4099 natum
1149 4041 1201 4099 est
1222 4034 1288 4099 lte-

136 4141 244 4209 lorum
267 4163 371 4221 asse,
406 4141 578 4209 Gallorum
609 4139 686 4223 ais)
715 4141 894 4207 alibrario
928 4148 1117 4207 moncatum
1151 4150 1217 4222 est,
1250 4151 1289 4209 nt

136 4256 323 4316 remaneret
344 4257 475 4315 tantum
492 4272 534 4316 as
552 4251 658 4334 (tigno
675 4271 787 4316 asses
804 4251 945 4315 tricenos
965 4249 1053 4333 longi
1071 4249 1198 4334 pedes).
1224 4248 1288 4317 Sed

136 4360 212 4444 ipsa
244 4359 403 4424 orationis
435 4357 542 4423 forma
575 4357 749 4424 admonere
773 4358 928 4438 debebat,
961 4358 1202 4425 substantivum
1233 4359 1289 4426 hic
