2994 5108
703 489 742 551 61
1197 502 1261 558 nie.
1279 503 1301 557 1.

142 675 317 740 notatione
345 695 437 741 error
463 681 529 754 est;
562 695 604 740 ne
637 674 712 757 quis
739 675 774 739 in
801 676 832 740 R
859 681 929 740 aut
956 681 1000 740 ut
1026 675 1127 741 fuisse
1156 676 1294 758 credat.)
1313 681 1368 752 (50)

143 781 196 847 Ex
234 782 287 848 his
326 783 470 850 efficitur
509 783 579 848 haec
618 784 789 849 sententia
822 783 943 850 forma:
985 791 1024 850 et
1062 805 1103 850 se
1143 785 1302 850 rectius

142 890 307 957 uiduam
346 899 388 959 et
425 891 541 957 illum
581 890 761 957 calibem
800 890 988 958 futurum
1020 892 1152 958 fuisse
1186 914 1302 975 quam

143 1019 234 1065 cum
256 1000 420 1085 impari.
464 999 563 1062 bne
585 998 956 1083 elanguescendum
979 1001 1118 1067 aliena
1139 1002 1302 1087 ignavia

143 1128 247 1173 esse.
303 1108 368 1174 Pro
396 1128 501 1175 nunc
530 1109 559 1174 si
581 1108 655 1191 quis
677 1108 877 1193 reppererit,
912 1108 1001 1191 quod
1022 1110 1159 1194 propius
1181 1108 1225 1174 ad
1248 1129 1302 1175 co-

144 1215 256 1281 dicum
283 1217 425 1302 vestigia
452 1216 640 1300 (iungiut)
663 1216 818 1296 accedat,
850 1217 1026 1300 accipiam3
1060 1218 1169 1302 ipsum
1190 1223 1302 1283 tamen

143 1325 318 1409 aptissime
345 1325 497 1392 convenit
524 1325 569 1404 ei,
597 1322 686 1408 quod
707 1325 909 1391 contrarium
931 1325 1121 1391 subiicitur:
1158 1324 1198 1390 Si
1222 1324 1301 1390 sibi

143 1453 248 1513 enm,
276 1454 355 1519 quo
384 1434 508 1516 digna
530 1439 657 1513 esset,
687 1431 726 1498 di
747 1431 963 1498 dedissent
985 1435 1120 1498 virum.
1172 1431 1302 1516 [Potest

143 1539 254 1608 fuisse'
282 1562 388 1608 nunc
421 1542 502 1608 eibi
531 1538 675 1624 eleng.]
730 1541 768 1606 In
795 1542 953 1626 proximis
981 1541 1090 1607 verbis
1119 1539 1150 1625 (ἓ
1174 1541 1207 1623 9)
1236 1563 1301 1608 non

143 1650 272 1734 optimo
305 1649 454 1735 exemplo
487 1650 631 1716 editores
663 1650 863 1715 recentiores
890 1671 951 1716 nec
979 1651 1061 1715 satis
1084 1651 1139 1729 iis,
1173 1670 1245 1732 quae
1267 1650 1301 1714 in

144 1757 222 1824 aliis
256 1758 420 1825 similibus
452 1757 535 1824 locis
568 1757 637 1824 fere
671 1765 869 1841 sequuntur,
903 1758 1132 1824 convenienter
1164 1779 1225 1842 pro
1253 1778 1302 1837 eo,

143 1866 235 1950 quod
275 1868 310 1932 in
349 1867 518 1933 codicibus
552 1868 710 1952 scriptum
743 1871 808 1932 est:
848 1866 1004 1931 Arruns
1037 1865 1316 1948 Tarquinius,

143 1981 330 2058 posuerunt
347 1975 383 2041 L.
395 1975 657 2060 Tarquinius,
681 1974 745 2040 etsi
765 1974 815 2040 ita
833 1974 960 2040 Livium
982 1974 1126 2040 scribere
1148 1973 1300 2039 debuisse

143 2083 227 2149 satis
262 2089 391 2150 certum
424 2089 493 2164 est;
525 2083 680 2175 Hertzius
713 2082 847 2165 quidem
876 2084 977 2149 etiam
1005 2083 1115 2148 locum
1142 2088 1300 2165 tanquam

142 2212 299 2258 mancum
329 2192 503 2277 supplevit.
549 2191 641 2257 Livio
671 2190 758 2256 enim
784 2191 849 2274 ipsi
876 2190 963 2256 idem
990 2189 1147 2256 hocloco
1170 2190 1301 2269 accidit,

144 2300 234 2384 quod
268 2299 459 2384 aliquoties,
499 2306 537 2367 ut
576 2302 610 2365 in
649 2299 755 2365 altero
789 2320 829 2365 ex
862 2299 991 2365 duobus
1024 2299 1224 2377 nominibus,
1259 2298 1300 2364 de

143 2408 267 2492 quibus
298 2414 468 2492 ageretur,
502 2406 702 2493 appellando
730 2407 774 2473 ad
796 2409 937 2474 alterum
959 2409 1117 2474 memoria
1139 2407 1300 2489 stilusque

143 2516 333 2597 aberraret,
368 2516 461 2582 euius
489 2517 617 2599 generis
646 2516 796 2601 exempla
824 2517 974 2599 quadam
1004 2516 1157 2600 colligere
1180 2515 1298 2600 placet.

143 2624 216 2690 Lib.
246 2623 295 2705 11,
331 2630 384 2704 ll,
418 2629 437 2689 9
469 2646 530 2709 pro
562 2622 728 2690 Valerio
764 2625 990 2708 (uersisque
1023 2624 1063 2689 in
1095 2624 1299 2689 Valerium

143 2731 366 2816 Etruscis),
395 2753 494 2816 quem
521 2733 756 2799 nominandum
777 2732 880 2799 luisse
904 2755 943 2798 ex
965 2733 1132 2818 superiore
1155 2734 1299 2817 partium

142 2841 194 2906 rei
226 2839 362 2925 agenda
397 2840 556 2906 divisione
584 2848 724 2926 apparet
752 2848 786 2907 et
813 2848 889 2926 post
911 2841 1125 2920 Glareanum,
1162 2846 1299 2924 excepto

145 2969 301 3033 perverso
328 2948 459 3015 homine
482 2948 702 3029 Alschefskio,
738 2971 850 3016 omnes
877 2949 1042 3030 viderunt,
1076 2971 1097 3014 a
1124 2947 1214 3014 Livio
1241 2969 1299 3014 110-

144 3057 307 3123 minatum
328 3056 430 3124 fuisse
451 3057 701 3138 Lucretium,
735 3057 866 3124 codices
895 3057 1088 3137 ostendunt,
1121 3077 1197 3121 nem
1218 3055 1301 3121 talia

146 3165 274 3231 librarii
296 3187 363 3232 non
384 3171 583 3251 permutant,
635 3165 705 3231 Lib.
725 3167 766 3246 ΙΙ,
791 3171 840 3246 18,
865 3171 883 3229 3
907 3166 1033 3231 Livium
1057 3184 1177 3249 super
1198 3164 1300 3230 belli

145 3274 285 3340 Latini
314 3280 463 3340 metum
491 3275 677 3359 scripsisse,
712 3275 862 3341 codicum
892 3294 1070 3339 consensus
1098 3273 1203 3338 vincit
1224 3271 1303 3366 (nisit

145 3382 235 3465 quod
268 3381 318 3447 illi
350 3403 449 3466 prave
484 3403 613 3467 supra
645 3381 769 3449 habent
797 3389 913 3448 contra
941 3404 1038 3448 usum
1065 3381 1233 3465 loquendi,
1267 3382 1300 3447 in

147 3510 215 3573 quo
243 3490 342 3556 nullae
369 3498 464 3556 erant
491 3490 657 3557 memoria
679 3489 822 3575 partes);
855 3489 997 3556 Sabini
1026 3489 1127 3557 belli
1155 3490 1300 3556 scribere

146 3619 221 3664 euim
249 3598 417 3678 debuisse,
447 3598 600 3665 Dukerus
628 3598 807 3679 intellexit,
835 3600 934 3683 idque
955 3599 1239 3665 Weissenbornius
1267 3606 1302 3664 et

146 3706 376 3773 Alschefskius
406 3707 664 3788 substituerunt,
697 3729 774 3774 nam
802 3707 916 3773 Sabini
943 3706 1021 3773 belli
1050 3728 1168 3773 causas
1190 3706 1300 3772 Livius

145 3816 214 3880 iam
249 3815 423 3896 indicavit3
456 3816 577 3882 transit
606 3816 649 3881 ad
677 3814 846 3897 Latinum3
879 3816 937 3881 sed
965 3837 1056 3881 error
1084 3814 1301 3879 occultandus

148 3944 213 3989 non
246 3930 328 3989 erat.
391 3924 453 4007 (De
492 3945 617 4010 supra
648 3924 802 4000 Dukerus
839 3925 1024 4002 admonuit,
1065 3925 1118 3988 cui
1152 3921 1301 3987 Draken-

146 4030 305 4097 borchius
326 4031 487 4108 adsensus
511 4040 578 4113 est3
610 4033 810 4099 recentiores
839 4053 976 4116 pravum
1004 4033 1105 4097 tacite
1127 4029 1300 4113 tenent.)¹)

177 4284 202 4350 ¹)
221 4283 337 4355 [Postea
358 4286 401 4340 W.
419 4287 545 4342 restituit
567 4288 686 4343 Latini
708 4287 866 4342 mirabilem
888 4287 978 4341 Wexii
996 4285 1254 4356 interpunctionem
1273 4291 1302 4340 et

218 4370 425 4428 enarrationem
442 4378 562 4428 secutus.
590 4371 668 4429 Nihil
686 4373 823 4430 animent
841 4372 881 4427 ad
899 4372 1126 4427 rebellionem
1144 4374 1303 4440 spectare
