2994 5108
197 480 364 541 nrum
748 469 810 530 300

197 665 268 723 tum
290 663 341 720 est
362 654 473 734 inde,
508 662 579 718 tum
608 652 756 718 additum
778 654 888 735 ipsum
911 651 1040 731 uidet3
1084 651 1212 731 xxm,
1246 657 1282 731 9,
1318 656 1357 718 11

199 786 298 849 quum
328 761 538 828 scribendum
573 768 660 826 esset
688 760 941 825 defectionis
970 760 1019 824 ab
1047 759 1257 839 Romanis,
1289 761 1360 844 pri·

197 894 287 937 mum
315 872 459 955 positum
486 876 538 934 est
566 868 800 934 defectione
830 866 889 949 (ob
912 887 996 932 cum
1012 867 1103 932 male
1125 867 1357 950 intellectum),

199 979 317 1045 deinde
350 979 385 1042 in
418 976 570 1042 addendo
604 977 667 1040 nis
696 977 743 1041 sic
772 973 978 1053 aberratum,
1012 983 1050 1041 ut
1071 982 1265 1042 nasceretur
1287 976 1359 1042 de·

198 1086 639 1152 iectioneinissaab·R.
695 1085 802 1167 Atque
830 1083 901 1148 haec
930 1104 996 1148 non
1019 1084 1054 1148 in
1075 1083 1102 1147 P
1124 1091 1201 1150 orta
1222 1083 1360 1166 (saltem

197 1216 265 1261 non
293 1192 432 1274 omnia),
468 1193 526 1258 sed
554 1194 588 1257 in
619 1193 805 1276 antiquiore
822 1192 959 1272 codice,
994 1192 1238 1276 apertissimum
1257 1190 1299 1258 fit
1319 1192 1358 1257 in

198 1303 297 1368 huius
325 1301 402 1367 libri
430 1321 457 1366 c.
481 1307 538 1379 41,
567 1305 605 1380 73
638 1301 685 1366 ibi
722 1302 808 1365 enim
837 1321 878 1365 ex
907 1299 1079 1364 mediam
1107 1297 1232 1365 lactum
1258 1299 1360 1366 aber·

198 1410 304 1476 rando
338 1417 372 1474 et
406 1409 602 1492 corrigendo
640 1408 897 1487 mediumam3
939 1407 1058 1473 deinde
1098 1429 1203 1474 novus
1234 1408 1359 1488 scriba,

199 1538 300 1600 quum
322 1540 388 1583 non
410 1516 558 1595 haberet,
580 1516 660 1598 quid
682 1515 810 1599 syllaba
831 1536 891 1580 am
914 1516 1048 1595 laceret,
1072 1515 1190 1596 effecit,
1212 1516 1300 1598 quod
1321 1518 1362 1584 in

200 1626 225 1690 P
249 1633 316 1705 est,
344 1625 514 1690 medium
542 1644 711 1704 ornnem,
740 1645 779 1687 ex
802 1644 867 1708 quo
890 1625 925 1687 in
948 1622 974 1687 O
996 1644 1017 1688 a
1039 1644 1241 1703 manusco,
1263 1625 1299 1690 in
1319 1625 1361 1691 M

200 1734 338 1817 aliisque
371 1732 497 1798 factum
529 1732 702 1797 medium
730 1751 881 1813 agmen.
937 1730 1024 1795 lllud
1059 1732 1194 1811 mirum,
1229 1753 1295 1798 uno
1322 1740 1362 1799 et

200 1841 305 1906 altero
339 1840 413 1906 loco
441 1846 541 1905 rectae
570 1839 706 1923 syllabae
733 1840 956 1924 postpositam
983 1859 1132 1921 pravam,
1165 1847 1203 1906 ut
1231 1841 1266 1905 in
1293 1839 1361 1906 hoc

199 1948 284 2014 libro
308 1969 336 2012 c.
361 1952 418 2027 35,
447 1954 467 2012 1
490 1948 593 2013 isius
615 1969 676 2031 pro
698 1947 733 2012 is
757 1953 790 2011 et
812 1947 928 2023 XXIV,
960 1951 1009 2025 16,
1039 1951 1058 2010 3
1081 1946 1219 2031 (pugna)
1241 1950 1361 2015 inex-

199 2057 384 2142 peditior
406 2078 467 2139 pro
490 2056 740 2140 impeditior,
763 2055 852 2139 quod
873 2054 1024 2120 vocabuli
1046 2061 1229 2121 monstrum
1251 2057 1362 2124 Weis-

202 2164 397 2231 senbornius
425 2163 563 2229 retinuit
585 2163 854 2246 comparavitque
878 2184 952 2227 cum
975 2183 1029 2242 eo,
1057 2163 1147 2246 qnod
1169 2171 1220 2229 est
1240 2165 1361 2231 inex·

201 2272 463 2356 superabilis.
509 2271 865 2354 (Inexsuperabile
888 2270 1025 2350 dicitur,
1050 2270 1148 2355 quod,
1178 2292 1360 2357 exsupe-

201 2381 285 2445 rari
319 2381 443 2462 nequit,
472 2399 493 2442 a
514 2379 615 2443 verbo
646 2379 841 2461 composito,
876 2398 986 2460 pugna
1013 2378 1208 2461 expedita
1235 2381 1361 2446 etim·

1224 2508 1259 2552 1s
1296 2510 1339 2555 rn

202 2543 341 2627 pedite
364 2549 422 2622 est,
445 2563 510 2607 non
534 2540 774 2626 expeditur.)
810 2542 929 2607 Fuitne
948 2542 982 2606 in
1000 2542 1179 2627 archetypo
1204 2596 1269 2662 ius
1291 2546 1365 2662 ex?

116 2699 225 2783 (246)§
251 2707 289 2765 12
312 2722 446 2784 prorsus
474 2702 630 2766 inusitate
661 2708 694 2765 et
722 2702 837 2766 vitioso
861 2701 995 2766 dicitur:
1031 2711 1366 2786 praeoccupatum

202 2807 405 2874 inferiore
433 2808 521 2874 loco
545 2810 771 2873 succedens
795 2808 989 2874 tumulum
1011 2831 1073 2893 pro
1096 2830 1151 2889 eo,
1182 2812 1271 2893 quod
1293 2821 1363 2879 est:

203 2935 242 2979 cx
276 2916 475 2981 inferiore
508 2916 615 2995 loco;
662 2937 738 2981 nam
777 2938 884 3000 neque
918 2917 1062 2981 tumulus
1095 2917 1252 2983 inferiore
1285 2919 1364 2987 loco

203 3032 455 3108 praeoccupatur
492 3046 597 3105 neque
636 3022 793 3089 inferiore
831 3025 904 3089 loco
946 3024 1153 3090 succedimus
1185 3027 1364 3095 tumulum.

204 3129 357 3196 Ceterum
380 3133 495 3209 miror,
525 3152 584 3196 cur
607 3131 716 3196 Livius
741 3134 788 3196 sic
812 3132 956 3196 scribere
979 3131 1137 3196 voluerit:
1171 3132 1273 3199 levis
1294 3154 1365 3200 ar·

202 3247 361 3304 matura
387 3275 430 3284 —
460 3239 683 3304 succedens
712 3239 923 3317 tumulum,
958 3238 1078 3322 pulsa
1105 3238 1366 3326 detrusaque

203 3351 404 3410 terrorem
433 3349 473 3411 in
497 3347 780 3411 succedentem
803 3346 949 3411 intulit
972 3347 1166 3429 equitem,
1198 3369 1299 3432 quum
1324 3350 1367 3417 li·

204 3460 307 3531 ceret,
340 3454 445 3518 vitata
478 3455 693 3536 repetitione,
734 3452 1051 3536 subsequentem
1079 3455 1237 3536 scribere,
1272 3459 1366 3539 quod

203 3560 310 3642 ipsum
341 3559 381 3623 de
410 3560 523 3625 ordine
553 3562 692 3642 agminia
723 3568 757 3626 et
784 3561 912 3626 itineris
941 3561 1011 3643 (qui
1033 3584 1119 3627 unus
1143 3562 1366 3647 significatur,

203 3687 268 3730 non
298 3668 441 3747 equitem
467 3667 549 3732 levis
578 3675 754 3732 armaturae
783 3668 856 3733 loco
885 3690 1030 3753 pugnam
1059 3669 1240 3754 excepisse)
1263 3671 1367 3757 longe

204 3780 255 3838 est
281 3773 446 3839 usitatius.
503 3773 595 3859 (Cap.
620 3779 675 3855 29,
712 3781 748 3839 11
782 3776 939 3860 quoniam
963 3778 1148 3862 asyndeton
1170 3799 1368 3861 perversum

204 3887 263 3961 est,
286 3880 498 3946 scribendum
521 3904 631 3947 arma
653 3903 694 3946 ac
717 3883 894 3948 dexterae
915 3892 1117 3950 texerunt.
1165 3886 1275 3966 lata.)

290 3986 387 4071 *Cap
412 3993 467 4067 30,
497 3995 526 4067 9,
556 3990 614 4053 ubi
637 3990 760 4054 editur:
796 3992 910 4055 cuius
933 3993 1169 4058 terribilem
1193 4015 1281 4058 eam
1303 3994 1369 4061 fa·

203 4117 300 4161 mam
324 4117 344 4159 a
366 4097 556 4179 patribus
580 4099 857 4180 accepissent,
888 4099 1097 4165 scribendum
1120 4108 1172 4165 est
1195 4104 1370 4169 terribi-

203 4201 280 4266 lem
308 4202 462 4267 famam.
519 4206 620 4269 Recte
654 4206 738 4269 enim
776 4206 941 4271 diceretur
976 4208 1010 4271 in
1039 4208 1299 4274 demonstranda
1330 4235 1370 4279 re

205 4310 296 4373 clara
329 4311 561 4375 terribilem
594 4311 708 4376 illam
741 4313 898 4393 famam3
933 4316 966 4379 is
995 4337 1177 4398 pronomen
1208 4320 1289 4401 poni
1319 4322 1371 4386 ita
