2994 5108
212 512 275 569 Lib.
293 511 395 567 xxm
760 497 823 562 324

215 685 281 750 Sed
304 685 397 749 valde
420 705 546 762 vereor,
569 706 610 749 16
634 684 725 749 aliud
748 684 846 748 simul
867 683 1037 749 turbatum
1060 681 1104 746 sit
1126 686 1160 744 61
1181 686 1259 763 post
1280 677 1374 762 prius

214 793 395 858 triduum
425 791 584 857 exciderit
611 790 808 857 fecerunt.
860 791 944 856 Nam
971 809 1080 872 neque
1108 787 1229 853 ludos
1255 784 1375 851 fune·

214 900 308 966 bres
338 899 467 965 alicui
495 900 590 964 dare
618 899 736 965 Latine
766 901 888 965 dieitur
921 898 1053 980 (ludos
1081 896 1215 979 quidem
1242 894 1375 959 alicui

217 1008 312 1073 dare
347 1008 444 1091 longe
474 1006 541 1071 alia
569 999 821 1089 significatione)
850 1016 884 1073 et
912 1007 1052 1092 permira
1081 1011 1212 1082 mortuo
1239 1001 1312 1068 ludi
1340 1007 1376 1066 et

215 1115 436 1200 gladiatorum
470 1116 567 1199 paria
599 1116 678 1180 data
712 1115 875 1181 dicuntur.
938 1115 1001 1179 Per
1035 1113 1242 1181 occasionem
1274 1109 1376 1175 ludos

215 1222 370 1289 funebres
410 1222 537 1306 Lepido
575 1222 718 1289 faciendi
757 1223 961 1306 gladiatores
1000 1223 1070 1287 dati
1110 1227 1202 1298 sunt,
1247 1216 1376 1302 populo

217 1330 352 1396 66111661.
397 1328 540 1412 186211)
591 1331 701 1396 Etiam
725 1351 797 1415 cap.
822 1336 878 1410 31,
910 1335 948 1395 12
976 1330 1158 1396 notandam
1185 1328 1304 1393 saltem
1325 1327 1377 1391 in·

216 1439 391 1506 solentiam
436 1438 567 1505 dicendi
610 1440 661 1504 in·
689 1439 741 1503 his
780 1438 887 1504 verbis
926 1446 1025 1523 puto:
1071 1437 1240 1504 comitia
1278 1455 1377 1501 eon·

217 1547 298 1614 suli
326 1547 396 1612 uni
423 1546 608 1630 rogando
635 1548 676 1612 in
704 1546 834 1612 looum
856 1547 891 1611 L.
915 1547 1118 1614 Postumii
1141 1546 1375 1611 edicuntur.

217 1655 373 1721 Potestne
406 1654 469 1720 hoo
502 1662 611 1721 ortum
644 1676 715 1721 esse
732 1677 789 1720 ,611
818 1654 882 1720 hae
911 1657 1092 1739 scriptura:
1122 1675 1198 1720 eos.
1226 1653 1377 1719 subro-

217 1763 346 1846 gando
380 1764 419 1827 in
453 1763 581 1828 locum
616 1765 700 1828 cet?
733 1763 818 1828 Nam
847 1764 974 1828 61611
1004 1765 1121 1828 vitiose
1144 1760 1293 1828 abundat
1314 1782 1377 1827 1166

217 1892 363 1955 rogare
396 1872 436 1936 in
469 1871 602 1936 locum
635 1871 815 1937 alieuius
849 1873 1011 1936 usitatum
1044 1878 1105 1935 est.
1145 1869 1254 1953 ·[Lib.
1289 1869 1377 1948 XLI,

221 1984 277 2058 17,
309 1984 416 2045 bnon
445 1980 551 2045 minus
573 1980 689 2045 vitiose
712 1978 861 2045 abundat
882 1981 1013 2059 unius,
1041 1979 1176 2045 verbum
1205 1978 1379 2061 proprium

219 2089 369 2172 ponitur3
403 2109 480 2153 nam
508 2087 625 2166 XLIV,
658 2091 711 2167 13,
742 2093 919 2172 16161666
948 2095 1077 2155 rectum
1106 2094 1157 2152 est
1182 2087 1304 2151 unius
1336 2085 1378 2152 de

220 2197 328 2262 altera
350 2217 390 2261 ex
413 2196 543 2262 duabus
566 2196 713 2276 urbibus,
737 2196 778 2261 de
801 2196 923 2281 quibus
947 2194 1081 2280 agitur]

305 2303 384 2388 Cap.
405 2307 455 2382 32,
482 2310 520 2369 16
538 2305 609 2386 (ubi
632 2305 743 2388 agitur
765 2305 806 2370 de
829 2307 1031 2371 exercituum
1054 2311 1087 2369 et
1108 2304 1322 2387 imperiorum
1344 2303 1380 2368 in

219 2432 342 2477 annum
366 2416 428 2478 215
452 2411 716 2494 distributione):
746 2414 1036 2479 Terentianum
1064 2412 1175 2477 mitti
1198 2431 1284 2476 oum
1306 2410 1380 2476 ali·

221 2541 297 2605 quo
320 2520 559 2602 legatorum.
605 2522 700 2597 Quod
723 2529 825 2606 eaput
847 2528 929 2602 erat,
951 2521 1103 2587 Dukerus
1127 2519 1217 2599 vidit,
1241 2518 1380 2586 Tarenti

133 2643 340 2712 (6661161166
363 2626 538 2706 excidisse,
567 2628 622 2693 sed
646 2630 803 2711 quoniam
825 2631 972 2713 proxime
994 2650 1060 2694 non
1083 2628 1293 2693 exereitus
1316 2647 1381 2694 1166

221 2735 334 2801 miles
363 2736 551 2801 nominatus
580 2743 641 2815 est,
675 2737 734 2801 sed
768 2737 968 2820 legiones,
1002 2738 1092 2802 locus
1121 2737 1171 2800 ita
1198 2744 1272 2801 erat
1300 2757 1381 2820 sup·

222 2845 375 2929 piandus:
399 2843 690 2910 Terentianum
713 2846 922 2908 exereitum
944 2846 1144 2908 ’16161111
1167 2843 1326 2924 mitti')

308 2952 387 3036 Cap.
411 2957 462 3032 34,
489 2956 527 3016 12
551 2952 623 3033 (ubi
644 2955 682 3018 A.
701 2953 871 3018 Cornelius
894 2956 928 3019 in
951 2961 1065 3019 senatu
1090 2953 1130 3017 de
1154 2958 1246 3017 statu
1267 2971 1383 3017 rerum

221 3064 255 3127 in
268 3062 420 3127 Sardinia
438 3062 602 3144 exponit):
626 3063 931 3144 exercitumque
955 3062 1014 3128 ibi
1038 3069 1080 3127 ut
1099 3061 1203 3126 satis
1220 3058 1384 3126 firmum

179 3156 182 3160 i
223 3177 378 3255 paoatae
402 3171 621 3253 provinciae
643 3170 856 3254 praesidem
879 3192 983 3249 esse,
1013 3172 1074 3235 ita
1096 3189 1237 3253 parum
1259 3167 1384 3248 bello,

223 3278 327 3362 quod
349 3284 499 3343 motum
521 3278 573 3342 iri
596 3279 817 3343 videretur,
870 3278 995 3345 Vitiosa
1024 3278 1148 3343 dicitur
1171 3276 1385 3343 exereitus

224 3407 314 3450 esse
343 3406 484 3468 parum
507 3386 632 3464 bello,
667 3387 771 3451 multo
795 3388 961 3452 vitiosius:
998 3393 1061 3452 661
1082 3386 1140 3450 ibi
1164 3386 1385 3452 exereitus

223 3514 362 3578 parum
391 3492 516 3571 bello,
550 3495 642 3578 quia,
677 3504 740 3561 est
767 3517 841 3560 oum
870 3496 1026 3561 adverbio
1050 3495 1240 3571 ooniunot0,
1274 3494 1386 3576 magis

225 3601 398 3685 perspicue
427 3604 607 3683 requiritur
635 3603 846 3682 adiectivum3
875 3611 975 3685 auget
997 3605 1127 3681 vitium,
1157 3600 1259 3666 6111611
1281 3610 1386 3681 certa,

224 3716 262 3773 ut
289 3709 394 3792 magis
418 3710 573 3789 emineat,
606 3709 676 3775 haee
705 3712 923 3793 comparatio:
959 3721 1002 3777 ut
1036 3712 1138 3776 satis
1171 3710 1319 3775 firmus
1343 3745 1389 3757 -

225 3837 391 3902 praeses,
420 3818 480 3881 ita
507 3839 647 3900 parum
670 3818 790 3884 bello.
848 3819 1007 3903 Apparet,
1036 3820 1163 3883 Livium
1187 3819 1387 3902 scripsisse:

254 4087 279 4152 ¹)
298 4085 380 4154 [Quin
398 4088 497 4142 ludos
517 4088 598 4144 dare
616 4089 739 4157 (edere)
759 4091 886 4145 absolute
902 4097 979 4146 reete
995 4092 1114 4158 dicatur,
1133 4092 1194 4160 quis
1209 4090 1390 4161 dubitat-itt]

253 4173 277 4237 ²)
298 4173 377 4240 Quod
396 4192 419 4228 c.
439 4176 481 4239 32,
501 4176 514 4228 1
534 4175 723 4242 conieceram,
750 4192 801 4244 pro
824 4176 1177 4245 volonesquefierent
1200 4177 1391 4234 scribendum

296 4273 370 4313 esse:
399 4259 556 4325 volones,
585 4260 644 4328 qui
667 4261 714 4315 ibi
739 4267 837 4315 erant
859 4262 947 4330 (apud
965 4262 1085 4332 Ingsrsl.
1105 4262 1180 4317 male
1204 4279 1389 4331 expressum:

295 4345 351 4397 eui
370 4344 418 4396 ibi
438 4344 553 4410 erant),
572 4344 816 4400 Weissenbornius
834 4364 851 4400 a
869 4365 898 4401 se
916 4365 1028 4416 quoque
1046 4349 1191 4402 inventum
1208 4348 1317 4416 posuit.
