2994 5108
220 517 282 573 nis.
301 516 384 573 xnv.
767 503 828 564 ⁷32

221 711 311 754 mum
333 689 489 755 videbant
512 695 546 754 et
568 687 706 754 adibant
727 687 884 764 tribunal,
909 687 1062 753 aditum
1085 687 1149 752 dici
1171 693 1318 771 poterat3
1340 693 1372 752 et

221 797 438 882 perturbatur
462 797 715 861 enumerationis
739 797 928 882 aequalitas;
951 796 1138 862 tribunal
1159 817 1219 880 per
1242 816 1287 874 se,
1308 817 1372 861 non

221 907 329 971 minus
353 927 453 990 quam
475 925 615 988 praeco,
639 925 853 984 accensus,
876 912 1037 970 terrorem
1058 903 1239 988 prebebat.
1284 902 1373 968 Infra

222 1013 253 1097 (ξ
277 1014 320 1095 6),
345 1015 402 1079 ubi
425 1015 465 1079 de
489 1013 649 1079 divisione
671 1014 875 1079 Macedoniae
897 1014 931 1078 in
948 1017 1107 1096 quattuor
1122 1017 1236 1097 partes
1254 1013 1372 1094 agitur,

221 1123 254 1187 in
278 1123 392 1206 primae
415 1124 519 1207 partis
547 1122 788 1205 descriptione,
821 1120 1096 1204 quemadmodum
1130 1127 1245 1186 trans
1273 1119 1374 1185 Nes·

223 1252 321 1308 sum,
356 1230 404 1295 ad
438 1232 639 1297 orientem
677 1251 850 1308 versum,
897 1231 944 1295 sic
976 1238 1065 1295 recte
1100 1229 1222 1294 dicitur
1257 1229 1372 1294 etiam:

222 1343 337 1401 trans
360 1337 623 1421 Strymonem,
657 1339 873 1421 vergentia
906 1337 955 1404 ad
991 1357 1189 1414 occasum,
1218 1338 1376 1421 praeposi-

222 1445 324 1510 tionis
347 1467 407 1510 usu
429 1447 535 1512 relato
559 1447 601 1511 ad
624 1446 862 1530 praecedentem
891 1447 1091 1512 mentionem
1119 1446 1266 1528 regionis
1289 1446 1375 1510 inter

223 1551 428 1637 Strymonem
456 1561 489 1619 et
517 1555 657 1620 Nessum
687 1555 775 1632 sitae,
798 1575 870 1637 quae
894 1562 994 1639 caput
1016 1554 1113 1619 huius
1137 1554 1254 1637 primae
1271 1555 1375 1638 partis

222 1667 321 1725 erat'
351 1660 416 1726 Sed
448 1650 482 1728 in
516 1663 629 1729 codice
663 1683 743 1727 non:
777 1662 952 1739 Abdera,
981 1671 1095 1728 trans
1125 1662 1377 1747 Strymonem

222 1778 356 1835 autem
379 1770 543 1850 scribitur,
566 1770 639 1836 sed:
674 1771 1125 1857 Abderatistrymonem
1156 1778 1311 1849 antem,
1344 1772 1377 1835 in

223 1898 289 1961 quo
313 1879 424 1962 potius
449 1880 505 1944 cis
538 1879 786 1964 Strymonem
809 1878 913 1945 latere
936 1880 1081 1959 videtur,
1116 1886 1149 1944 et
1177 1881 1291 1962 potuit
1321 1880 1375 1945 Li·

221 1987 291 2050 vius
325 1987 372 2052 sic
406 1987 568 2065 scribere,
604 1989 711 2052 minus
742 1991 874 2054 omnino
904 1994 1077 2064 accurate,
1104 1989 1309 2071 cogitatione
1333 1988 1377 2052 ad

222 2093 352 2160 Italiam
375 2095 602 2178 Graeciamque
626 2095 791 2178 reflexa.¹)

308 2203 386 2290 Cap.
416 2209 467 2284 30,
499 2212 514 2270 1
539 2206 731 2288 exponitur,
760 2204 1035 2286 quemadmodum
1064 2203 1286 2270 Macedonum
1309 2205 1378 2269 ani-

222 2333 293 2378 mos
321 2313 504 2379 adiecerint
527 2313 661 2380 decreta
683 2313 919 2391 Romanorum3
953 2315 982 2378 is
1010 2313 1104 2378 locus
1132 2313 1168 2377 in
1195 2311 1309 2378 codice
1333 2312 1380 2378 sic

223 2422 365 2505 scriptus
389 2431 453 2486 est:
488 2423 683 2488 Libertas
711 2429 859 2505 praeter
888 2442 956 2505 spe
980 2421 1027 2502 (id
1051 2428 1110 2497 est,
1134 2422 1260 2504 spem)
1284 2420 1381 2485 data

223 2527 271 2592 ad
293 2550 364 2593 rex
387 2538 450 2594 est
474 2531 667 2612 (adrexit)
703 2537 743 2595 et
770 2528 949 2594 levatum
979 2550 1151 2594 annuum
1179 2529 1379 2613 vectiga13

221 2637 467 2718 regionatim
503 2640 652 2704 mescio
685 2639 938 2721 interruptis
972 2636 1159 2702 advideri
1191 2637 1382 2703 lacerata

221 2753 427 2829 tamquam
450 2748 644 2811 animalia
667 2748 705 2810 in
728 2752 846 2810 artus
871 2747 1047 2810 alteram
1070 2745 1254 2809 alterius
1278 2745 1381 2809 indi·

221 2856 350 2919 centis
381 2855 592 2919 distracto.
637 2855 718 2917 Tum
753 2861 863 2919 autem
890 2854 1046 2918 librarius
1078 2853 1252 2935 aliquanto
1283 2852 1381 2931 infra,

221 2960 236 3042 ᾗ
262 2968 288 3035 6,
313 2964 455 3044 quinque
473 2963 572 3028 verba
591 2963 687 3026 huius
707 2962 771 3027 loci
790 2963 907 3026 iterum
926 2964 1058 3045 scripsit
1077 2963 1294 3039 emendatius
1319 2963 1382 3027 hoc

134 3067 204 3136 (610)
224 3071 335 3135 modo:
370 3072 573 3152 regionem
608 3069 744 3136 sordei
773 3073 1007 3134 commercio
1036 3073 1289 3152 interruptis
1319 3073 1383 3136 ita

218 3178 351 3242 videri
374 3178 600 3242 laceratam
624 3186 661 3241 et
683 3177 859 3259 lingeste
884 3184 923 3242 et
947 3179 1179 3260 pelagones.
1217 3177 1381 3262 Grynaens

218 3285 325 3349 locum
349 3288 394 3350 sic
412 3287 598 3350 constitnit:
623 3288 870 3366 regionatim
889 3288 1142 3350 commerciis
1167 3287 1382 3372 interrup-

219 3395 272 3457 tis
301 3395 360 3457 ita
382 3395 513 3458 rideri
541 3394 725 3458 lacerata
747 3400 950 3476 tamquam
973 3394 1167 3458 animalia
1189 3396 1231 3459 in
1263 3405 1382 3461 artus

220 3500 394 3565 alterum
418 3503 591 3566 alterius
615 3501 852 3582 indigentes
884 3502 1098 3565 distracta.
1146 3501 1211 3566 Sed
1237 3506 1384 3586 primum

219 3617 366 3690 apparet,
380 3619 509 3690 gentem
526 3610 707 3674 laceratam
724 3631 788 3674 non
802 3631 875 3673 cum
887 3609 1036 3692 pluribus
1055 3611 1261 3675 animalibus
1279 3613 1383 3678 inisse

219 3718 486 3797 comparandam,
505 3718 562 3781 sed
581 3738 652 3780 cum
671 3738 734 3781 uno
754 3719 785 3780 in
804 3725 894 3781 artus
914 3717 1086 3783 distracto.
1110 3718 1155 3782 Et
1168 3718 1231 3783 hoc
1245 3722 1384 3803 quidem

219 3825 388 3887 sententia
402 3825 643 3889 incommodum
655 3824 809 3889 facillime
821 3825 959 3902 tollitur,
979 3826 1155 3890 adiurante
1169 3829 1219 3906 (in
1232 3836 1386 3895 extrema

243 4112 263 4172 ¹l
284 4108 298 4177 ξ
318 4114 334 4161 7
353 4117 400 4163 aut
419 4130 481 4165 rum
496 4112 728 4167 Drakenborchio
744 4113 936 4167 scribendum:
957 4131 1055 4183 quam
1075 4117 1115 4168 ab
1135 4124 1214 4171 ortu
1234 4118 1383 4190 Strymo

286 4197 557 4261 amplecteretur
585 4198 693 4250 amnis
723 4226 764 4262 —,
797 4199 836 4252 ab
871 4217 997 4254 occasu
1029 4202 1139 4255 Axius
1168 4208 1383 4262 terminaret

285 4279 415 4335 fluvius
435 4288 496 4336 aut:
517 4312 550 4322 -
570 4284 610 4335 als»
630 4300 875 4351 occasuque-
891 4285 964 4349 (cod.
982 4294 1009 4338 et
1028 4286 1089 4339 edd.
1107 4288 1147 4340 ab
1168 4306 1301 4346 occasu
1321 4309 1385 4360 que

285 4365 411 4418 Axiusl.
