<?xml version="1.0" encoding="UTF-8"?>
<!DOCTYPE html PUBLIC "-//W3C//DTD XHTML 1.0 Transitional//EN"
    "http://www.w3.org/TR/xhtml1/DTD/xhtml1-transitional.dtd">
<html xmlns="http://www.w3.org/1999/xhtml" xml:lang="en" lang="en">
 <head>
  <title>
</title>
<meta http-equiv="Content-Type" content="text/html;charset=utf-8" />
  <meta name='ocr-system' content='tesseract 3.04.00' />
  <meta name='ocr-capabilities' content='ocr_page ocr_carea ocr_par ocr_line ocrx_word'/>
</head>
<body>
  <div class='ocr_page' id='page_1' title='image "./emendationesliv00madvgoog_0662.png"; bbox 0 0 2994 5108; ppageno 0'>
   <div class='ocr_carea' id='block_1_1' title="bbox 626 484 1233 553">
    <p class='ocr_par' dir='ltr' id='par_1_1' title="bbox 626 484 1233 553">
     <span class='ocr_line' id='line_1_1' title="bbox 626 484 1233 553; baseline 0.012 -7"><span class='ocrx_word' id='word_1_1' title='bbox 626 484 687 546; x_wconf 72' lang='lat'>649</span> <span class='ocrx_word' id='word_1_2' title='bbox 1064 495 1127 552; x_wconf 83' lang='lat' dir='ltr'>Lib.</span> <span class='ocrx_word' id='word_1_3' title='bbox 1144 495 1233 553; x_wconf 83' lang='lat' dir='ltr'>XLII.</span> 
     </span>
    </p>
   </div>
   <div class='ocr_carea' id='block_1_2' title="bbox 80 665 1239 2593">
    <p class='ocr_par' dir='ltr' id='par_1_2' title="bbox 80 665 1238 1941">
     <span class='ocr_line' id='line_1_2' title="bbox 80 665 1235 753; baseline 0.003 -21"><span class='ocrx_word' id='word_1_4' title='bbox 80 665 136 733; x_wconf 84' lang='lat' dir='ltr'>hae</span> <span class='ocrx_word' id='word_1_5' title='bbox 171 688 255 736; x_wconf 93' lang='lat' dir='ltr'>cum</span> <span class='ocrx_word' id='word_1_6' title='bbox 288 673 396 735; x_wconf 85' lang='lat' dir='ltr'>ortum</span> <span class='ocrx_word' id='word_1_7' title='bbox 419 668 463 734; x_wconf 91' lang='lat' dir='ltr'>sit</span> <span class='ocrx_word' id='word_1_8' title='bbox 485 689 525 734; x_wconf 85' lang='lat' dir='ltr'>ex</span> <span class='ocrx_word' id='word_1_9' title='bbox 549 689 668 734; x_wconf 87' lang='lat' dir='ltr'>aecum</span> <span class='ocrx_word' id='word_1_10' title='bbox 707 666 768 751; x_wconf 93' lang='lat' dir='ltr'>(sic</span> <span class='ocrx_word' id='word_1_11' title='bbox 803 668 889 734; x_wconf 92' lang='lat' dir='ltr'>enim</span> <span class='ocrx_word' id='word_1_12' title='bbox 921 670 1043 753; x_wconf 89' lang='lat' dir='ltr'>partim</span> <span class='ocrx_word' id='word_1_13' title='bbox 1078 669 1235 736; x_wconf 83' lang='lat' dir='ltr'>scribitur</span> 
     </span>
     <span class='ocr_line' id='line_1_3' title="bbox 80 775 1235 861; baseline 0.003 -20"><span class='ocrx_word' id='word_1_14' title='bbox 80 775 161 841; x_wconf 91' lang='lat' dir='ltr'>alibi</span> <span class='ocrx_word' id='word_1_15' title='bbox 184 777 218 842; x_wconf 99' lang='lat' dir='ltr'>in</span> <span class='ocrx_word' id='word_1_16' title='bbox 240 777 363 855; x_wconf 84' lang='lat' dir='ltr'>codice,</span> <span class='ocrx_word' id='word_1_17' title='bbox 386 778 507 861; x_wconf 90' lang='lat' dir='ltr'>partim</span> <span class='ocrx_word' id='word_1_18' title='bbox 530 777 713 861; x_wconf 89' lang='lat' dir='ltr'>antiquitus</span> <span class='ocrx_word' id='word_1_19' title='bbox 737 777 899 861; x_wconf 87' lang='lat' dir='ltr'>seriptum</span> <span class='ocrx_word' id='word_1_20' title='bbox 920 777 1022 844; x_wconf 86' lang='lat' dir='ltr'>fuisse</span> <span class='ocrx_word' id='word_1_21' title='bbox 1046 800 1086 844; x_wconf 86' lang='lat' dir='ltr'>ex</span> <span class='ocrx_word' id='word_1_22' title='bbox 1108 779 1235 845; x_wconf 86' lang='lat' dir='ltr'>mendis</span> 
     </span>
     <span class='ocr_line' id='line_1_4' title="bbox 81 885 1234 971; baseline 0.002 -21"><span class='ocrx_word' id='word_1_23' title='bbox 81 892 230 970; x_wconf 83' lang='lat' dir='ltr'>apparet,</span> <span class='ocrx_word' id='word_1_24' title='bbox 254 886 470 968; x_wconf 75' lang='lat' dir='ltr'>similiterque</span> <span class='ocrx_word' id='word_1_25' title='bbox 492 887 736 971; x_wconf 87' lang='lat' dir='ltr'>propincum</span> <span class='ocrx_word' id='word_1_26' title='bbox 752 885 907 952; x_wconf 84' lang='lat' dir='ltr'>scribitur</span> <span class='ocrx_word' id='word_1_27' title='bbox 930 906 956 952; x_wconf 92' lang='lat' dir='ltr'>c.</span> <span class='ocrx_word' id='word_1_28' title='bbox 976 891 1026 969; x_wconf 82' lang='lat'>50,</span> <span class='ocrx_word' id='word_1_29' title='bbox 1050 893 1068 953; x_wconf 78' lang='lat'><strong>7</strong></span> <span class='ocrx_word' id='word_1_30' title='bbox 1092 887 1234 968; x_wconf 80' lang='lat' dir='ltr'>atalia).</span> 
     </span>
     <span class='ocr_line' id='line_1_5' title="bbox 80 991 1236 1078; baseline 0.004 -22"><span class='ocrx_word' id='word_1_31' title='bbox 80 991 269 1059; x_wconf 86' lang='lat' dir='ltr'>Proximum</span> <span class='ocrx_word' id='word_1_32' title='bbox 290 994 392 1078; x_wconf 82' lang='lat' dir='ltr'>igitur</span> <span class='ocrx_word' id='word_1_33' title='bbox 415 994 629 1060; x_wconf 90' lang='lat' dir='ltr'>obiiceretur:</span> <span class='ocrx_word' id='word_1_34' title='bbox 664 994 800 1078; x_wconf 80' lang='lat' dir='ltr'>Spatia</span> <span class='ocrx_word' id='word_1_35' title='bbox 824 1001 959 1060; x_wconf 91' lang='lat' dir='ltr'>autem</span> <span class='ocrx_word' id='word_1_36' title='bbox 979 994 1236 1061; x_wconf 78' lang='lat' dir='ltr'>indutiarum</span> 
     </span>
     <span class='ocr_line' id='line_1_6' title="bbox 82 1102 1236 1189; baseline 0.002 -22"><span class='ocrx_word' id='word_1_37' title='bbox 82 1110 241 1186; x_wconf 86' lang='lat' dir='ltr'>sumpto</span> <span class='ocrx_word' id='word_1_38' title='bbox 259 1124 411 1187; x_wconf 86' lang='lat' dir='ltr'>aequum</span> <span class='ocrx_word' id='word_1_39' title='bbox 427 1110 641 1169; x_wconf 86' lang='lat' dir='ltr'>venturum</span> <span class='ocrx_word' id='word_1_40' title='bbox 659 1102 750 1184; x_wconf 76' lang='lat' dir='ltr'>(es),</span> <span class='ocrx_word' id='word_1_41' title='bbox 771 1104 798 1169; x_wconf 89' lang='lat' dir='ltr'>si</span> <span class='ocrx_word' id='word_1_42' title='bbox 816 1103 907 1170; x_wconf 88' lang='lat' dir='ltr'>credi</span> <span class='ocrx_word' id='word_1_43' title='bbox 918 1110 1040 1189; x_wconf 84' lang='lat' dir='ltr'>posset,</span> <span class='ocrx_word' id='word_1_44' title='bbox 1059 1104 1107 1171; x_wconf 92' lang='lat' dir='ltr'>ita</span> <span class='ocrx_word' id='word_1_45' title='bbox 1117 1104 1236 1170; x_wconf 90' lang='lat' dir='ltr'>Latine</span> 
     </span>
     <span class='ocr_line' id='line_1_7' title="bbox 82 1208 1238 1295; baseline 0.003 -21"><span class='ocrx_word' id='word_1_46' title='bbox 82 1208 148 1275; x_wconf 89' lang='lat' dir='ltr'>diei</span> <span class='ocrx_word' id='word_1_47' title='bbox 173 1210 221 1291; x_wconf 87' lang='lat' dir='ltr'>(es</span> <span class='ocrx_word' id='word_1_48' title='bbox 245 1211 353 1278; x_wconf 82' lang='lat' dir='ltr'>uiirde</span> <span class='ocrx_word' id='word_1_49' title='bbox 378 1210 633 1295; x_wconf 81' lang='lat' dir='ltr'>Gleiehgewieht</span> <span class='ocrx_word' id='word_1_50' title='bbox 656 1212 849 1294; x_wconf 85' lang='lat' dir='ltr'>eintreten);</span> <span class='ocrx_word' id='word_1_51' title='bbox 873 1212 932 1279; x_wconf 87' lang='lat' dir='ltr'>sed</span> <span class='ocrx_word' id='word_1_52' title='bbox 959 1233 1064 1295; x_wconf 90' lang='lat' dir='ltr'>neque</span> <span class='ocrx_word' id='word_1_53' title='bbox 1087 1233 1238 1295; x_wconf 89' lang='lat' dir='ltr'>aequum</span> 
     </span>
     <span class='ocr_line' id='line_1_8' title="bbox 81 1315 1236 1403; baseline 0.003 -21"><span class='ocrx_word' id='word_1_54' title='bbox 81 1315 297 1399; x_wconf 76' lang='lat' dir='ltr'>(nominativo</span> <span class='ocrx_word' id='word_1_55' title='bbox 321 1318 412 1401; x_wconf 89' lang='lat' dir='ltr'>casu)</span> <span class='ocrx_word' id='word_1_56' title='bbox 436 1341 541 1403; x_wconf 89' lang='lat' dir='ltr'>neque</span> <span class='ocrx_word' id='word_1_57' title='bbox 564 1322 700 1386; x_wconf 87' lang='lat' dir='ltr'>venire</span> <span class='ocrx_word' id='word_1_58' title='bbox 724 1322 772 1386; x_wconf 86' lang='lat' dir='ltr'>sic</span> <span class='ocrx_word' id='word_1_59' title='bbox 795 1321 925 1387; x_wconf 89' lang='lat' dir='ltr'>dicitur.</span> <span class='ocrx_word' id='word_1_60' title='bbox 971 1319 1111 1386; x_wconf 86' lang='lat' dir='ltr'>Videtur</span> <span class='ocrx_word' id='word_1_61' title='bbox 1131 1321 1236 1386; x_wconf 89' lang='lat' dir='ltr'>latere</span> 
     </span>
     <span class='ocr_line' id='line_1_9' title="bbox 81 1428 1236 1511; baseline 0.001 -20"><span class='ocrx_word' id='word_1_62' title='bbox 81 1432 154 1491; x_wconf 90' lang='lat' dir='ltr'>aut:</span> <span class='ocrx_word' id='word_1_63' title='bbox 179 1428 219 1491; x_wconf 89' lang='lat' dir='ltr'>in</span> <span class='ocrx_word' id='word_1_64' title='bbox 241 1448 394 1511; x_wconf 88' lang='lat' dir='ltr'>aequum</span> <span class='ocrx_word' id='word_1_65' title='bbox 415 1435 612 1496; x_wconf 78' lang='lat' dir='ltr'>venturos</span> <span class='ocrx_word' id='word_1_66' title='bbox 635 1436 708 1494; x_wconf 93' lang='lat' dir='ltr'>aut:</span> <span class='ocrx_word' id='word_1_67' title='bbox 738 1449 890 1511; x_wconf 73' lang='lat' dir='ltr'>aequum</span> <span class='ocrx_word' id='word_1_68' title='bbox 914 1435 1119 1494; x_wconf 88' lang='lat' dir='ltr'>certamen</span> <span class='ocrx_word' id='word_1_69' title='bbox 1141 1449 1236 1494; x_wconf 85' lang='lat' dir='ltr'>ven-</span> 
     </span>
     <span class='ocr_line' id='line_1_10' title="bbox 80 1534 1237 1620; baseline 0.003 -21"><span class='ocrx_word' id='word_1_70' title='bbox 80 1541 226 1600; x_wconf 90' lang='lat' dir='ltr'>turum.</span> <span class='ocrx_word' id='word_1_71' title='bbox 253 1534 539 1620; x_wconf 61' lang='lat' dir='ltr'>{Wesenbergius</span> <span class='ocrx_word' id='word_1_72' title='bbox 563 1537 602 1601; x_wconf 95' lang='lat' dir='ltr'>in</span> <span class='ocrx_word' id='word_1_73' title='bbox 626 1557 744 1602; x_wconf 83' lang='lat' dir='ltr'>aecum</span> <span class='ocrx_word' id='word_1_74' title='bbox 766 1543 993 1616; x_wconf 80' lang='lat' dir='ltr'>venturum,</span> <span class='ocrx_word' id='word_1_75' title='bbox 1015 1545 1053 1602; x_wconf 91' lang='lat' dir='ltr'>ut</span> <span class='ocrx_word' id='word_1_76' title='bbox 1075 1536 1237 1602; x_wconf 86' lang='lat' dir='ltr'>referatur</span> 
     </span>
     <span class='ocr_line' id='line_1_11' title="bbox 80 1641 1237 1730; baseline 0.003 -23"><span class='ocrx_word' id='word_1_77' title='bbox 80 1641 124 1707; x_wconf 90' lang='lat' dir='ltr'>ad</span> <span class='ocrx_word' id='word_1_78' title='bbox 159 1641 367 1726; x_wconf 81' lang='lat' dir='ltr'>exercitum]</span> <span class='ocrx_word' id='word_1_79' title='bbox 423 1643 624 1730; x_wconf 88' lang='lat' dir='ltr'>(Spatium</span> <span class='ocrx_word' id='word_1_80' title='bbox 663 1645 917 1711; x_wconf 80' lang='lat' dir='ltr'>indutiarum</span> <span class='ocrx_word' id='word_1_81' title='bbox 957 1665 1112 1710; x_wconf 90' lang='lat' dir='ltr'>sumere</span> <span class='ocrx_word' id='word_1_82' title='bbox 1149 1665 1237 1711; x_wconf 84' lang='lat' dir='ltr'>cunr</span> 
     </span>
     <span class='ocr_line' id='line_1_12' title="bbox 81 1750 1238 1836; baseline 0.004 -22"><span class='ocrx_word' id='word_1_83' title='bbox 81 1750 240 1834; x_wconf 83' lang='lat' dir='ltr'>alique,</span> <span class='ocrx_word' id='word_1_84' title='bbox 275 1751 364 1836; x_wconf 89' lang='lat' dir='ltr'>quod</span> <span class='ocrx_word' id='word_1_85' title='bbox 396 1753 491 1818; x_wconf 82' lang='lat' dir='ltr'>video</span> <span class='ocrx_word' id='word_1_86' title='bbox 520 1755 658 1831; x_wconf 87' lang='lat' dir='ltr'>tentari,</span> <span class='ocrx_word' id='word_1_87' title='bbox 692 1752 774 1826; x_wconf 81' lang='lat' dir='ltr'>nihil</span> <span class='ocrx_word' id='word_1_88' title='bbox 803 1761 868 1832; x_wconf 83' lang='lat' dir='ltr'>est3</span> <span class='ocrx_word' id='word_1_89' title='bbox 898 1753 1036 1819; x_wconf 85' lang='lat' dir='ltr'>vitiosus</span> <span class='ocrx_word' id='word_1_90' title='bbox 1064 1753 1238 1819; x_wconf 87' lang='lat' dir='ltr'>verborum</span> 
     </span>
     <span class='ocr_line' id='line_1_13' title="bbox 82 1858 359 1941; baseline 0.004 -17"><span class='ocrx_word' id='word_1_91' title='bbox 82 1858 164 1924; x_wconf 89' lang='lat' dir='ltr'>ordo</span> <span class='ocrx_word' id='word_1_92' title='bbox 187 1858 359 1941; x_wconf 86' lang='lat' dir='ltr'>manet.)¹)</span> 
     </span>
    </p>

    <p class='ocr_par' dir='ltr' id='par_1_3' title="bbox 81 1965 1239 2593">
     <span class='ocr_line' id='line_1_14' title="bbox 168 1965 1236 2051; baseline 0.002 -20"><span class='ocrx_word' id='word_1_93' title='bbox 168 1965 247 2051; x_wconf 82' lang='lat' dir='ltr'>Cap.</span> <span class='ocrx_word' id='word_1_94' title='bbox 271 1971 321 2047; x_wconf 83' lang='grc'>48,</span> <span class='ocrx_word' id='word_1_95' title='bbox 346 1973 364 2032; x_wconf 90' lang='grc'><strong>6</strong></span> <span class='ocrx_word' id='word_1_96' title='bbox 388 1989 459 2051; x_wconf 90' lang='lat' dir='ltr'><strong>sqq.</strong></span> <span class='ocrx_word' id='word_1_97' title='bbox 482 1967 629 2033; x_wconf 91' lang='lat' dir='ltr'>Primum</span> <span class='ocrx_word' id='word_1_98' title='bbox 656 1970 826 2034; x_wconf 84' lang='lat' dir='ltr'>sententiae</span> <span class='ocrx_word' id='word_1_99' title='bbox 856 1969 903 2034; x_wconf 89' lang='lat' dir='ltr'>sic</span> <span class='ocrx_word' id='word_1_100' title='bbox 932 1968 1124 2035; x_wconf 75' lang='lat' dir='ltr'>dirimenda</span> <span class='ocrx_word' id='word_1_101' title='bbox 1147 1975 1236 2034; x_wconf 89' lang='lat' dir='ltr'>sunt:</span> 
     </span>
     <span class='ocr_line' id='line_1_15' title="bbox 81 2075 1238 2162; baseline 0.002 -22"><span class='ocrx_word' id='word_1_102' title='bbox 81 2076 300 2160; x_wconf 88' lang='lat' dir='ltr'>iussusque</span> <span class='ocrx_word' id='word_1_103' title='bbox 324 2075 380 2156; x_wconf 87' lang='lat' dir='ltr'>(M.</span> <span class='ocrx_word' id='word_1_104' title='bbox 404 2075 589 2157; x_wconf 86' lang='lat' dir='ltr'>Lueretius)</span> <span class='ocrx_word' id='word_1_105' title='bbox 614 2075 662 2141; x_wconf 92' lang='lat' dir='ltr'>ab</span> <span class='ocrx_word' id='word_1_106' title='bbox 685 2077 811 2142; x_wconf 90' lang='lat' dir='ltr'>sociis</span> <span class='ocrx_word' id='word_1_107' title='bbox 835 2098 882 2142; x_wconf 87' lang='lat' dir='ltr'>ex</span> <span class='ocrx_word' id='word_1_108' title='bbox 909 2075 1078 2142; x_wconf 83' lang='lat' dir='ltr'>loedere</span> <span class='ocrx_word' id='word_1_109' title='bbox 1102 2093 1238 2162; x_wconf 88' lang='lat' dir='ltr'>accep·</span> 
     </span>
     <span class='ocr_line' id='line_1_16' title="bbox 81 2182 1237 2269; baseline -0.001 -17"><span class='ocrx_word' id='word_1_110' title='bbox 81 2184 137 2253; x_wconf 91' lang='lat' dir='ltr'>tis</span> <span class='ocrx_word' id='word_1_111' title='bbox 160 2183 333 2250; x_wconf 80' lang='lat' dir='ltr'>navibus</span> <span class='ocrx_word' id='word_1_112' title='bbox 367 2183 415 2250; x_wconf 88' lang='lat' dir='ltr'>ad</span> <span class='ocrx_word' id='word_1_113' title='bbox 439 2182 747 2269; x_wconf 81' lang='lat' dir='ltr'>Cephalleniam</span> <span class='ocrx_word' id='word_1_114' title='bbox 770 2185 897 2250; x_wconf 85' lang='lat' dir='ltr'>classi</span> <span class='ocrx_word' id='word_1_115' title='bbox 926 2205 1160 2264; x_wconf 81' lang='lat' dir='ltr'>occurrere,</span> <span class='ocrx_word' id='word_1_116' title='bbox 1189 2184 1237 2252; x_wconf 92' lang='lat' dir='ltr'>ab</span> 
     </span>
     <span class='ocr_line' id='line_1_17' title="bbox 81 2291 1237 2374; baseline 0.002 -18"><span class='ocrx_word' id='word_1_117' title='bbox 81 2291 248 2374; x_wconf 85' lang='lat' dir='ltr'>Reginis</span> <span class='ocrx_word' id='word_1_118' title='bbox 271 2294 433 2358; x_wconf 88' lang='lat' dir='ltr'>triremi</span> <span class='ocrx_word' id='word_1_119' title='bbox 466 2314 558 2373; x_wconf 83' lang='lat' dir='ltr'>una,</span> <span class='ocrx_word' id='word_1_120' title='bbox 594 2293 641 2358; x_wconf 90' lang='lat' dir='ltr'>ab</span> <span class='ocrx_word' id='word_1_121' title='bbox 664 2294 806 2359; x_wconf 90' lang='lat' dir='ltr'>Locris</span> <span class='ocrx_word' id='word_1_122' title='bbox 830 2292 1001 2373; x_wconf 90' lang='lat' dir='ltr'>duabus,</span> <span class='ocrx_word' id='word_1_123' title='bbox 1037 2294 1084 2359; x_wconf 96' lang='lat' dir='ltr'>ab</span> <span class='ocrx_word' id='word_1_124' title='bbox 1107 2293 1237 2360; x_wconf 88' lang='lat' dir='ltr'>Uriti-</span> 
     </span>
     <span class='ocr_line' id='line_1_18' title="bbox 82 2399 1238 2484; baseline 0.003 -20"><span class='ocrx_word' id='word_1_125' title='bbox 82 2399 154 2465; x_wconf 92' lang='lat' dir='ltr'>bus</span> <span class='ocrx_word' id='word_1_126' title='bbox 184 2399 226 2482; x_wconf 76' lang='lat' dir='ltr'>(l)</span> <span class='ocrx_word' id='word_1_127' title='bbox 257 2407 465 2484; x_wconf 90' lang='lat' dir='ltr'>quattuor.</span> <span class='ocrx_word' id='word_1_128' title='bbox 515 2401 669 2467; x_wconf 88' lang='lat' dir='ltr'>Praeter</span> <span class='ocrx_word' id='word_1_129' title='bbox 702 2424 814 2468; x_wconf 91' lang='lat' dir='ltr'>oram</span> <span class='ocrx_word' id='word_1_130' title='bbox 847 2408 908 2468; x_wconf 91' lang='lat' dir='ltr'>cet.</span> <span class='ocrx_word' id='word_1_131' title='bbox 958 2401 1043 2467; x_wconf 90' lang='lat' dir='ltr'>Nam</span> <span class='ocrx_word' id='word_1_132' title='bbox 1077 2401 1123 2468; x_wconf 94' lang='lat' dir='ltr'>ab</span> <span class='ocrx_word' id='word_1_133' title='bbox 1164 2402 1238 2468; x_wconf 90' lang='lat' dir='ltr'>Re·</span> 
     </span>
     <span class='ocr_line' id='line_1_19' title="bbox 82 2508 1239 2593; baseline 0.002 -20"><span class='ocrx_word' id='word_1_134' title='bbox 82 2510 192 2593; x_wconf 83' lang='lat' dir='ltr'>ginis</span> <span class='ocrx_word' id='word_1_135' title='bbox 214 2509 377 2575; x_wconf 84' lang='lat' dir='ltr'>triremi</span> <span class='ocrx_word' id='word_1_136' title='bbox 398 2531 478 2575; x_wconf 93' lang='lat' dir='ltr'>una</span> <span class='ocrx_word' id='word_1_137' title='bbox 511 2544 554 2556; x_wconf 93' lang='lat'>-</span> <span class='ocrx_word' id='word_1_138' title='bbox 587 2511 753 2576; x_wconf 89' lang='lat' dir='ltr'>traiicit</span> <span class='ocrx_word' id='word_1_139' title='bbox 775 2511 930 2576; x_wconf 83' lang='lat' dir='ltr'>vitiosum</span> <span class='ocrx_word' id='word_1_140' title='bbox 951 2516 1003 2576; x_wconf 89' lang='lat' dir='ltr'>est</span> <span class='ocrx_word' id='word_1_141' title='bbox 1025 2508 1104 2592; x_wconf 90' lang='lat' dir='ltr'>(etsi</span> <span class='ocrx_word' id='word_1_142' title='bbox 1125 2511 1239 2576; x_wconf 87' lang='lat' dir='ltr'>rectis-</span> 
     </span>
    </p>
   </div>
   <div class='ocr_carea' id='block_1_3' title="bbox 81 2616 1340 3351">
    <p class='ocr_par' dir='ltr' id='par_1_4' title="bbox 81 2616 1340 3351">
     <span class='ocr_line' id='line_1_20' title="bbox 82 2616 1238 2703; baseline 0 -20"><span class='ocrx_word' id='word_1_143' title='bbox 82 2618 215 2683; x_wconf 87' lang='lat' dir='ltr'>simum:</span> <span class='ocrx_word' id='word_1_144' title='bbox 239 2619 400 2683; x_wconf 85' lang='lat' dir='ltr'>triremi</span> <span class='ocrx_word' id='word_1_145' title='bbox 422 2638 499 2683; x_wconf 90' lang='lat' dir='ltr'>una</span> <span class='ocrx_word' id='word_1_146' title='bbox 521 2618 717 2700; x_wconf 71' lang='lat' dir='ltr'>traiicicl.</span> <span class='ocrx_word' id='word_1_147' title='bbox 753 2616 841 2703; x_wconf 91' lang='lat' dir='ltr'>[Non</span> <span class='ocrx_word' id='word_1_148' title='bbox 853 2618 1117 2703; x_wconf 87' lang='lat' dir='ltr'>improbabiliter</span> <span class='ocrx_word' id='word_1_149' title='bbox 1134 2617 1238 2683; x_wconf 88' lang='lat' dir='ltr'>Weis-</span> 
     </span>
     <span class='ocr_line' id='line_1_21' title="bbox 85 2725 1239 2810; baseline 0 -18"><span class='ocrx_word' id='word_1_150' title='bbox 85 2725 280 2792; x_wconf 88' lang='lat' dir='ltr'>senbornius</span> <span class='ocrx_word' id='word_1_151' title='bbox 304 2732 381 2810; x_wconf 90' lang='lat' dir='ltr'>post</span> <span class='ocrx_word' id='word_1_152' title='bbox 404 2746 624 2791; x_wconf 88' lang='lat' dir='ltr'>occurrere</span> <span class='ocrx_word' id='word_1_153' title='bbox 646 2726 740 2810; x_wconf 88' lang='lat' dir='ltr'>plene</span> <span class='ocrx_word' id='word_1_154' title='bbox 764 2727 977 2810; x_wconf 87' lang='lat' dir='ltr'>interpungit‚</span> <span class='ocrx_word' id='word_1_155' title='bbox 1001 2727 1120 2792; x_wconf 91' lang='lat' dir='ltr'>deinde</span> <span class='ocrx_word' id='word_1_156' title='bbox 1137 2728 1239 2810; x_wconf 89' lang='lat' dir='ltr'>parti-</span> 
     </span>
     <span class='ocr_line' id='line_1_22' title="bbox 84 2833 1340 2919; baseline 0.001 -20"><span class='ocrx_word' id='word_1_157' title='bbox 84 2834 162 2918; x_wconf 92' lang='lat' dir='ltr'>cipii</span> <span class='ocrx_word' id='word_1_158' title='bbox 184 2833 375 2914; x_wconf 78' lang='lat' dir='ltr'>ablativum,</span> <span class='ocrx_word' id='word_1_159' title='bbox 398 2840 560 2919; x_wconf 87' lang='lat' dir='ltr'>sumpta</span> <span class='ocrx_word' id='word_1_160' title='bbox 584 2841 642 2900; x_wconf 90' lang='lat' dir='ltr'>aut</span> <span class='ocrx_word' id='word_1_161' title='bbox 664 2834 774 2912; x_wconf 87' lang='lat' dir='ltr'>data,</span> <span class='ocrx_word' id='word_1_162' title='bbox 799 2834 958 2900; x_wconf 81' lang='lat' dir='ltr'>excidisse</span> <span class='ocrx_word' id='word_1_163' title='bbox 981 2841 1088 2918; x_wconf 83' lang='lat' dir='ltr'>putat,</span> <span class='ocrx_word' id='word_1_164' title='bbox 1111 2841 1148 2900; x_wconf 89' lang='lat' dir='ltr'>ut</span> <span class='ocrx_word' id='word_1_165' title='bbox 1169 2835 1239 2901; x_wconf 84' lang='lat' dir='ltr'>haec</span> <span class='ocrx_word' id='word_1_166' title='bbox 1337 2845 1340 2851; x_wconf 77' lang='grc'><em>’</em></span> 
     </span>
     <span class='ocr_line' id='line_1_23' title="bbox 82 2941 1237 3027; baseline 0 -19"><span class='ocrx_word' id='word_1_167' title='bbox 82 2963 156 3008; x_wconf 90' lang='lat' dir='ltr'>cum</span> <span class='ocrx_word' id='word_1_168' title='bbox 179 2941 395 3027; x_wconf 87' lang='lat' dir='ltr'>sequentibus</span> <span class='ocrx_word' id='word_1_169' title='bbox 419 2941 684 3024; x_wconf 74' lang='lat' dir='ltr'>coniungantur]</span> <span class='ocrx_word' id='word_1_170' title='bbox 729 2943 855 3008; x_wconf 85' lang='lat' dir='ltr'>Deinde</span> <span class='ocrx_word' id='word_1_171' title='bbox 887 2944 1009 3008; x_wconf 89' lang='lat' dir='ltr'>omissa</span> <span class='ocrx_word' id='word_1_172' title='bbox 1037 2949 1114 3026; x_wconf 88' lang='lat' dir='ltr'>post</span> <span class='ocrx_word' id='word_1_173' title='bbox 1142 2965 1237 3027; x_wconf 91' lang='lat' dir='ltr'>pro·</span> 
     </span>
     <span class='ocr_line' id='line_1_24' title="bbox 81 3049 1237 3134; baseline 0.001 -20"><span class='ocrx_word' id='word_1_174' title='bbox 81 3052 327 3117; x_wconf 90' lang='lat' dir='ltr'>muntorium</span> <span class='ocrx_word' id='word_1_175' title='bbox 357 3049 587 3134; x_wconf 86' lang='lat' dir='ltr'>praepositione</span> <span class='ocrx_word' id='word_1_176' title='bbox 616 3050 670 3127; x_wconf 91' lang='lat' dir='ltr'>in,</span> <span class='ocrx_word' id='word_1_177' title='bbox 699 3071 772 3132; x_wconf 87' lang='lat' dir='ltr'>quae</span> <span class='ocrx_word' id='word_1_178' title='bbox 807 3072 847 3115; x_wconf 83' lang='lat' dir='ltr'>ex</span> <span class='ocrx_word' id='word_1_179' title='bbox 869 3071 898 3112; x_wconf 83' lang='grc' dir='ltr'>ι</span> <span class='ocrx_word' id='word_1_180' title='bbox 921 3050 1032 3115; x_wconf 88' lang='lat' dir='ltr'>littera</span> <span class='ocrx_word' id='word_1_181' title='bbox 1054 3056 1128 3115; x_wconf 88' lang='lat' dir='ltr'>orta</span> <span class='ocrx_word' id='word_1_182' title='bbox 1149 3050 1237 3116; x_wconf 83' lang='lat' dir='ltr'>vide·</span> 
     </span>
     <span class='ocr_line' id='line_1_25' title="bbox 81 3156 1236 3243; baseline 0 -20"><span class='ocrx_word' id='word_1_183' title='bbox 81 3166 148 3238; x_wconf 87' lang='lat' dir='ltr'>tur,</span> <span class='ocrx_word' id='word_1_184' title='bbox 173 3158 382 3223; x_wconf 89' lang='lat' dir='ltr'>scribendum</span> <span class='ocrx_word' id='word_1_185' title='bbox 405 3164 471 3223; x_wconf 92' lang='lat' dir='ltr'>est:</span> <span class='ocrx_word' id='word_1_186' title='bbox 495 3156 651 3222; x_wconf 86' lang='lat' dir='ltr'>Praeter</span> <span class='ocrx_word' id='word_1_187' title='bbox 675 3178 782 3222; x_wconf 88' lang='lat' dir='ltr'>cram</span> <span class='ocrx_word' id='word_1_188' title='bbox 805 3157 941 3223; x_wconf 72' lang='lat' dir='ltr'>Italiae</span> <span class='ocrx_word' id='word_1_189' title='bbox 964 3164 1236 3243; x_wconf 87' lang='lat' dir='ltr'>supervectus</span> 
     </span>
     <span class='ocr_line' id='line_1_26' title="bbox 82 3265 1236 3351; baseline -0.001 -19"><span class='ocrx_word' id='word_1_190' title='bbox 82 3265 282 3333; x_wconf 80' lang='lat' dir='ltr'>Calabria</span> <span class='ocrx_word' id='word_1_191' title='bbox 301 3274 523 3332; x_wconf 87' lang='lat' dir='ltr'>extremum</span> <span class='ocrx_word' id='word_1_192' title='bbox 540 3267 865 3349; x_wconf 89' lang='lat' dir='ltr'>promuntorium</span> <span class='ocrx_word' id='word_1_193' title='bbox 883 3266 1000 3332; x_wconf 88' lang='lat' dir='ltr'>Ionio</span> <span class='ocrx_word' id='word_1_194' title='bbox 1023 3265 1236 3351; x_wconf 86' lang='lat' dir='ltr'>mariDyr·</span> 
     </span>
    </p>
   </div>
   <div class='ocr_carea' id='block_1_4' title="bbox 107 3507 1236 4349">
    <p class='ocr_par' dir='ltr' id='par_1_5' title="bbox 107 3507 1236 4349">
     <span class='ocr_line' id='line_1_27' title="bbox 107 3507 1236 3580; baseline 0 -16"><span class='ocrx_word' id='word_1_195' title='bbox 107 3510 131 3578; x_wconf 87' lang='lat'>¹)</span> <span class='ocrx_word' id='word_1_196' title='bbox 150 3507 167 3579; x_wconf 61' lang='grc' dir='ltr'>ᾖ</span> <span class='ocrx_word' id='word_1_197' title='bbox 185 3511 210 3577; x_wconf 88' lang='grc'>9,</span> <span class='ocrx_word' id='word_1_198' title='bbox 229 3510 277 3564; x_wconf 91' lang='lat' dir='ltr'>ubi</span> <span class='ocrx_word' id='word_1_199' title='bbox 301 3509 406 3564; x_wconf 86' lang='lat' dir='ltr'>editur:</span> <span class='ocrx_word' id='word_1_200' title='bbox 433 3508 530 3563; x_wconf 86' lang='lat' dir='ltr'>Vicit</span> <span class='ocrx_word' id='word_1_201' title='bbox 556 3524 594 3562; x_wconf 87' lang='lat' dir='ltr'>ea</span> <span class='ocrx_word' id='word_1_202' title='bbox 620 3525 698 3578; x_wconf 89' lang='lat' dir='ltr'>pars</span> <span class='ocrx_word' id='word_1_203' title='bbox 727 3516 881 3575; x_wconf 88' lang='lat' dir='ltr'>senat-us,</span> <span class='ocrx_word' id='word_1_204' title='bbox 909 3511 963 3564; x_wconf 90' lang='lat' dir='ltr'>eui</span> <span class='ocrx_word' id='word_1_205' title='bbox 990 3509 1109 3580; x_wconf 90' lang='lat' dir='ltr'>potior</span> <span class='ocrx_word' id='word_1_206' title='bbox 1133 3509 1236 3564; x_wconf 89' lang='lat' dir='ltr'>utilia</span> 
     </span>
     <span class='ocr_line' id='line_1_28' title="bbox 150 3595 1236 3664; baseline -0.002 -14"><span class='ocrx_word' id='word_1_207' title='bbox 150 3595 415 3664; x_wconf 88' lang='lat' dir='ltr'>qnamhonesti</span> <span class='ocrx_word' id='word_1_208' title='bbox 434 3600 620 3659; x_wconf 81' lang='lat' dir='ltr'>cursaret,</span> <span class='ocrx_word' id='word_1_209' title='bbox 640 3596 773 3663; x_wconf 87' lang='lat' dir='ltr'>queniam</span> <span class='ocrx_word' id='word_1_210' title='bbox 791 3597 820 3648; x_wconf 93' lang='lat' dir='ltr'>in</span> <span class='ocrx_word' id='word_1_211' title='bbox 839 3596 965 3651; x_wconf 76' lang='lat' dir='ltr'>redeat</span> <span class='ocrx_word' id='word_1_212' title='bbox 992 3596 1129 3662; x_wconf 88' lang='lat' dir='ltr'>utilius,</span> <span class='ocrx_word' id='word_1_213' title='bbox 1158 3599 1236 3650; x_wconf 88' lang='lat' dir='ltr'>reete</span> 
     </span>
     <span class='ocr_line' id='line_1_29' title="bbox 151 3679 1236 3750; baseline -0.002 -15"><span class='ocrx_word' id='word_1_214' title='bbox 151 3680 299 3750; x_wconf 83' lang='lat' dir='ltr'>Siesbyeus</span> <span class='ocrx_word' id='word_1_215' title='bbox 329 3681 414 3735; x_wconf 86' lang='lat' dir='ltr'>scribi</span> <span class='ocrx_word' id='word_1_216' title='bbox 441 3682 537 3735; x_wconf 90' lang='lat' dir='ltr'>iubere</span> <span class='ocrx_word' id='word_1_217' title='bbox 561 3679 672 3734; x_wconf 87' lang='lat' dir='ltr'>videtur</span> <span class='ocrx_word' id='word_1_218' title='bbox 698 3680 847 3735; x_wconf 88' lang='lat' dir='ltr'>utilium.</span> <span class='ocrx_word' id='word_1_219' title='bbox 884 3681 1014 3736; x_wconf 82' lang='lat' dir='ltr'>Alterum</span> <span class='ocrx_word' id='word_1_220' title='bbox 1032 3679 1107 3750; x_wconf 88' lang='lat' dir='ltr'>apud</span> <span class='ocrx_word' id='word_1_221' title='bbox 1124 3679 1236 3734; x_wconf 86' lang='lat' dir='ltr'>Livium</span> 
     </span>
     <span class='ocr_line' id='line_1_30' title="bbox 149 3763 1233 3837; baseline -0.003 -15"><span class='ocrx_word' id='word_1_222' title='bbox 149 3767 308 3837; x_wconf 87' lang='lat' dir='ltr'>exemplum</span> <span class='ocrx_word' id='word_1_223' title='bbox 327 3766 452 3836; x_wconf 80' lang='lat' dir='ltr'>genetivi</span> <span class='ocrx_word' id='word_1_224' title='bbox 477 3765 559 3819; x_wconf 89' lang='lat' dir='ltr'>huius</span> <span class='ocrx_word' id='word_1_225' title='bbox 578 3766 688 3835; x_wconf 79' lang='lat' dir='ltr'>generis</span> <span class='ocrx_word' id='word_1_226' title='bbox 716 3784 766 3835; x_wconf 88' lang='lat' dir='ltr'>pro</span> <span class='ocrx_word' id='word_1_227' title='bbox 786 3767 963 3821; x_wconf 88' lang='lat' dir='ltr'>substantivo</span> <span class='ocrx_word' id='word_1_228' title='bbox 988 3765 1083 3836; x_wconf 89' lang='lat' dir='ltr'>positi,</span> <span class='ocrx_word' id='word_1_229' title='bbox 1110 3763 1142 3830; x_wconf 86' lang='lat' dir='ltr'>V,</span> <span class='ocrx_word' id='word_1_230' title='bbox 1160 3767 1185 3832; x_wconf 79' lang='lat'>8,</span> <span class='ocrx_word' id='word_1_231' title='bbox 1204 3766 1233 3819; x_wconf 86' lang='lat'>9:</span> 
     </span>
     <span class='ocr_line' id='line_1_31' title="bbox 150 3849 1235 3922; baseline -0.002 -16"><span class='ocrx_word' id='word_1_232' title='bbox 150 3853 178 3906; x_wconf 91' lang='lat' dir='ltr'>si</span> <span class='ocrx_word' id='word_1_233' title='bbox 196 3852 383 3922; x_wconf 83' lang='lat' dir='ltr'>quidquam</span> <span class='ocrx_word' id='word_1_234' title='bbox 409 3853 442 3905; x_wconf 93' lang='lat' dir='ltr'>in</span> <span class='ocrx_word' id='word_1_235' title='bbox 461 3851 571 3917; x_wconf 85' lang='lat' dir='ltr'>vobis,</span> <span class='ocrx_word' id='word_1_236' title='bbox 599 3867 665 3905; x_wconf 90' lang='lat' dir='ltr'>non</span> <span class='ocrx_word' id='word_1_237' title='bbox 693 3851 772 3906; x_wconf 88' lang='lat' dir='ltr'>dieo</span> <span class='ocrx_word' id='word_1_238' title='bbox 792 3852 922 3916; x_wconf 85' lang='lat' dir='ltr'>civilis,</span> <span class='ocrx_word' id='word_1_239' title='bbox 948 3851 1009 3906; x_wconf 88' lang='lat' dir='ltr'>ssd</span> <span class='ocrx_word' id='word_1_240' title='bbox 1028 3849 1165 3904; x_wconf 88' lang='lat' dir='ltr'>humani</span> <span class='ocrx_word' id='word_1_241' title='bbox 1185 3869 1235 3905; x_wconf 90' lang='lat' dir='ltr'>es-</span> 
     </span>
     <span class='ocr_line' id='line_1_32' title="bbox 149 3935 1234 4007; baseline -0.003 -15"><span class='ocrx_word' id='word_1_242' title='bbox 149 3944 214 4005; x_wconf 86' lang='lat' dir='ltr'>set,</span> <span class='ocrx_word' id='word_1_243' title='bbox 243 3937 421 3992; x_wconf 80' lang='lat' dir='ltr'>Woelfflinus</span> <span class='ocrx_word' id='word_1_244' title='bbox 447 3937 579 4003; x_wconf 85' lang='lat' dir='ltr'>removit,</span> <span class='ocrx_word' id='word_1_245' title='bbox 609 3935 705 3990; x_wconf 87' lang='lat' dir='ltr'>addito</span> <span class='ocrx_word' id='word_1_246' title='bbox 733 3939 838 3991; x_wconf 88' lang='lat' dir='ltr'>animi</span> <span class='ocrx_word' id='word_1_247' title='bbox 865 3943 931 4007; x_wconf 91' lang='lat' dir='ltr'>post</span> <span class='ocrx_word' id='word_1_248' title='bbox 956 3937 1104 3991; x_wconf 82' lang='lat' dir='ltr'>humani</span> <span class='ocrx_word' id='word_1_249' title='bbox 1133 3935 1234 4001; x_wconf 82' lang='grc'>(1876.)</span> 
     </span>
     <span class='ocr_line' id='line_1_33' title="bbox 147 4020 1235 4093; baseline -0.002 -17"><span class='ocrx_word' id='word_1_250' title='bbox 147 4021 163 4092; x_wconf 80' lang='lat'>§</span> <span class='ocrx_word' id='word_1_251' title='bbox 185 4027 215 4076; x_wconf 95' lang='lat' dir='ltr'>ll</span> <span class='ocrx_word' id='word_1_252' title='bbox 234 4039 291 4078; x_wconf 90' lang='lat' dir='ltr'>non</span> <span class='ocrx_word' id='word_1_253' title='bbox 310 4029 385 4078; x_wconf 87' lang='lat' dir='ltr'>reete</span> <span class='ocrx_word' id='word_1_254' title='bbox 402 4040 454 4093; x_wconf 89' lang='lat' dir='ltr'>pro</span> <span class='ocrx_word' id='word_1_255' title='bbox 474 4021 703 4088; x_wconf 80' lang='lat' dir='ltr'>aceensdere‚</span> <span class='ocrx_word' id='word_1_256' title='bbox 722 4022 901 4092; x_wconf 82' lang='lat' dir='ltr'>Kreyssigius</span> <span class='ocrx_word' id='word_1_257' title='bbox 920 4027 949 4075; x_wconf 88' lang='lat' dir='ltr'>et</span> <span class='ocrx_word' id='word_1_258' title='bbox 967 4020 1097 4075; x_wconf 79' lang='lat' dir='ltr'>Hertzius</span> <span class='ocrx_word' id='word_1_259' title='bbox 1116 4021 1235 4090; x_wconf 87' lang='lat' dir='ltr'>scripse-</span> 
     </span>
     <span class='ocr_line' id='line_1_34' title="bbox 148 4105 1235 4178; baseline -0.003 -16"><span class='ocrx_word' id='word_1_260' title='bbox 148 4113 216 4162; x_wconf 83' lang='lat' dir='ltr'>runt</span> <span class='ocrx_word' id='word_1_261' title='bbox 243 4125 436 4164; x_wconf 82' lang='lat' dir='ltr'>accersere.</span> <span class='ocrx_word' id='word_1_262' title='bbox 471 4105 570 4175; x_wconf 87' lang='lat' dir='ltr'>Neque</span> <span class='ocrx_word' id='word_1_263' title='bbox 598 4108 674 4163; x_wconf 87' lang='lat' dir='ltr'>enim</span> <span class='ocrx_word' id='word_1_264' title='bbox 700 4109 733 4162; x_wconf 82' lang='lat' dir='ltr'>A.</span> <span class='ocrx_word' id='word_1_265' title='bbox 752 4109 854 4163; x_wconf 88' lang='lat' dir='ltr'>Atilius</span> <span class='ocrx_word' id='word_1_266' title='bbox 872 4108 933 4178; x_wconf 89' lang='lat' dir='ltr'>ipse</span> <span class='ocrx_word' id='word_1_267' title='bbox 954 4122 1078 4172; x_wconf 80' lang='lat' dir='ltr'>prasens</span> <span class='ocrx_word' id='word_1_268' title='bbox 1106 4110 1155 4160; x_wconf 89' lang='lat' dir='ltr'>aut</span> <span class='ocrx_word' id='word_1_269' title='bbox 1171 4121 1235 4175; x_wconf 87' lang='lat' dir='ltr'>pro-</span> 
     </span>
     <span class='ocr_line' id='line_1_35' title="bbox 147 4189 1235 4263; baseline -0.002 -16"><span class='ocrx_word' id='word_1_270' title='bbox 147 4193 268 4263; x_wconf 86' lang='lat' dir='ltr'>pinquus</span> <span class='ocrx_word' id='word_1_271' title='bbox 295 4195 448 4250; x_wconf 80' lang='lat' dir='ltr'>Thessaliae</span> <span class='ocrx_word' id='word_1_272' title='bbox 474 4193 579 4248; x_wconf 87' lang='lat' dir='ltr'>milites</span> <span class='ocrx_word' id='word_1_273' title='bbox 607 4193 718 4248; x_wconf 82' lang='lat' dir='ltr'>aliunde</span> <span class='ocrx_word' id='word_1_274' title='bbox 744 4211 886 4248; x_wconf 84' lang='lat' dir='ltr'>accersere</span> <span class='ocrx_word' id='word_1_275' title='bbox 905 4192 1040 4258; x_wconf 88' lang='lat' dir='ltr'>debebat,</span> <span class='ocrx_word' id='word_1_276' title='bbox 1068 4191 1118 4246; x_wconf 89' lang='lat' dir='ltr'>ssd</span> <span class='ocrx_word' id='word_1_277' title='bbox 1143 4189 1235 4246; x_wconf 83' lang='lat' dir='ltr'>Roma</span> 
     </span>
     <span class='ocr_line' id='line_1_36' title="bbox 152 4277 1233 4349; baseline -0.002 -16"><span class='ocrx_word' id='word_1_278' title='bbox 152 4277 334 4348; x_wconf 86' lang='lat' dir='ltr'>proficiscens</span> <span class='ocrx_word' id='word_1_279' title='bbox 361 4297 377 4335; x_wconf 89' lang='lat' dir='ltr'>a</span> <span class='ocrx_word' id='word_1_280' title='bbox 402 4279 526 4344; x_wconf 86' lang='lat' dir='ltr'>Licinio,</span> <span class='ocrx_word' id='word_1_281' title='bbox 555 4279 603 4349; x_wconf 89' lang='lat' dir='ltr'>qui</span> <span class='ocrx_word' id='word_1_282' title='bbox 620 4279 763 4334; x_wconf 87' lang='lat' dir='ltr'>Brundisii</span> <span class='ocrx_word' id='word_1_283' title='bbox 790 4284 863 4347; x_wconf 90' lang='lat' dir='ltr'>erat,</span> <span class='ocrx_word' id='word_1_284' title='bbox 890 4279 920 4333; x_wconf 89' lang='lat' dir='ltr'>in</span> <span class='ocrx_word' id='word_1_285' title='bbox 946 4278 1070 4333; x_wconf 88' lang='lat' dir='ltr'>transitu</span> <span class='ocrx_word' id='word_1_286' title='bbox 1097 4277 1233 4345; x_wconf 82' lang='lat' dir='ltr'>accipere.</span> 
     </span>
    </p>
   </div>
   <div class='ocr_carea' id='block_1_5' title="bbox 148 4363 252 4431">
    <p class='ocr_par' dir='ltr' id='par_1_6' title="bbox 148 4363 252 4431">
     <span class='ocr_line' id='line_1_37' title="bbox 148 4363 252 4431; baseline 0 0"><span class='ocrx_word' id='word_1_287' title='bbox 148 4363 252 4431; x_wconf 75' lang='lat'>(1864.)</span> 
     </span>
    </p>
   </div>
   <div class='ocr_carea' id='block_1_6' title="bbox 0 0 1504 5108">
    <p class='ocr_par' dir='ltr' id='par_1_7' title="bbox 0 0 1504 5108">
     <span class='ocr_line' id='line_1_38' title="bbox 0 0 1504 5108; baseline 0 0"><span class='ocrx_word' id='word_1_288' title='bbox 0 0 1504 5108; x_wconf 95' lang='lat' dir='ltr'> </span> 
     </span>
    </p>
   </div>
  </div>
 </body>
</html>
