2994 5108
689 505 731 567 89
1155 519 1218 575 Lib.
1237 518 1288 574 ΠΙ.

126 689 250 776 peius
278 690 408 757 multo
436 724 481 736 -
508 687 652 773 periit,
681 693 841 772 tanquam
870 689 913 755 ad
942 712 1013 756 eam
1042 691 1192 757 condicio
1214 713 1288 776 per·

126 798 280 881 tineat¹)
335 798 476 864 Pravum
503 798 604 864 etiam
630 796 767 863 verbum
794 817 866 864 esse
894 799 1098 880 tuleritis,
1131 799 1283 866 Dukerus
1302 812 1359 881 (ta)

126 907 229 988 vidit,
263 909 322 994 qni
351 907 392 973 de
420 927 488 991 qua
509 927 546 972 re
569 905 754 987 dubitaret,
789 905 1078 972 Drakenborchius
1101 930 1168 974 non
1190 909 1287 974 intel·

126 1015 220 1083 lexit.
254 1014 341 1097 Non,
364 1016 394 1081 si
415 1014 573 1082 tulissent
593 1013 718 1079 tribuni
735 1014 850 1098 legem,
874 1014 910 1080 L.
925 1013 1098 1091 Quinctius
1115 1023 1288 1101 peceatum

127 1126 163 1191 in
192 1145 228 1191 se
257 1123 392 1190 consuls
415 1122 557 1189 creando
579 1122 649 1219 fore
673 1121 837 1222 dimsl-
858 1121 1010 1190 ferebant
1033 1125 1135 1205 enim,
1169 1145 1231 1190 neo
1252 1123 1287 1188 id

127 1235 307 1317 quisquam
339 1231 499 1317 impedire
525 1236 658 1314 poterat
683 1229 756 1313 —),
791 1230 850 1296 sed
878 1231 905 1296 si
933 1232 1162 1315 pertulissent,
1196 1230 1287 1315 quod

126 1340 353 1407 minabantur.
406 1339 479 1406 Hoc
506 1339 610 1422 igitur
631 1339 751 1404 ceteris
774 1337 918 1404 addatur
940 1339 1124 1424 exemplum
1148 1340 1287 1406 adnota-

126 1450 247 1530 tionis,
281 1469 355 1533 quae
377 1447 582 1514 declaranda
606 1446 777 1512 sententia
801 1466 903 1512 causa
926 1447 1095 1532 adscripta
1117 1453 1218 1528 esset,
1253 1448 1287 1512 in

88 1548 93 1556 ’
125 1557 244 1625 codice
266 1556 444 1642 archetypo
466 1556 555 1621 inter
577 1554 662 1621 Livii
683 1554 783 1621 verba
804 1560 955 1639 recepta.

215 1663 296 1750 Cap.
315 1668 367 1744 21,
389 1669 410 1728 4
433 1662 545 1729 Livius
568 1662 616 1745 (in
639 1664 787 1730 oratione
809 1664 845 1728 L.
870 1662 1016 1740 Quinctii
1040 1662 1198 1746 consulis)
1221 1685 1287 1728 non

127 1774 280 1859 scripsit:
314 1771 433 1857 plebs
466 1768 531 1838 SC.
563 1772 605 1837 in
638 1771 934 1837 continuandis
967 1771 1287 1855 magistratibus

127 1883 268 1962 solvit,
300 1880 377 1947 sed:
412 1877 476 1946 Se.
500 1879 803 1959 continuandis,
834 1880 904 1945 sine
927 1879 1178 1963 praepositione;
1211 1899 1286 1943 nam

124 1993 162 2057 in
191 1990 346 2056 creandis
378 1987 628 2072 magistratibus
662 1987 730 2070 (bei
770 1988 834 2054 den
863 1986 1017 2069 Wablen)
1052 1986 1201 2052 solutum
1235 1994 1286 2052 est

126 2105 265 2165 senatus
294 2096 484 2163 consultum
512 2089 734 2163 continuando
763 2095 936 2161 tribunatu
958 2095 1075 2161 iisdem
1097 2095 1286 2162 hominibus

124 2205 249 2290 (durch
277 2205 331 2271 die
358 2202 705 2288 Wiedererwttblung).
762 2204 895 2270 Erroris
931 2205 1022 2287 origo
1056 2205 1090 2269 in
1122 2203 1184 2269 MP
1212 2225 1286 2288 per·

125 2317 244 2400 spicna
271 2320 338 2395 est;
370 2333 448 2378 nam
476 2335 579 2398 quum
609 2311 710 2377 scribi
739 2311 907 2378 debuisset
935 2333 959 2378 s.
984 2333 1009 2378 e.
1033 2332 1071 2377 ι.
1103 2310 1285 2393 (senatus

126 2419 387 2503 consultum),
408 2419 532 2487 lactum
555 2425 647 2486 ests.
667 2439 706 2485 ι.
725 2440 750 2486 c.
769 2419 811 2501 ln,
835 2421 949 2486 littera
966 2441 995 2483 ι
1014 2426 1091 2487 ante
1113 2441 1129 2485 o
1153 2421 1285 2504 scripta,

126 2531 250 2598 deinde
273 2552 335 2597 suo
357 2528 431 2595 loco
452 2529 488 2594 in
510 2529 593 2594 duas
617 2527 685 2611 (in)
708 2527 862 2612 soluta2)

214 2635 315 2724 *Gap
338 2641 395 2718 23,
423 2640 452 2702 7.
501 2636 660 2702 Extrema
680 2636 778 2703 huius
802 2639 920 2722 capitis
943 2659 1019 2721 pars
1043 2638 1090 2703 sic
1112 2637 1282 2721 interpun-
1300 2648 1357 2716 (73)

128 2747 241 2831 genda
270 2752 337 2813 est:
379 2743 529 2810 Eodem
568 2766 671 2811 anno
711 2743 894 2812 descisse
933 2745 1142 2825 Antiates,
1183 2746 1286 2830 apud
1357 2829 1359 2832 Α

126 2857 358 2940 plerosque
385 2857 584 2920 auctores
613 2853 793 2933 inveni03
824 2854 859 2918 L.
884 2851 1116 2920 Cornelium
1137 2854 1177 2918 id
1200 2853 1286 2918 bel-

126 2964 207 3029 lum
235 2961 424 3047 gessisse
452 2960 725 3046 oppidumque
755 2963 927 3046 cepisse.
979 2960 1139 3027 Certum
1168 2960 1286 3026 affir-

127 3091 239 3137 mare
266 3105 312 3117 ·-
332 3090 411 3135 non
443 3070 582 3135 ausim.
639 3067 759 3134 Omnia
790 3068 861 3136 haec
888 3069 977 3154 apud
1005 3069 1180 3153 plerosque
1210 3069 1287 3150 (hoc

124 3187 198 3259 est,
231 3184 271 3243 ut
291 3177 405 3243 Livius
436 3177 501 3243 hoe
533 3176 694 3244 vocabulo
728 3177 848 3255 utitur,
882 3200 948 3244 non
971 3177 1111 3263 paucos)
1134 3184 1287 3243 auctores

125 3288 315 3367 invenerat3
349 3284 390 3350 de
418 3285 570 3351 omnibus
594 3293 718 3351 certam
741 3285 993 3353 affirmationem
1017 3286 1162 3367 cohibet,
1196 3286 1285 3371 quod

123 3394 187 3460 alii
221 3395 403 3477 scriptores
437 3393 743 3478 praetermittebant.
798 3394 902 3478 Vulgo
932 3396 980 3460 sic
1008 3395 1178 3475 scribitur,
1212 3402 1285 3463 tan·

124 3523 231 3588 quam
260 3499 479 3568 defectionem
507 3501 597 3585 apud
625 3508 777 3569 auctores
806 3511 1093 3569 commemoratam
1116 3505 1287 3582 invenerit,

125 3610 172 3677 de
203 3610 241 3676 L.
270 3607 424 3676 cornelio
457 3613 491 3675 et
520 3610 643 3694 oppido
674 3618 771 3696 capto
801 3610 889 3696 (quae
917 3611 975 3677 ubi
1005 3611 1208 3693 inveneratl)
1238 3613 1285 3677 af·

125 3718 263 3785 firmare
294 3739 362 3783 non
394 3717 526 3784 audeat.
582 3719 648 3785 Res
681 3720 802 3804 pusilla
836 3727 901 3801 est;
935 3721 993 3785 sed
1022 3721 1175 3805 quoniam
1203 3721 1286 3784 talia

154 3988 180 4059 ¹)
200 3987 372 4058 [rumai
384 3996 435 4062 p'er
447 4007 478 4047 se
491 3991 560 4062 quin
572 3991 727 4047 rectissime
741 3991 889 4060 diceretur,
904 3992 952 4047 ubi
965 3992 1151 4048 subiiceretm·
1163 3991 1285 4059 demum,

197 4090 256 4129 non
278 4077 469 4145 antecederet,
494 4077 625 4132 condicio
648 4081 676 4131 st
698 4078 795 4132 statim
817 4077 1005 4133 subiiceretur
1028 4075 1085 4145 (Vl,
1112 4081 1151 4145 14,
1174 4081 1199 4145 4,
1223 4077 1286 4143 Vll,

197 4162 240 4228 84,
260 4163 301 4230 14,
318 4159 396 4230 vm,
414 4162 456 4232 30,
467 4161 527 4233 ll),
546 4163 610 4232 quis
627 4159 802 4231 dubitavitl]

151 4246 180 4314 ')
200 4242 381 4317 [Propositio
399 4252 444 4302 est
461 4248 546 4303 etiam
563 4249 594 4303 in
611 4246 650 4316 V,
678 4248 727 4303 sed
750 4248 774 4301 is
797 4248 883 4304 etiam
907 4254 1063 4304 senatum
1086 4245 1283 4303 consultum

195 4333 326 4387 ommbus
344 4330 449 4388 litteris
464 4350 520 4404 pro
538 4330 592 4401 sa]
