2994 5108
684 485 745 546 743
1112 496 1174 552 Lib.
1201 497 1284 554 XLV.

134 670 204 735 titre
227 671 292 735 sint
309 690 352 734 an
369 667 496 752 aliquid
513 668 687 748 occultent,
711 669 836 751 nesci03
860 669 923 734 etsi
945 669 1024 750 quid
1040 670 1143 735 latere
1166 676 1280 754 aptum
1298 687 1371 760 (619)

133 779 206 844 loco
230 778 343 862 possit,
366 797 432 842 non
454 777 558 842 video.
592 776 630 841 ln
653 776 669 860 ἓ
693 781 711 841 9
734 784 823 843 recte
845 777 1051 843 intellectum
1073 784 1133 857 est,
1156 800 1286 846 omnem

135 887 340 953 accusatoris
363 885 546 950 orationem
568 883 646 968 fingi
669 886 711 950 ad
734 885 855 950 milites
879 905 1083 965 conversam3
1116 887 1230 969 itaque
1252 894 1287 954 et

135 995 375 1059 circumiret
403 992 457 1072 (de
485 993 696 1076 imperatore)
726 1014 744 1059 e
773 992 1099 1080 codicerestitutum
1122 1000 1174 1059 θεῖ
1197 996 1286 1059 etin

136 1103 256 1167 lacuna
279 1101 466 1185 suppletum
489 1102 633 1168 ductus
663 1123 718 1179 es,
747 1122 849 1185 quum
872 1100 1030 1185 Grynaeus
1053 1100 1206 1167 duxisti
1228 1124 1286 1186 po-

137 1212 268 1276 suisset.
303 1209 424 1274 Verum
436 1209 533 1274 militi
551 1209 615 1274 dici
634 1210 762 1291 nequit:
787 1211 827 1274 in
846 1210 1024 1275 statione
1049 1210 1231 1275 severius
1249 1217 1287 1277 et

136 1319 339 1384 intentius
361 1319 578 1397 institisti,
603 1317 812 1383 scribendum
835 1318 1004 1383 stetisti.
1039 1318 1157 1382 Restat
1178 1318 1213 1382 in
1231 1339 1287 1383 ex·

135 1433 242 1491 tremo
255 1426 363 1508 capite
383 1424 413 1508 (ἕ
429 1426 481 1508 13)
494 1433 587 1491 certa
598 1432 632 1490 et
642 1426 779 1507 insignis
796 1424 991 1490 emendatio.
1025 1407 1110 1490 Nam
1122 1425 1287 1507 Servilius,

137 1555 272 1599 causam
295 1533 385 1616 apud
406 1534 527 1616 integri
548 1532 660 1598 iudicii
679 1534 865 1598 contionem
882 1534 935 1616 agi
952 1533 1085 1616 fingens,
1108 1532 1287 1617 Populus

136 1645 357 1723 Romanus,
389 1642 511 1724 inquit,
543 1675 586 1686 —
618 1641 800 1724 proximo
841 1647 951 1707 certe
985 1641 1136 1706 Punico
1157 1642 1286 1709 >bello

137 1750 233 1835 quid
256 1753 364 1816 inter
391 1749 434 1814 M.
457 1749 676 1814 Minucium
703 1750 944 1830 magistrum
978 1751 1160 1833 equitum
1188 1757 1227 1815 et
1249 1749 1286 1827 Q.

138 1859 303 1924 Fabium
321 1858 564 1923 dictatorem
580 1856 832 1934 interfuerit,
852 1858 1042 1922 meminit.
1077 1858 1203 1922 Deinde
1227 1856 1286 1922 ad·

137 1969 256 2049 iungit:
287 1967 429 2050 Itaque
452 1971 737 2031 accusatorem
760 1965 800 2029 id
825 1965 929 2030 scire
953 1966 1138 2048 potuisse
1161 1973 1202 2031 et
1226 1988 1288 2031 su·

138 2095 430 2159 pervacaneam
463 2073 738 2138 defensionem
771 2072 887 2137 Pauli
914 2072 1051 2138 fuisse.
1096 2073 1203 2139 Multa
1236 2073 1289 2140 hic

139 2203 303 2267 perversa,
314 2183 456 2266 primum
466 2183 500 2246 in
512 2181 671 2246 orationis
685 2188 866 2261 structura3
883 2182 971 2246 unde
983 2184 1069 2247 enim
1081 2181 1205 2265 pendet
1215 2203 1288 2247 sen·

139 2293 245 2356 tentia
266 2290 397 2356 infinita
419 2291 466 2354 sic
487 2291 612 2373 posita:
644 2288 820 2372 populus
843 2291 1039 2370 mominit3
1067 2292 1207 2373 itaque
1230 2310 1288 2356 ao·

138 2406 369 2464 cusatorem
390 2399 429 2463 id
453 2399 559 2463 scire
582 2397 793 2481 potuisse?
817 2396 935 2463 deinde
956 2399 990 2463 in
1008 2400 1181 2464 sententia.
1215 2398 1288 2463 Me-

139 2508 365 2573 mineratne
398 2506 553 2590 populus,
586 2513 813 2570 accusatorem
835 2504 870 2570 id
899 2508 996 2585 scire,
1025 2507 1125 2572 immo
1147 2505 1182 2571 id
1205 2508 1289 2572 scire

34 2621 36 2631 ¹
140 2616 346 2698 potuisse?
380 2615 617 2681 Memineratne
639 2634 748 2697 porro,
770 2612 864 2678 Pauli
888 2614 1111 2680 defensionem
1134 2635 1289 2698 superva-

137 2745 274 2789 caneam
297 2724 450 2789 fuisse?
484 2721 645 2799 Quando?
688 2721 732 2786 Et
754 2721 834 2804 quid
856 2721 892 2786 id
915 2721 1062 2801 adrem,
1087 2722 1167 2807 quid
1189 2723 1290 2788 sciret

138 2839 311 2898 accusator
333 2832 373 2896 de
395 2830 540 2896 Minucio
564 2838 597 2895 et
618 2829 744 2894 Fabio?
778 2835 837 2894 aut
864 2829 945 2912 quid
967 2831 1053 2895 inter
1075 2829 1161 2894 hane
1184 2831 1289 2895 scien·

139 2942 219 3007 tiam
253 2947 287 3005 et
324 2939 418 3003 Pauli
457 2938 680 3004 defensionem
719 2938 909 3003 coniuncti?
962 2939 1124 3021 Apparet,
1157 2959 1223 3002 non
1247 2937 1290 3002 id

139 3050 208 3132 agi,
236 3049 316 3131 quid
339 3048 379 3112 de
402 3054 594 3111 accusatore
617 3045 759 3128 populus
781 3045 980 3123 meminerit,
1015 3045 1072 3110 sed
1100 3043 1288 3127 significari,

138 3157 217 3239 quia
238 3156 379 3239 populus
402 3155 601 3232 meminerit,
632 3152 811 3218 ambitiosa
830 3153 970 3235 imperia
992 3154 1209 3235 improspera,
1239 3174 1290 3219 se-

138 3285 214 3329 vera
243 3284 403 3348 prospera
431 3262 548 3342 fuisse,
581 3260 662 3345 quid
692 3259 840 3326 futurum
866 3258 980 3340 fuerit,
1015 3261 1044 3325 si
1071 3259 1159 3343 apud
1187 3260 1290 3325 talem

138 3373 311 3456 populum,
344 3373 464 3455 integri
493 3369 621 3446 iudicii,
655 3367 751 3432 Pauli
779 3387 880 3433 causa
908 3375 1070 3451 ageretur.
1115 3368 1153 3432 ln
1177 3367 1289 3434 codice

139 3503 199 3564 pro
222 3481 263 3546 id
286 3481 391 3546 scire
420 3486 471 3544 est
492 3480 639 3555 iecere,
663 3476 725 3541 hoc
748 3482 799 3541 est
825 3474 996 3541 hiscere.
1040 3475 1132 3540 Nihil
1153 3475 1302 3548 manifa·,

138 3591 222 3655 stius
242 3589 401 3654 certiusue
420 3593 470 3652 est
487 3607 585 3670 quam
602 3585 729 3650 Livium
747 3584 934 3667 scripsisse:
958 3583 1099 3666 Itaque
1118 3582 1288 3668 (populus)

137 3704 422 3763 accusatorem
467 3694 616 3758 tissere
654 3711 726 3756 non
764 3692 882 3755 sisset
921 3698 960 3758 et
999 3712 1288 3776 superveneam

139 3805 411 3884 defensionem
439 3802 560 3867 Pauli
587 3800 759 3865 fecisset.
807 3799 975 3884 (Sequitur
1003 3822 1065 3865 vox
1094 3821 1114 3864 a
1142 3798 1289 3864 tlittera

137 3911 320 3996 incipiens.)
365 3911 439 3977 Una
462 3917 512 3975 est
534 3909 712 3989 dubitati0,
748 3929 807 3992 pro
835 3929 911 3973 non
938 3910 1062 3973 sisset
1085 3908 1288 3990 scriptumne
1331 3927 1337 3947 ·

136 4019 237 4086 fuerit
270 4018 566 4103 prohibuisset.
612 4015 780 4082 Hiscere
813 4017 847 4080 in
877 4018 982 4080 scire
1012 4022 1204 4098 corruptum
1232 4015 1289 4080 de-

136 4129 368 4213 prehendimus
390 4126 456 4191 iam
478 4124 590 4205 XLIV,
613 4130 664 4205 45,
690 4124 774 4208 10.¹)

166 4391 191 4456 ¹)
212 4387 240 4459 [ξ
258 4391 274 4444 6
295 4390 347 4445 etsi
365 4388 480 4444 memini
508 4387 582 4457 apud
604 4384 734 4441 Ovidium
758 4386 814 4456 logi
841 4386 1004 4455 probrum
1023 4384 1130 4440 alieni
1159 4385 1288 4454 dicere,
