2994 5108
625 462 685 522 505
1023 474 1085 527 Lib.
1103 473 1230 527 XXXIV.

80 645 220 728 optimi
248 643 411 727 generis
439 644 613 709 militum
636 642 828 722 habebat,
851 643 914 708 hoc
937 652 997 724 est,
1022 645 1229 729 supplemen-

78 758 146 817 tum
156 773 195 816 ex
205 753 320 835 optimi
333 753 463 835 generis
476 751 637 816 militibus
649 758 813 815 constans.
828 750 1229 835 [Vidtamendddenda]

164 856 244 943 Cap.
274 862 329 937 3⁷,
366 865 380 924 l
409 859 636 943 recipiendum
665 866 761 942 puto,
795 858 883 940 quod
913 867 946 925 et
975 859 1230 942 Bambergensis
1311 862 1319 876 '

79 965 181 1032 codex
204 965 305 1031 habet
327 974 361 1031 et
383 966 533 1050 vulgares
556 964 874 1045 (Drakenborchiani
899 986 964 1044 sex,
995 973 1115 1049 praeter
1138 965 1230 1044 duos,

80 1075 144 1156 qui,
173 1094 272 1155 quum
295 1075 420 1157 primo
444 1074 582 1139 oculos
604 1073 758 1150 habeant,
780 1073 867 1137 idom
890 1072 1105 1157 significant):
1140 1073 1231 1137 Haec

80 1181 187 1246 inter
221 1201 261 1246 se
296 1182 425 1263 primo
454 1182 634 1246 circulos
663 1187 846 1244 serentes
876 1179 1067 1261 fremere,
1101 1180 1231 1246 ridetur

81 1289 180 1368 enim,
214 1309 315 1371 quum
342 1309 509 1354 sermones
538 1309 645 1352 serere
674 1295 707 1352 et
738 1308 847 1352 serere
876 1288 1002 1371 aliquid
1025 1288 1231 1353 sermonibus

82 1394 255 1475 diceretur,
285 1396 402 1460 deinde
425 1398 525 1461 etiarn
548 1396 759 1477 colloquia
781 1394 910 1476 (XXIV,
941 1401 990 1474 31,
1015 1395 1058 1476 3),
1082 1396 1230 1479 potuisse

82 1504 179 1568 etiam
214 1503 278 1568 dici
312 1503 491 1568 circulos
520 1524 706 1568 sermonum
735 1522 834 1567 causa
861 1524 1011 1583 serere;
1046 1524 1168 1585 neque,
1203 1506 1231 1569 si

80 1610 213 1695 paulum
235 1609 361 1693 aliquid
382 1611 541 1675 novitatis
564 1617 624 1689 est,
653 1609 686 1674 id
710 1610 814 1674 multo
837 1612 944 1675 minus
968 1619 1028 1688 est,
1058 1632 1159 1694 quum
1182 1611 1230 1675 di·

83 1719 167 1783 citur
189 1719 228 1783 in
253 1719 425 1784 circulis
449 1740 585 1783 serere
608 1718 778 1800 aliquid.

166 1824 244 1909 Cap.
263 1829 313 1905 38,
336 1826 428 1906 5(de
446 1826 481 1889 T.
501 1825 654 1902 Quinctio
672 1826 826 1909 Spartam
851 1827 1093 1909 oppugnante):
1118 1824 1231 1904 Quod

81 1933 240 1999 roboris
262 1934 304 1997 in
327 1936 513 1998 exercitu
537 1941 639 2011 erat,
673 1933 879 1998 trifariam
908 1934 1082 1998 divisum
1112 1939 1230 2017 parte

83 2062 158 2106 una
186 2062 208 2106 a
235 2039 436 2120 Phoebeo,
471 2042 603 2106 altera
632 2042 917 2124 aDictynneo,
951 2042 1080 2106 tertia
1109 2040 1157 2104 ab
1186 2061 1231 2104 eo

81 2148 186 2228 loco,
232 2169 345 2231 quem
389 2149 668 2232 Heptagonias
710 2149 942 2232 appellant,
981 2147 1231 2231 —aggredi

81 2256 201 2322 iubet.
253 2256 358 2334 Dure,
388 2256 477 2339 quod
506 2257 634 2321 roboris
657 2258 690 2320 in
714 2258 861 2321 exercitu
885 2262 974 2335 erat,
1004 2256 1126 2320 dicitur
1148 2256 1230 2320 divi·

82 2384 150 2428 sum
172 2383 242 2428 una
264 2362 342 2444 (sui)
366 2371 460 2448 parte
484 2364 675 2429 aPhoebeo
697 2365 843 2447 aggredi,
867 2365 972 2430 altera
994 2385 1015 2428 a
1031 2365 1232 2448 Dictynne03

79 2470 175 2554 longe
198 2473 261 2536 erit
283 2472 401 2555 aptius,
425 2472 463 2548 si,
491 2471 613 2535 lineola
634 2471 753 2536 litterae
777 2492 805 2533 ι
828 2474 952 2537 vicaria
974 2472 1099 2551 addita,
1130 2473 1232 2554 scrip·

81 2578 234 2643 serimus:
274 2576 385 2655 Quod
413 2579 575 2644 roboris
604 2580 643 2642 in
672 2580 860 2643 exercitu
890 2586 992 2657 erat,
1027 2579 1232 2644 trifariam

83 2684 268 2767 divisum3
298 2694 453 2769 partem
482 2707 596 2751 unam
625 2707 646 2750 a
668 2685 872 2762 Phoebeo,
901 2687 1074 2750 alteram
1097 2708 1118 2751 a
1140 2686 1231 2749 Dio·

82 2798 245 2876 tyaneo,
267 2794 435 2858 tertiam
460 2794 507 2858 ab
532 2815 576 2858 eo
599 2793 701 2869 loco,
726 2816 756 2877 q.
781 2793 821 2870 Η,
846 2814 885 2865 a..
909 2794 1080 2876 aggredi
1104 2794 1231 2857 iubet.

166 2896 246 2982 Cap.
270 2906 320 2973 40,
346 2907 374 2965 5.
425 2902 523 2966 Dum
546 2907 810 2984 oppugnatur
832 2907 1047 2983 tyrannus,
1076 2900 1232 2982 Argivi,

83 3006 239 3072 nuntiis
262 3007 360 3072 aliis
382 3029 506 3092 prope
536 3028 654 3090 super
677 3008 783 3072 alios
807 3006 1112 3084 adferentibus,
1140 3014 1231 3071 tan-

77 3118 160 3178 tum
181 3134 256 3178 non
280 3115 357 3178 iam
380 3123 542 3198 captam
565 3115 887 3179 Lacedaemonem
911 3135 1006 3192 esse,
1037 3114 1169 3178 erecti
1192 3120 1233 3177 et

76 3219 162 3303 ipsi
195 3255 238 3266 —
272 3221 506 3304 prasidiurn
542 3220 797 3305 expulerunt.
853 3221 929 3285 Iure
964 3220 1231 3287 Weissenbornio

77 3326 251 3411 displicuit
288 3350 413 3411 prope
451 3330 687 3411 interpositum
726 3330 778 3394 his
819 3329 919 3394 aliis
954 3350 1077 3412 super
1112 3327 1231 3405 alios,

68 3453 157 3499 luam
186 3435 231 3513 ci,
265 3455 337 3518 quae
365 3437 397 3499 in
426 3435 478 3500 his
506 3436 616 3501 verbis
644 3438 742 3515 inest,
776 3437 954 3501 celerrimae
983 3444 1016 3501 et
1043 3458 1108 3501 non
1131 3437 1232 3499 inter-

71 3549 188 3626 antoe
210 3544 428 3608 successionis
450 3543 681 3625 significationi
704 3564 829 3628 prope
851 3551 1030 3626 repugnat3
1064 3544 1122 3609 sed
1145 3543 1232 3625 quod

69 3648 113 3713 ei
133 3648 275 3716 fortasse
299 3650 565 3715 substituendum
587 3672 658 3717 esse
681 3672 852 3735 propere
875 3652 1060 3733 suspicatus
1084 3657 1143 3729 est,
1166 3671 1230 3715 non

62 3757 197 3823 witarit
219 3757 358 3822 alteram
380 3758 685 3842 reprehensionem
719 3779 795 3823 nam
824 3760 871 3822 ita
893 3758 956 3823 hoc
979 3758 1100 3822 dicitur
1122 3757 1231 3821 alius

65 3882 204 3948 super
230 3864 373 3944 alium,
406 3873 443 3930 ut
470 3865 552 3930 nihil
582 3867 746 3950 interponi
775 3867 896 3950 possit,
930 3848 1058 3947 (itaque
1087 3865 1152 3928 dici
1177 3864 1231 3928 de·

57 3962 190 4051 luebat,
220 3973 248 4036 si
271 3994 398 4057 prope
421 3981 547 4038 rectum
570 3981 667 4052 esset,
690 3995 817 4057 prope
839 3974 938 4038 aliis
962 3993 1082 4056 super
1103 3970 1231 4052 alios).

61 4072 147 4142 Sed
180 4078 365 4145 tollendum
399 4101 536 4164 prorsus
565 4088 615 4145 est
643 4102 785 4164 prope,
820 4080 909 4162 quod
937 4079 1020 4144 Livii
1046 4079 1155 4144 uerbis
1183 4081 1232 4143 in·

57 4192 206 4251 eertum
240 4192 307 4267 est,
345 4208 447 4269 quum
486 4195 574 4253 esset
612 4188 816 4272 adscriptum
854 4187 1094 4271 interpretandi
1128 4207 1229 4251 causa
1248 4203 1319 4270 (406)
