3000 5116
689 468 750 529 175
1154 479 1217 536 Lib.
1235 480 1296 536 VII

139 674 239 734 sess,
262 653 332 719 sed
353 674 376 720 a
396 652 517 739 plebe
539 651 729 737 patribus
753 650 810 734 (-
832 672 918 734 quae
940 652 983 733 sl
1007 659 1046 716 ut
1067 674 1136 718 vos
1158 659 1298 719 vestra

136 761 327 844 habeatis
349 761 539 841 consilia,
562 762 621 827 sic
643 782 684 826 se
707 782 780 825 sua
802 760 1038 826 habituram
1061 761 1182 843 dieat,
1205 764 1297 847 quis

137 870 301 935 tandem
323 869 590 936 suscenseat?
610 867 678 951 -),
705 869 862 934 milites
884 891 955 936 nos
979 890 1085 950 esse,
1113 891 1193 936 non
1215 891 1295 936 ser-

135 999 205 1046 vos
232 983 408 1058 vestros,
431 977 480 1044 ad
502 976 665 1057 bellum,
693 979 835 1044 nonin
858 977 1049 1043 exsilium
1071 977 1233 1060 missos,
1263 979 1297 1044 si

137 1087 227 1170 quis
250 1085 321 1152 det
342 1087 907 1171 signum,-pugnaturoscet.
936 1086 1095 1171 Apparet,
1117 1086 1296 1153 infinitivos

137 1194 179 1261 ab
207 1196 282 1280 ipso
310 1194 370 1261 illo
398 1216 483 1280 qua
512 1194 643 1260 dicam
671 1194 832 1279 pendere,
865 1195 1046 1279 praeparari
1073 1202 1184 1260 autem
1212 1195 1298 1261 hanc

136 1302 244 1388 plebis
285 1303 416 1370 nomine
455 1302 739 1369 denuntiationem
776 1303 974 1387 interposita
1005 1303 1065 1367 illa
1098 1303 1295 1387 parenthesi.

137 1411 280 1477 Tantum
302 1416 416 1476 autem
435 1411 543 1492 abest,
569 1416 608 1476 ut
629 1410 693 1476 hoc
714 1433 781 1478 uno
805 1410 878 1477 loeo
902 1412 946 1491 si,
969 1412 1068 1476 utin
1091 1412 1198 1477 siout
1220 1434 1296 1478 coa-

137 1519 275 1600 luerint,
315 1525 355 1585 ut
390 1519 545 1604 frequens
577 1520 614 1585 id
651 1520 685 1584 in
722 1519 892 1585 codicibus
925 1518 1080 1584 mendum
1115 1520 1174 1601 sit3
1207 1520 1297 1586 velut

137 1627 291 1710 XXXIV,
320 1632 355 1709 2,
383 1631 402 1692 7
429 1650 490 1713 pro
520 1650 574 1709 eo,
608 1627 698 1712 quod
724 1633 814 1693 recte
843 1627 966 1692 editur:
1002 1628 1050 1708 si,
1084 1635 1128 1692 ut
1160 1628 1296 1712 plebis

139 1737 353 1820 quondam,
399 1738 459 1803 sic
499 1758 604 1802 nune
643 1736 859 1802 mulierum
897 1736 1135 1801 secessione
1182 1735 1296 1820 leges

139 1845 394 1928 accipiendae
424 1853 532 1926 sunt,
566 1851 600 1910 et
626 1846 661 1910 in
684 1846 804 1910 ceteris
828 1844 1000 1910 codicibus
1024 1849 1057 1909 et
1079 1846 1113 1908 in
1137 1844 1295 1910 Bamber-

139 1954 231 2037 gensi
252 1954 413 2038 scriptum
436 1960 500 2019 est:
535 1954 644 2019 sicut
671 1953 816 2039 plebis.
862 1951 1032 2019 Ciceronis
1057 1953 1187 2019 codices
1208 1954 1296 2019 idem

142 2061 272 2128 obsidet
292 2061 449 2128 mendum
470 2063 504 2126 in
522 2068 604 2127 orat.
617 2083 676 2147 pro
697 2061 827 2127 Caeoina
844 2065 895 2142 24,
918 2065 958 2127 69
977 2060 1101 2144 (sicut
1118 2062 1295 2127 Manlius

140 2192 212 2254 pro:
250 2172 300 2252 si,
328 2176 374 2235 ut
395 2169 586 2253 Manlius)
609 2177 643 2236 et
665 2170 765 2235 Gelbi
787 2169 829 2250 II,
860 2174 889 2250 8,
920 2175 948 2250 5,
977 2169 1036 2235 ubi
1058 2170 1213 2235 Hertzius
1236 2171 1295 2235 mi-

140 2300 199 2345 nus
222 2285 312 2345 recte
335 2279 370 2345 si
397 2278 507 2343 sicut
528 2279 663 2362 scripsit
683 2300 743 2363 pro
767 2279 810 2358 si,
838 2284 891 2359 ut,
920 2285 954 2343 et
975 2279 1083 2343 Taciti
1105 2279 1140 2343 iu
1162 2279 1247 2344 Hist.
1271 2280 1296 2360 Ι,

141 2390 180 2452 83
203 2387 415 2468 simillimum,
437 2386 570 2452 sicubi
592 2409 652 2472 pro
676 2388 718 2467 si,
740 2386 819 2467 ubi,
843 2386 884 2452 de
907 2408 982 2470 quo,
1012 2388 1069 2470 qui
1086 2387 1189 2452 risum
1208 2409 1296 2471 quee-

140 2502 206 2577 rat,
241 2496 347 2578 legat,
380 2516 454 2579 quae
481 2493 625 2561 Baohius
654 2501 687 2561 et
708 2493 899 2561 Waltherus
933 2497 1174 2579 excogitarunt.
1231 2496 1295 2562 Sed

141 2604 229 2689 apud
261 2605 371 2689 ipsum
391 2604 520 2670 Livium
552 2604 688 2670 tertium
715 2604 840 2669 residet
866 2603 963 2670 huius
992 2604 1193 2670 confusionis
1222 2627 1296 2689 per-

141 2714 291 2797 spicuum
325 2712 510 2798 exemplum
538 2714 573 2778 in
600 2711 686 2778 libro
708 2711 817 2793 XXII,
852 2716 907 2793 60,
943 2717 979 2777 11
1011 2711 1059 2795 (in
1086 2714 1235 2779 oratione
1259 2713 1295 2778 T.

140 2822 255 2888 Manlii
284 2819 475 2906 Torquati):
510 2820 626 2887 Sicut
664 2841 822 2886 avorum
854 2821 1049 2886 memoria
1081 2820 1116 2885 P.
1146 2822 1296 2887 Decius

140 2931 232 2997 trib.
255 2930 430 2995 militum
459 2930 499 2993 in
522 2928 700 3010 Samnio,
734 2930 844 2994 sieut
871 2928 988 2994 uobis
1018 2928 1295 2995 adolescenti-

140 3039 211 3105 bus
239 3041 380 3124 priore
408 3036 561 3104 Punico
589 3036 700 3104 bello
730 3036 980 3123 Calpurnius
1007 3037 1187 3102 Flamma
1214 3044 1296 3103 tre-

141 3149 274 3216 centis
302 3146 568 3227 voluntariis,
597 3168 715 3231 quum
744 3146 791 3211 ad
820 3147 1017 3212 tumulum
1040 3166 1107 3211 eos
1131 3146 1297 3230 eapien-

142 3256 232 3323 dum
270 3257 392 3322 situm
429 3256 541 3321 inter
579 3254 732 3320 medios
772 3255 945 3321 duceret
977 3255 1135 3335 hostes,
1176 3254 1295 3320 dixit:

144 3365 395 3445 ,Moriamur,
422 3363 593 3444 milites,
623 3369 664 3429 et
690 3369 818 3428 morte
840 3370 982 3430 nostra
1005 3364 1227 3448 eripiamus
1251 3386 1297 3429 ex

142 3473 356 3540 obsidione
379 3472 680 3538 circumventas
703 3470 1018 3553 legiones“—,si
1040 3471 1114 3536 hoc
1135 3472 1170 3536 Ρ.
1194 3471 1296 3537 Sem·

142 3581 314 3666 pronius
348 3579 506 3646 diceret
540 3587 602 3646 cet.
662 3580 811 3663 Apparet
843 3580 930 3644 enim
962 3578 1090 3643 Livium
1123 3579 1165 3645 ab
1197 3581 1292 3646 initio
1311 3598 1383 3666 (148)

142 3688 401 3757 condicionalem
421 3687 605 3754 instituisse
627 3689 797 3754 sententiae
814 3686 962 3768 formam,
984 3687 1102 3771 inqua
1125 3708 1298 3770 argumen-

142 3800 224 3865 tatio
246 3798 359 3883 posita
381 3802 448 3876 est,
482 3806 624 3881 eamque
652 3796 778 3881 duplici
809 3796 971 3880 exemplo,
1006 3795 1111 3862 altero
1139 3794 1296 3878 longiore,

141 3907 377 3990 interruptam,
416 3905 559 3988 repetita
596 3904 763 3989 particula
801 3905 835 3969 si
873 3925 1048 3969 renovasse
1088 3904 1122 3968 in
1162 3903 1298 3969 lectoris

143 4015 268 4095 anim03
302 4012 515 4079 scribendum
537 4019 588 4079 est
610 4013 713 4096 igitur
734 4014 940 4078 necessario:
976 4011 1030 4092 Si,
1060 4017 1105 4076 ut
1131 4031 1298 4076 avorum

142 4121 396 4198 memorial).
419 4121 647 4202 Decius—,
676 4122 723 4201 si,
753 4128 797 4186 ut
818 4121 936 4186 nobis
959 4120 1297 4186 adolescentibus

144 4229 396 4317 Calpurnius
418 4230 596 4295 Flamma
616 4265 660 4275 —
683 4230 788 4295 dixit
809 4266 867 4309 —,
896 4231 929 4294 si
957 4229 1032 4295 hoo
1054 4227 1089 4292 P.
1114 4227 1297 4310 Sempro-

142 4341 228 4407 nius
262 4339 423 4405 diceret
456 4343 517 4405 cet.
572 4337 619 4404 Ut
645 4338 794 4419 redeam,
828 4337 916 4402 unde
945 4337 1110 4420 digressus
1134 4356 1220 4417 sum,
1255 4335 1298 4400 ad
