2994 5108
187 475 250 532 Lib.
267 475 289 531 Ι,
743 465 786 528 54

187 647 322 714 fanum
359 653 540 715 mercatu
577 647 789 734 frequenti
820 652 1105 735 negotiatores
1138 652 1342 719 Romanos

188 757 502 841 comprehensos
543 758 809 842 querebatur,
849 758 990 826 Sabini
1022 781 1117 826 suos
1150 760 1266 846 prius
1300 761 1341 826 in

188 865 320 931 lucum
358 865 593 949 confugisse
632 887 679 932 ac
717 867 847 933 Romae
885 873 1109 935 rententos.
1175 868 1256 935 Haec
1293 869 1343 935 ita

188 975 314 1058 scripta
342 979 434 1054 sunt,
467 995 506 1040 ac
539 975 568 1040 si
600 976 886 1059 negotiatores
920 997 999 1042 suos
1026 976 1140 1043 Romae
1172 984 1342 1043 rententos

189 1080 303 1148 Sabini
326 1084 434 1167 questi
456 1084 538 1165 sint;
571 1104 648 1149 nam
669 1085 703 1148 in
724 1083 777 1150 his
800 1085 966 1151 contrarie
987 1083 1102 1151 relatis
1124 1083 1343 1167 (Romanos

187 1226 232 1236 —
252 1190 360 1273 euos)
400 1190 642 1258 substantivum
679 1193 851 1278 utriusque
891 1193 1029 1259 membri
1062 1214 1234 1261 commuue
1268 1215 1344 1261 esse

188 1299 333 1380 videtur,
356 1299 415 1365 scd
436 1304 474 1364 ut
496 1299 683 1382 concedam,
707 1322 801 1367 suos
823 1302 974 1366 universe
998 1301 1107 1366 cives
1130 1299 1342 1384 (homines)

188 1407 350 1492 intellegi,
379 1429 486 1493 neque
513 1430 572 1474 cur
600 1408 649 1474 illi
677 1409 826 1476 homines
847 1410 881 1474 in
903 1409 1014 1474 lucum
1035 1407 1269 1493 confugisse
1292 1411 1343 1476 di·

188 1522 316 1596 cantur,
338 1522 493 1600 apparet,
521 1538 628 1602 neque
651 1539 710 1583 cur
731 1518 895 1597 retenti,
924 1517 952 1582 si
973 1518 1039 1601 ipsi
1062 1523 1178 1609 sponte
1201 1539 1241 1585 eo
1264 1539 1343 1586 con-

188 1625 348 1709 fugerint3
375 1645 463 1690 nam
501 1646 611 1691 rerum
644 1625 835 1710 capitalium
867 1646 943 1691 reos
976 1625 1091 1706 fuisse,
1124 1647 1208 1709 quos
1242 1648 1344 1711 quum

189 1732 304 1799 Sabini
332 1732 426 1798 reddi
454 1734 495 1798 ad
524 1733 720 1818 supplicium
748 1734 1000 1818 postulaverint,
1034 1755 1101 1800 non
1124 1734 1241 1800 traditi
1264 1736 1341 1813 sint,

188 1863 229 1907 ne
263 1842 398 1907 minima
426 1840 559 1924 quidem
581 1841 777 1926 significatio
801 1849 861 1907 est.
917 1842 1065 1926 Apparet
1088 1844 1141 1924 agi
1169 1841 1209 1908 de
1239 1844 1342 1909 servis

188 1949 394 2030 Sabinorum,
422 1951 479 2033 qui
507 1949 551 2015 ad
578 1951 771 2016 servitutem
801 1949 984 2016 exuendam
1014 1950 1047 2014 in
1070 1949 1197 2035 asylum
1218 1952 1341 2017 Roma-

188 2079 267 2123 num
305 2055 509 2140 confugerint
547 2079 608 2124 nec
646 2058 769 2124 redditi
808 2057 948 2124 dominis
982 2058 1231 2142 reposcentibus
1265 2061 1344 2139 sint,

189 2165 279 2250 quod
316 2165 473 2249 frequens
506 2166 653 2250 antiquis
687 2165 890 2250 temporibus
923 2166 1010 2231 inter
1042 2166 1167 2232 ricinos
1200 2167 1344 2252 populos

189 2275 316 2338 iniuriae
340 2272 548 2358 querelasque
570 2295 673 2357 genus
695 2273 772 2352 fuit,
802 2272 1053 2358 significarique‚
1078 2273 1222 2343 Sabinos
1243 2276 1343 2342 huius

188 2383 318 2447 iniuriae
351 2381 443 2466 prius
475 2379 571 2446 factae
605 2382 763 2447 ultionem
790 2383 1006 2467 praetexuisse
1035 2403 1102 2448 suae
1129 2383 1164 2447 in
1191 2386 1343 2468 negotia·

189 2489 319 2556 toribus
353 2489 511 2554 Romanis
545 2489 857 2574 comprehendendis
891 2491 1064 2557 violentiae.
1125 2490 1248 2556 Verum
1280 2494 1343 2558 sui

189 2599 237 2664 sic
270 2596 357 2663 nude
391 2597 476 2662 servi
509 2596 670 2681 appellari
703 2599 737 2663 iu
769 2597 834 2664 hoc
868 2599 1028 2664 orationis
1064 2605 1220 2665 contextu
1249 2600 1343 2667 nullo

121 2722 175 2792 (45)
193 2707 290 2772 modo
313 2711 501 2790 potuerunt.
551 2705 668 2790 Itaque
697 2709 825 2790 quoties
854 2706 898 2772 ad
926 2706 1012 2772 hunc
1034 2706 1144 2772 locum
1166 2706 1259 2787 redii,
1290 2729 1345 2773 su·

191 2816 337 2899 spicatus
361 2835 447 2894 sum,
481 2835 580 2879 unam
607 2835 720 2880 vocem
744 2815 785 2880 ob
808 2815 995 2881 litterarum
1016 2814 1267 2880 similitudinem
1290 2838 1346 2881 ex-

189 2922 326 3003 cidisse,
355 2921 545 3004 Liviumque
569 2923 757 3006 scripsisse:
786 2923 929 2989 Sabini
958 2944 1052 2988 suos
1075 2943 1205 2985 serres
1228 2926 1345 3008 prius

190 3038 251 3098 cet.
302 3031 331 3096 Α
359 3030 524 3116 prioribus
546 3029 668 3095 litteris
690 3052 760 3097 uos
784 3031 910 3114 (suos)
932 3030 1086 3096 librarius
1110 3031 1278 3098 aberravit
1301 3034 1345 3098 ad

190 3140 323 3206 easdem
345 3139 451 3204 altero
474 3138 547 3203 loco
569 3139 699 3223 positas
723 3139 904 3221 (seruos).

276 3246 374 3331 *Cap
398 3251 447 3326 32,
481 3251 535 3310 ll:
571 3245 744 3323 Quarum
766 3268 910 3327 rerum,
944 3246 1092 3325 litium,
1126 3267 1345 3313 causarum

191 3355 380 3423 condixit
407 3361 525 3438 pater
547 3361 740 3439 patratus
763 3354 905 3440 populi
928 3355 1096 3420 Romani
1120 3353 1345 3431 Quiritium

189 3465 300 3548 patri
335 3469 503 3547 patrato
534 3462 764 3529 Priscorum
793 3462 1029 3528 Latinorum
1054 3498 1112 3542 -,
1146 3483 1246 3546 quas
1279 3486 1344 3530 res

191 3571 295 3651 dari,
329 3569 438 3650 fieri,
474 3569 579 3636 solvi
606 3571 806 3654 oportuit,
839 3605 897 3651 —,
932 3570 1011 3649 dic,
1046 3570 1145 3655 quid
1178 3574 1344 3636 censes?

191 3680 369 3745 Genetiuus
408 3678 524 3759 verbo,
563 3677 651 3761 quod
684 3683 734 3743 est
768 3678 1000 3757 condicere,
1035 3678 1210 3744 adiunctus
1244 3701 1345 3763 quam

190 3788 329 3854 haberet
350 3789 528 3865 rationem,
558 3806 652 3851 nemo
676 3787 843 3869 exposuit3
877 3808 954 3852 nam
982 3786 1070 3869 quod
1099 3807 1174 3851 eum
1202 3788 1346 3853 eximis

190 3896 415 3962 consultorum
449 3896 481 3960 in
515 3892 665 3959 formulis
701 3895 938 3961 consuetudine
972 3895 1052 3977 poni
1085 3893 1212 3975 dicunt,
1246 3896 1344 3961 nimis

190 4005 354 4071 infinitum
382 4012 447 4082 est,
481 4023 542 4068 nec
569 4008 711 4067 utuntur
737 4001 780 4066 ad
810 4023 883 4068 eam
911 4001 1181 4068 consuetudinem
1210 4002 1345 4069 demon·

190 4112 360 4180 strandum
392 4114 456 4178 nisi
490 4133 556 4176 uuo
591 4108 740 4193 exemplo
774 4131 880 4195 eoque
913 4132 979 4176 non
1011 4110 1212 4189 certissimo,
1253 4110 1345 4195 quod

190 4222 279 4307 apud
302 4219 492 4286 Ciceronem
514 4220 547 4283 in
569 4217 702 4300 Topicis
725 4216 769 4299 (4,
791 4217 846 4299 22)
869 4218 1002 4301 legitur:
1038 4216 1171 4282 damni
1197 4217 1347 4285 infecti

191 4331 450 4414 promittere;
480 4324 568 4411 apud
596 4325 687 4409 ipsos
715 4324 796 4390 iuris
819 4325 987 4393 consultos
1009 4331 1200 4390 constanter
1222 4326 1346 4393 dicitur
