2994 5108
763 440 824 501 600

304 622 527 689 Adhibeamus
543 624 643 707 igitur
661 624 1034 703 codiciVindobonensi,
1058 623 1190 708 qualem
1208 624 1275 688 iam
1293 622 1369 689 Sim

134 739 207 809 (493)
228 730 384 815 Grynaeus
407 732 555 816 plurimis
583 732 664 797 locis
693 732 859 812 adhibuit,
889 733 1154 798 emendationem
1175 731 1371 816 prudentem

220 847 254 905 et
276 847 417 918 cautam,
439 862 505 905 nou
527 841 685 921 timidam,
709 843 880 906 sententia
903 849 936 906 et
953 842 1112 907 orationis
1128 841 1277 924 pondera
1294 861 1370 905 exa·

219 948 399 1013 minantem
421 955 455 1013 et
475 948 603 1014 librarii
626 949 895 1014 consuetudinem
918 949 1192 1028 considerantem,
1215 970 1281 1013 uon
1305 951 1369 1013 sin·

220 1056 314 1137 gulas
336 1056 465 1121 litteras
488 1057 583 1121 nimis
607 1056 782 1121 artificiose
804 1063 838 1121 et
860 1064 1011 1123 contorte
1033 1063 1226 1121 sectantem.
1262 1057 1373 1122 Relin-

220 1170 363 1247 quentur
385 1166 432 1229 sic
455 1186 584 1248 qnoque
607 1165 719 1245 multa,
742 1187 814 1248 quae
831 1166 1056 1248 'suspicionem
1072 1165 1219 1230 habeant
1235 1167 1369 1245 iustam,

219 1273 453 1337 correctionem
476 1279 601 1337 certam
623 1280 681 1338 aut
702 1272 908 1356 probabilem
930 1295 996 1338 uon
1018 1274 1192 1357 recipiant.
1287 1304 1292 1313 ·

306 1378 425 1463 [Quum
454 1401 539 1445 anuo
570 1385 651 1445 1863
680 1381 750 1464 ipse
779 1381 981 1446 Vindobouee
1004 1382 1150 1446 codicem
1172 1389 1369 1446 tractassem

220 1495 253 1554 et
275 1488 395 1553 collato
428 1495 499 1552 toto
533 1489 617 1554 libro
646 1489 721 1553 XLI
744 1496 777 1554 et
809 1489 886 1554 libri
913 1488 1004 1553 XLII
1039 1489 1205 1573 capitibus
1234 1491 1376 1571 triginta

219 1597 333 1680 primis
360 1597 582 1680 inspectisque
616 1597 689 1662 aliis
718 1620 850 1681 quoque
883 1598 965 1662 locis
999 1619 1064 1662 uon
1097 1598 1211 1682 paucis
1247 1599 1368 1663 certius

219 1705 463 1784 intellexissem,
487 1704 737 1788 quam'fidelem
766 1705 846 1769 mihi
880 1727 1012 1789 operam
1036 1706 1093 1770 alii
1120 1716 1307 1785 navassent,
1340 1728 1368 1771 a

223 1817 304 1877 1864
326 1834 399 1877 cnm
421 1812 573 1897 Ussingio
597 1815 740 1896 quinque
763 1813 824 1878 bos
847 1812 961 1894 libros,
984 1814 1133 1879 adbibita
1156 1816 1259 1879 etiam
1281 1813 1375 1879 Vah·

219 1921 296 1986 Ienii
320 1922 503 2002 collatione,
526 1943 623 2006 quam
645 1924 772 1986 interea
790 1922 943 1986 Hertzius
967 1922 1186 2005 evulgaverat,
1210 1929 1301 1988 totos
1323 1924 1377 1988 ita

219 2031 379 2109 recensui,
401 2032 496 2111 qnasi
518 2051 604 2095 nunc
621 2032 762 2112 primum
784 2051 801 2094 e
825 2030 936 2095 codice
960 2030 1136 2112 prodirent,
1160 2032 1372 2095 constitutae·

219 2159 284 2220 que
307 2144 430 2221 quanta
457 2138 528 2204 fieri
562 2145 694 2222 poterat
727 2139 898 2222 diligentia
919 2139 1001 2202 Livii
1034 2140 1176 2203 orationi
1204 2140 1372 2222 integram

220 2246 341 2311 codicis
365 2248 576 2329 scripturam,
605 2270 626 2312 a
653 2268 719 2329 qua
746 2248 916 2311 minimum
947 2247 1208 2325 discesseramus,
1232 2247 1372 2312 subieci.

219 2354 257 2418 lu
279 2376 318 2419 ea
341 2376 440 2438 opera
461 2356 574 2421 multis
595 2357 677 2421 Iocis
705 2364 824 2438 praeter
853 2377 922 2434 eos,
951 2377 1033 2439 quos
1062 2364 1160 2420 antea
1187 2362 1373 2420 tractarem

219 2467 279 2527 aut
300 2484 384 2545 quos
407 2463 535 2527 interea
557 2464 623 2543 alii,
645 2464 786 2528 maxime
804 2462 991 2541 Vahlenius,
1010 2462 1149 2528 feliciter
1177 2465 1374 2546 attigerant,

219 2569 406 2644 adhibenda
428 2572 618 2636 coniectura
644 2571 707 2636 fuit
735 2573 960 2657 correctioque
983 2573 1096 2635 autin
1121 2573 1194 2654 ipsa
1218 2574 1370 2638 oratione

219 2678 372 2761 ponenda
384 2684 441 2742 aut
457 2680 491 2743 in
503 2680 727 2744 adnotatione.
763 2680 827 2744 Sed
844 2701 956 2744 earum
975 2681 1240 2744 coniecturarum
1254 2681 1373 2762 plera·

220 2808 283 2869 que
298 2788 346 2850 ita
358 2795 434 2851 sunt
447 2810 566 2871 parvae,
578 2788 742 2852 interdurn
755 2790 870 2871 positae
883 2795 1011 2851 tantum
1025 2790 1056 2851 in
1066 2788 1241 2851 verborum
1253 2789 1370 2866 forma,

220 2917 318 2979 quam
342 2896 500 2978 Gryuaeus
523 2904 655 2960 secutus
679 2905 762 2974 erat,
787 2898 885 2979 paulo
908 2898 1044 2979 propius
1068 2897 1110 2960 ad
1128 2897 1251 2960 codicis
1275 2898 1372 2961 resti·

220 3005 274 3086 gia
297 3005 589 3082 accommodanda,
614 3025 784 3086 causaeque
807 3007 855 3069 ita
883 3014 1019 3087 apertae,
1044 3013 1080 3067 ut
1101 3007 1243 3068 rationis
1269 3006 1372 3089 expli·

190 3112 380 3177 ‘cationem
402 3134 467 3177 nou
490 3113 691 3190 desiderent,
716 3135 756 3176 ne
780 3135 825 3176 eae
848 3113 995 3194 quidem,
1020 3121 1251 3195 quapropter
1274 3115 1375 3178 resti·

218 3222 272 3302 gia
305 3223 432 3285 incerta
464 3220 506 3283 ad
542 3229 663 3284 certam
703 3221 840 3285 formam
880 3221 1037 3304 perpoliri
1070 3244 1136 3285 non
1177 3231 1370 3304 potuerunt

219 3329 304 3407 Quid
323 3338 372 3393 est
390 3331 475 3393 cuim
498 3350 580 3411 opus
603 3331 834 3410 argumentari,
859 3350 917 3392 cur
935 3330 1033 3406 XLII,
1059 3334 1108 3407 38,
1133 3334 1151 3391 2
1176 3352 1215 3393 ex
1240 3330 1372 3412 legati

217 3439 442 3502 Acarnania
465 3438 574 3519 potius
597 3436 667 3500 fieri
690 3436 841 3501 debuerit
864 3438 1096 3502 Acarnanes
1125 3459 1224 3519 quam
1249 3441 1375 3503 Acar·

218 3568 360 3609 nanum
390 3545 517 3628 (Gryu.)
542 3553 575 3610 et
599 3544 715 3622 XLIII,
742 3549 790 3621 18,
816 3552 833 3609 9
858 3568 896 3610 ex
920 3554 1134 3627 postquam
1163 3580 1207 3588 —
1230 3547 1372 3610 viden·

217 3662 283 3718 tur
306 3656 416 3737 potius
439 3654 578 3718 vident
601 3654 733 3717 sublata
756 3653 882 3735 syllaba
904 3676 957 3730 ur,
982 3675 1054 3734 quaa
1078 3676 1097 3716 a
1121 3654 1262 3718 librario
1287 3676 1372 3738 saepe

217 3783 317 3845 prave
341 3762 475 3826 additur
498 3762 574 3842 (vid.
593 3786 623 3845 p.
644 3767 704 3826 595
729 3762 820 3842 not),
844 3782 940 3842 quam
964 3762 1155 3825 viderunt
1182 3761 1316 3846 (Gryn.)
1340 3771 1374 3827 et

217 3869 315 3949 XLV,
338 3874 366 3948 9,
393 3875 409 3932 3
435 3895 474 3934 ex
503 3871 706 3952 regnabat
739 3871 849 3952 potius
878 3877 1070 3951 regnarat
1098 3892 1197 3951 «luam
1228 3893 1374 3954 regna·

224 3980 302 4044 rit?
336 3981 415 4059 aut,
450 3988 488 4043 nt
515 3980 710 4061 suspicionis
738 3980 769 4041 in
805 3979 1016 4043 adnotatione
1039 3978 1162 4042 relictae
1187 3980 1371 4063 exemplum

217 4110 347 4171 ponam,
371 4089 426 4152 lib.
450 4087 532 4164 XLI,
557 4091 605 4163 21,
630 4091 647 4148 2
672 4088 725 4148 cui
748 4087 848 4150 semel
871 4086 1038 4149 admonit-o
1068 4110 1133 4150 non
1158 4096 1318 4170 apparet.
1340 4098 1372 4151 et

216 4195 259 4258 M.
304 4195 404 4258 Atilio
429 4202 546 4276 prater
569 4194 729 4274 legionem
752 4195 858 4258 socios
886 4193 1040 4258 habuisse
1070 4202 1103 4258 et
1124 4197 1292 4260 sociorum
1317 4219 1369 4278 po·

218 4304 283 4368 tius
311 4324 484 4366 numerum
517 4309 642 4366 certum
670 4302 850 4366 indicatum
878 4323 950 4366 esse
980 4302 1115 4367 aLivio
1146 4324 1247 4384 quarn
1270 4303 1372 4385 legio·
