2994 5108
701 482 761 544 261
1152 493 1215 547 Lib.
1234 492 1307 547 XXL

153 666 267 733 littera
288 666 381 732 verbi
403 665 524 745 velle,
553 672 592 731 ut
614 666 694 732 alibi
716 665 897 746 interdum,
926 664 1014 731 velut
1036 664 1159 743 XXVI,
1192 668 1240 745 12,
1272 669 1310 727 18

153 774 257 856 (recte
280 775 368 840 enim
389 774 553 841 intellexit
573 772 727 839 Dukerus
750 795 846 840 voces
874 773 1110 857 litteraeque
1138 772 1310 857 prolatae

154 885 320 969 pertinere
343 883 386 949 ad
407 881 585 949 finiendam
607 883 750 967 priorem
769 883 1001 961 narrationem,
1025 881 1144 947 deinde
1162 880 1310 963 adiungi:

154 991 338 1058 additum
360 991 507 1074 ctiam).
548 989 645 1069 Quod
657 989 942 1057 Weissenbornius
965 990 1065 1055 vertit
1088 988 1165 1054 und
1182 1010 1234 1070 sto,
1257 993 1308 1053 est
1326 995 1396 1065 (214)

154 1102 263 1185 ipsum
284 1099 368 1165 illud
390 1100 544 1182 itaque,
566 1120 631 1164 non
655 1098 740 1181 et.¹)

242 1207 321 1292 Cap.
345 1211 396 1287 26,
420 1211 439 1271 2
462 1207 672 1273 scribendum
695 1228 783 1272 esse:
813 1207 852 1271 in
876 1206 1051 1271 insidias
1074 1206 1315 1291 praecipitat

156 1317 231 1402 (pro
276 1314 586 1400 precipitatus)
633 1314 841 1398 multaque
881 1336 966 1379 eum
1006 1313 1110 1378 caede
1150 1335 1313 1378 suorum

157 1446 260 1509 aegre
283 1460 327 1469 -
349 1424 531 1502 emersit,
567 1422 635 1488 dixi
658 1422 701 1488 ad
722 1422 796 1487 libr.
821 1422 897 1502 VII,
927 1428 956 1501 6,
987 1427 1016 1486 9.
1072 1421 1158 1487 Illud
1181 1420 1313 1504 add02),

157 1532 246 1619 qnod
286 1531 404 1615 negari
436 1532 470 1595 in
504 1552 599 1614 prosa
641 1532 790 1596 oratione
824 1531 1030 1613 maximeque
1065 1529 1152 1613 apud
1187 1530 1314 1594 Livium

157 1648 247 1707 recte
287 1640 440 1721 coniungi
484 1640 772 1723 praecipitatus
817 1639 1029 1722 multaque
1077 1659 1161 1702 oum
1205 1637 1315 1702 caede

158 1749 340 1826 emersit,
367 1747 431 1812 hoc
454 1754 519 1825 est,
549 1753 639 1812 recte
663 1747 875 1831 participium
898 1747 1022 1812 omisso
1046 1752 1110 1811 est
1132 1766 1192 1828 pro
1216 1744 1315 1809 verbo

157 1856 252 1923 finito
284 1856 445 1940 positum,
485 1855 573 1938 quod
612 1856 784 1939 proprium
823 1861 874 1920 est
913 1855 1020 1920 brevis
1060 1860 1094 1918 et
1132 1853 1248 1918 celeris
1283 1858 1316 1915 et

158 1972 275 2049 aperte
297 1963 483 2028 terminatae
507 1962 680 2041 orationis,
715 1962 902 2047 copulative
930 1963 1082 2043 coniungi
1106 1982 1180 2025 cum
1203 1960 1316 2025 subse-

158 2073 273 2157 quenti
300 2070 401 2136 verbo
429 2069 523 2135 finito
546 2070 589 2135 ad
612 2069 700 2135 idem
722 2071 905 2135 subiectum
927 2070 1048 2149 relato,
1079 2092 1153 2135 eum
1174 2068 1318 2134 molesta

159 2178 399 2265 inaequalitatis
433 2176 612 2243 offensione
631 2159 674 2242 'et
701 2178 824 2243 lectore
853 2180 887 2243 in
917 2178 1065 2243 fraudem
1093 2178 1245 2257 inducto,
1280 2181 1318 2239 ut

159 2288 303 2354 alterum
326 2286 540 2370 participium
564 2293 732 2369 exspectet
754 2286 872 2368 (velut:
908 2287 1193 2370 praecipitatus
1216 2284 1317 2349 mul·

160 2402 287 2479 taque
323 2415 407 2460 cum
441 2393 545 2458 oaede
581 2392 745 2478 elapsus
779 2393 1038 2476 substitit)³),
1072 2395 1106 2458 in
1135 2415 1175 2458 ea
1201 2414 1236 2458 re
1265 2413 1317 2457 me

188 2649 214 2718 ¹)
232 2646 422 2718 [Woelfflinns
441 2651 473 2701 et
491 2648 553 2702 soni
572 2664 656 2702 causa
674 2648 802 2702 additum
819 2652 910 2718 putat.
937 2648 1003 2703 Non
1025 2648 1186 2704 offendebat
1201 2649 1318 2702 Latinae

232 2750 315 2788 eures
341 2720 434 2786 velle
458 2733 526 2800 rel,
556 2734 717 2804 praesertim
748 2735 876 2789 oratione
903 2736 940 2789 ob
967 2735 1136 2789 sententiam
1162 2736 1317 2788 insistente.

233 2819 301 2890 Gap.
319 2821 361 2885 22,
379 2820 396 2872 5
413 2819 509 2888 paruit
526 2836 599 2873 nunc
617 2818 863 2875 Weissenbornius
881 2817 1088 2888 admonitioni]

185 2906 213 2975 ²)
231 2903 312 2976 [Qum
336 2903 464 2972 sequitur
485 2904 652 2974 disputatio,
677 2921 747 2969 eam,
770 2910 881 2960 servata
899 2907 1047 2960 sententiae
1066 2922 1188 2971 summe,
1209 2903 1318 2971 refinxi,

228 3008 299 3045 usns
321 2988 408 3045 etism
427 2990 544 3043 materia
562 3008 602 3056 ea,
622 3007 706 3058 quam
717 2989 936 3057 Wesenbergius
954 3008 1032 3043 meus
1051 3007 1068 3042 a
1085 3007 1130 3043 mo
1149 2989 1317 3043 dissentiens

230 3074 349 3145 collegit
366 3074 476 3141 (Annnl.
492 3074 591 3128 Philol.
606 3074 675 3130 Dan.
686 3074 739 3128 vol.
750 3074 792 3128 IX
808 3094 835 3145 p.
847 3078 879 3130 81
895 3080 925 3129 et
938 3076 991 3143 82),
1010 3074 1060 3130 sed
1078 3075 1181 3142 minus,
1199 3080 1232 3127 ut
1249 3074 1318 3127 mihi

230 3161 353 3228 ridetur,
372 3177 456 3230 quam
474 3161 555 3227 solet,
574 3157 724 3227 distinxit]

187 3247 213 3314 ³)
234 3245 377 3316 [Pluribus
394 3245 490 3300 uerbis
508 3261 569 3300 rem
587 3262 663 3300 nunc
680 3245 802 3313 definivi,
820 3252 853 3301 ut
871 3246 1069 3301 excluderetur
1086 3263 1171 3300 error.
1193 3245 1318 3299 Primum

233 3333 310 3387 enim
336 3330 407 3385 nihil
434 3330 469 3384 od
496 3331 568 3386 hanc
591 3331 778 3400 quaestionem
800 3331 821 3384 ii
844 3332 988 3400 pertinent
1009 3332 1078 3399 loci,
1105 3331 1259 3400 inquibus
1284 3330 1319 3385 de

233 3417 355 3473 dirersis
373 3416 522 3483 subiectis,
544 3420 576 3469 nt
594 3417 709 3471 conflari
728 3416 897 3471 confundive
915 3417 1050 3471 orationis
1069 3418 1196 3471 membre
1213 3433 1316 3484 neque·

232 3506 298 3569 snt,
324 3501 505 3571 participium
528 3519 580 3572 pro
604 3503 689 3556 verbo
714 3501 794 3556 finito
813 3520 877 3556 cum
895 3502 981 3556 verbo
998 3498 1079 3556 finito
1099 3503 1260 3570 copulatur,
1287 3506 1320 3554 ut

231 3586 324 3654 XXII,
342 3589 368 3653 5,
386 3588 411 3654 6,
429 3586 515 3655 XXV,
536 3591 576 3653 11,
594 3590 611 3641 ’7
629 3588 733 3656 (fossa
749 3590 871 3657 ingens
891 3587 1006 3653 ducta,
1025 3592 1059 3641 et
1076 3587 1206 3641 vallum
1225 3588 1321 3641 intra

233 3689 308 3727 eam
330 3671 502 3742 erigitur),
527 3672 583 3726 ibd.
604 3675 644 3740 16,
671 3676 710 3740 16,
735 3672 852 3740 XXVII,
871 3675 913 3738 24,
932 3675 957 3739 6,
974 3672 1108 3740 XXVIII,
1129 3676 1168 3739 15,
1187 3676 1212 3740 9,
1231 3689 1320 3727 remo·

231 3761 370 3826 vetorque
397 3758 481 3811 etiam
506 3756 536 3825 1,
563 3759 610 3824 37,
639 3761 652 3811 1
678 3760 714 3813 ob
739 3758 864 3813 additum
893 3757 1072 3828 pleraque.
1116 3759 1196 3812 Alius
1221 3757 1321 3812 deinde

232 3842 345 3912 generis
366 3847 431 3897 sunt
449 3859 507 3897 non
525 3843 624 3910 solum,
638 3860 701 3912 quae
717 3843 884 3899 disiunctive
894 3843 1062 3913 copulantur
1071 3842 1132 3911 (III,
1147 3845 1172 3911 6,
1189 3845 1231 3895 14:
1246 3859 1322 3910 por·

231 3931 404 3995 tantoque
427 3929 496 3983 alia
519 3934 579 3983 aut
601 3929 788 3982 obversata
806 3930 918 3983 oculis
937 3934 995 3983 aut
1012 3946 1119 3984 vanas
1137 3927 1320 3981 exterritis

233 4017 462 4067 ostentavere
486 4014 631 4084 species,
653 4013 701 4081 IX,
720 4017 762 4081 38,
783 4018 806 4082 1,
825 4014 942 4080 XXVII,
962 4018 1005 4083 27,
1023 4016 1058 4082 9),
1078 4013 1239 4080 sedetiam,
1258 4028 1320 4080 quae

232 4097 379 4167 geminato
397 4102 431 4152 et
448 4098 643 4153 distrahuntur
660 4099 800 4167 (XXXIII,
826 4101 868 4166 27,
893 4104 935 4154 1οε
960 4102 993 4155 id
1016 4116 1102 4170 aegre
1126 4099 1213 4153 etin
1231 4113 1317 4166 praa·

233 4183 352 4237 sentia
377 4182 413 4236 hi
439 4185 533 4253 passi
561 4189 594 4238 et
622 4185 657 4238 in
683 4185 837 4239 futurum
864 4186 964 4239 etiam
986 4191 1112 4240 metum
1137 4184 1319 4253 ceperunt).
1421 4187 1425 4196 '

232 4266 267 4322 Iu
294 4266 471 4323 odversstiva
496 4270 677 4338 copulatione
700 4287 749 4339 per
772 4271 831 4324 sed
854 4271 1010 4340 exemplum
1033 4289 1090 4324 non
1111 4269 1224 4339 repperi
1245 4266 1322 4337 opud

232 4352 348 4407 Livium
373 4353 428 4408 nisi
453 4352 603 4421 XXXVII,
629 4357 676 4421 32,
703 4357 732 4422 7,
759 4356 806 4409 ubi
830 4356 905 4408 valet
927 4356 1010 4408 etiam
1036 4354 1163 4408 additum
1186 4358 1321 4422 tanquam
