2994 5108
638 450 699 512 6⁰3
1086 467 1239 524 nisum.

83 631 253 711 dicuntur,
270 639 439 716 tamquam
457 636 598 700 universi
616 636 658 700 ad
675 658 765 701 mare
784 637 1003 719 decurrerint3
1026 661 1102 704 narn
1118 661 1240 724 pauco-

46 732 53 737 ’
83 760 163 813 rum
185 744 307 806 mentio
331 743 556 808 tantummodo
585 743 628 808 ad
656 752 799 810 armatos
828 752 861 811 et
889 747 931 811 ad
954 749 1167 831 partitionem
1189 771 1240 813 re·

83 846 205 917 fertur.
250 851 351 934 Atqui
379 851 455 916 huic
484 854 655 917 sententia
689 861 722 917 et
755 855 881 936 primo
910 864 1071 939 repugnat
1093 862 1127 921 et
1150 857 1240 940 qnod

82 959 255 1043 nequitur:
280 959 371 1023 dein
394 960 542 1042 plures,
566 969 770 1044 postremo
794 984 919 1046 prope
937 984 1073 1028 omnes
1091 965 1242 1048 etipse

83 1066 244 1137 consul.
289 1067 406 1149 Itaque
435 1070 564 1132 initium
597 1069 680 1133 illud
707 1069 792 1151 fugae
819 1092 886 1135 non
916 1073 1071 1156 apaucis
1094 1075 1240 1153 armatis,

83 1172 149 1241 ted
171 1177 303 1241 omnino
327 1197 347 1239 a
370 1179 481 1259 paucis
503 1179 609 1259 iisque
632 1179 807 1241 maximam
830 1185 959 1261 partem
977 1181 1156 1245 inermibus
1173 1181 1241 1246 fac·

41 1286 50 1305 “
80 1284 165 1351 'dnm
185 1291 245 1363 est,
268 1306 408 1366 quorum
431 1285 548 1349 deinde
565 1285 748 1368 exemplum
766 1285 879 1368 plures
898 1289 1002 1352 secuti
1022 1296 1112 1368 sunt3
1135 1310 1242 1374 neque

79 1376 172 1461 'me
203 1393 267 1456 nisi
299 1394 396 1476 pauci
430 1394 586 1458 simulare
615 1400 771 1476 poterant
804 1416 839 1459 se
873 1394 915 1459 ad
948 1417 1039 1461 mare
1067 1397 1242 1463 decurrere

80 1492 233 1569 iussos.
269 1500 481 1584 Perspicuum
505 1510 564 1581 est,
582 1502 709 1566 Livium
728 1502 913 1584 scripsisse:
936 1502 1081 1587 Itaque
1103 1506 1241 1588 primo,
1360 1593 1362 1595 Ι

83 1608 203 1679 {alut
235 1610 340 1673 iussi
371 1609 410 1674 id
440 1610 590 1687 facere,
620 1610 755 1692 pauci,
786 1611 913 1675 maior
935 1631 1029 1694 pars
1051 1613 1241 1694 inermes,

80 1716 140 1785 ad
161 1739 269 1782 mare
292 1717 531 1797 decurrunt,
566 1718 658 1782 dein
687 1717 844 1800 plures,
878 1725 1085 1802 postremo
1114 1742 1241 1805 prope

35 1822 234 1893 '''''0mnes.
278 1826 416 1891 Addidit
449 1827 596 1890 armati
630 1826 697 1889 sive
725 1824 879 1889 librarius
914 1828 980 1890 sive
1015 1827 1119 1909 (quod
1148 1850 1241 1912 paene

38 1936 216 2016 '⁵vereor)
240 1935 408 2018 Grynaeus,
432 1958 532 2017 quum
550 1955 614 1998 non
632 1934 838 2010 attendisset,
863 1933 906 1997 ad
923 1936 1043 2016 pauci
1065 1937 1181 2001 referri
1198 1938 1241 2017 id,

48 2042 180 2131 ‘'qnod
203 2044 366 2125 sequitur,
396 2043 549 2125 plures,
584 2044 743 2106 maiorem
770 2048 897 2125 partem
924 2041 1073 2125 intellegi
1096 2046 1242 2128 ipsorum

35 2148 279 2239 “pacorum
303 2158 411 2234 atque,
433 2172 583 2234 paucos
613 2158 645 2215 et
673 2151 863 2214 maiorem
891 2157 1049 2233 partem
1072 2155 1241 2218 contraria

78 2264 192 2340 nas,
205 2258 386 2323 desiderari
397 2267 554 2343 putasset,
572 2260 661 2341 quod
677 2257 902 2322 inermibus
921 2261 1124 2324 contrarium
1143 2270 1239 2342 esset,

76 2364 193 2441 jssaulo
217 2389 317 2450 supra
340 2366 371 2449 (ἓ
395 2368 428 2448 3)
451 2368 587 2432 ridicule
611 2367 798 2451 appellatur
825 2366 948 2430 turba
969 2367 1078 2432 inter
1100 2376 1239 2434 castra
1257 2382 1330 2450 (495)

58 2456 261 2547 ‘inimare
285 2477 567 2551 mercantium,
595 2476 661 2540 loci
687 2474 853 2539 mentione
877 2475 987 2557 inepte
1010 2476 1054 2540 ad
1076 2478 1243 2542 mercandi

38 2594 64 2625 ¹·
80 2574 226 2652 borbum
249 2583 451 2664 adiuncta.¹)
485 2584 606 2648 Forum
628 2585 734 2666 ipsum
757 2582 799 2646 ad
822 2604 912 2647 mare
935 2584 974 2647 in
997 2593 1118 2667 portu
1141 2585 1243 2650 fuisse

49 2690 205 2763 ····da'vius
228 2692 312 2756 dixit
334 2712 360 2755 c.
388 2697 415 2769 1,
441 2698 467 2755 5.
511 2692 715 2757 Intermere
739 2697 773 2754 et
795 2696 905 2755 castra
931 2691 1030 2756 turba
1058 2700 1131 2756 erat
1153 2693 1242 2757 ultro

50 2802 239 2883 ‘dtroque
273 2800 588 2865 commeantium.
634 2798 672 2862 Id
702 2796 838 2861 verbum
871 2798 1035 2863 Gronovio
1067 2800 1102 2863 in
1136 2801 1242 2882 prima

48 2898 243 2979 *maurum
266 2908 409 2973 editione
434 2914 622 2973 occurrerat
646 2905 870 2988 debueratque
892 2908 1006 2970 teneri.
1041 2906 1144 2971 Paulo
1167 2914 1244 2990 post

51 3008 125 3103 Ἥ
146 3018 180 3098 9)
203 3017 246 3082 Μ.
269 3005 432 3081 Licinium
455 3015 624 3080 Stolonem
645 3035 710 3078 non
733 3019 814 3095 puto
837 3033 910 3077 cum
933 3011 1040 3077 tribus
1063 3014 1164 3095 signis
1194 3015 1242 3079 ab

35 3112 252 3210 ‘Hegione
287 3146 357 3190 sua
390 3125 477 3206 (quae
517 3144 543 3187 c.
582 3128 606 3200 1,
637 3126 654 3185 7
688 3122 749 3200 via,
783 3141 855 3201 quae
887 3120 1073 3204 Aquileiam
1106 3122 1241 3202 ferebat,

35 3212 211 3303 'deducta
232 3232 399 3313 narratur)
423 3229 574 3296 relictum
598 3251 618 3293 a
639 3229 730 3294 Livio
754 3227 877 3292 dictum
900 3249 980 3309 esse,
1001 3229 1060 3293 sed
1083 3250 1157 3293 cum
1183 3230 1242 3293 tri·

40 3318 153 3413 ibus
175 3343 277 3425 signis
301 3361 317 3404 c
340 3341 499 3423 legione
524 3360 602 3404 sua.

35 3434 61 3519 'i
178 3448 257 3534 Cap.
282 3453 309 3528 3,
334 3454 352 3511 4
377 3448 432 3530 (de
456 3449 570 3512 eadem
593 3443 699 3526 fuga):
727 3450 868 3509 cetera
891 3444 1084 3510 deformis
1106 3445 1240 3526 turba,

35 3524 52 3607 i
80 3558 206 3627 velut
227 3557 401 3622 lixarum
425 3556 709 3635 calonumque,
743 3551 878 3634 praeda
905 3574 996 3618 vere
1023 3553 1179 3633 futura,
1208 3555 1242 3618 si

35 3616 53 3755 i
82 3662 194 3737 belli
216 3665 357 3731 hostes
379 3665 668 3729 meminissent.
701 3659 816 3743 Neque
834 3662 954 3743 speciei
972 3668 1005 3726 et
1022 3662 1170 3727 veritatis
1188 3662 1242 3727 hic

35 3756 46 3801 μ’
80 3774 160 3849 ulla
188 3782 239 3840 est
267 3774 436 3839 distinctio
465 3793 572 3856 neque
607 3790 699 3833 vere
732 3787 791 3851 pro
824 3766 1082 3850 hauddubie
1111 3771 1240 3835 dicitur.

35 3792 52 3941 i*
79 3882 208 3969 (Recte
226 3866 348 3948 dicitur
365 3881 500 3966 praeda
516 3879 650 3944 verius
667 3896 779 3958 quam
796 3876 1026 3958 praesidium
1045 3885 1079 3943 et
1095 3877 1240 3958 similia.)

35 3944 43 3969 ἣ

58 3990 307 4081 ,βοήὴοῃάιιω
340 3998 404 4056 est:
439 3989 571 4074 praeda
599 3987 680 4049 rm
707 3983 856 4048 futura.
900 3980 1028 4050 Paucos
1052 3985 1161 4050 Livius
1184 3992 1242 4050 aut

109 4194 138 4315 d)
150 4240 318 4314 {Mercari
342 4245 377 4299 de
408 4246 526 4299 emendo
559 4242 763 4312 vendendoque
795 4240 865 4307 dici,
893 4239 928 4293 de
955 4256 1011 4309 quo
1038 4238 1239 4306 dubitaveram,

158 4330 315 4386 ostendunt
333 4331 397 4387 Sall.
416 4329 478 4400 Iug.
497 4334 531 4385 47
550 4336 579 4385 et
597 4331 659 4386 Sen.
678 4328 713 4382 de
730 4329 811 4382 Brev.
829 4324 885 4380 vic.
904 4323 940 4394 2.]
