2994 5108
625 484 687 545 653
766 526 768 532 .
1065 497 1128 554 Lib.
1145 497 1234 553 xm.

76 666 243 733 restitutio
261 667 387 732 incerta
409 672 474 748 est;
496 665 616 732 fuitne:
641 666 814 752 depulso
837 667 955 734 hosta
973 668 1147 754 (impetu,
1172 670 1234 735 de·
1270 697 1272 707 ·

79 773 276 859 pulsavi)
305 775 456 840 muris?
502 773 532 858 [ξ
556 780 575 838 6
603 796 669 840 non
698 775 830 856 dubito,
860 777 940 861 quin
968 798 1121 862 perverse
1145 778 1233 844 dica'-

78 890 136 949 tur
156 904 217 949 nec
241 904 261 948 a
282 882 373 948 Livio
396 884 553 966 scriptum
577 884 637 948 sit:
660 885 829 951 incenso
851 884 998 969 oppido
1022 884 1233 970 profectus

80 991 130 1058 ad
151 991 401 1057 Phalannam
424 998 561 1057 castra
583 993 724 1073 movit,
752 1014 858 1076 neque
882 994 969 1059 enim
992 999 1132 1060 castra
1154 1015 1237 1078 mo·¹
1341 986 1344 992 ’

79 1101 154 1180 vit,
189 1099 277 1184 quod
310 1107 343 1165 et
364 1100 496 1184 proprie
526 1105 560 1165 et
586 1122 649 1165 usu
683 1102 791 1186 ipsum
824 1103 952 1168 itineris
985 1102 1115 1167 initium
1147 1108 1181 1167 et
1214 1123 1234 1183 a

79 1209 190 1293 priore
211 1209 284 1274 loco
308 1207 488 1274 discessum
520 1207 696 1290 significat,
727 1211 900 1294 participio
932 1210 1149 1294 profectus
1181 1231 1234 1276 su·

80 1316 218 1401 peraddi
241 1323 352 1401 potest
372 1323 542 1400 tamquam
570 1318 629 1382 viae
651 1324 798 1383 tenorem
825 1318 986 1384 indicans.
1031 1319 1098 1383 Aut
1130 1318 1231 1401 igitur

79 1425 114 1491 iu
142 1426 266 1491 mouit
288 1445 380 1490 error
409 1432 460 1490 est
484 1426 681 1510 scripsitque
708 1425 820 1491 Livius
850 1427 893 1491 ad
923 1425 1060 1492 eandem
1083 1426 1232 1505 formam,

81 1554 182 1618 quam
205 1554 232 1598 c.
257 1536 307 1612 61,
333 1537 387 1597 ll:
410 1539 575 1617 postero
599 1534 662 1598 die
690 1532 901 1617 profectus
928 1533 1024 1600 iude
1053 1534 1101 1599 ad
1123 1534 1233 1618 Mop-

81 1641 212 1708 selum
233 1641 362 1724 posuit
385 1649 535 1721 castra,
570 1649 627 1706 aut
649 1663 748 1724 prave
771 1643 921 1708 additum
943 1647 993 1708 est
1021 1640 1233 1725 profectus

81 1749 125 1815 ad
148 1748 398 1827 declarandum,
433 1750 511 1832 quid
539 1755 627 1814 esset
656 1757 765 1815 castra
787 1771 930 1831 movere,
959 1749 1235 1835 quemadmodum

80 1857 194 1938 XLIV,
217 1862 247 1937 2,
270 1863 300 1922 4.
345 1855 361 1940 ξ
386 1863 425 1922 10
448 1865 597 1941 apparet,
621 1859 808 1923 necessario
830 1859 1005 1941 geminatis
1029 1858 1157 1924 duabus
1179 1858 1233 1924 lit·

81 1967 163 2031 teris
193 1967 227 2031 is
254 1965 442 2031 addendum
475 1986 546 2031 esse
574 1965 696 2047 (Ossae
726 1967 885 2031 montis.
929 1966 968 2032 Is
999 1987 1079 2050 qua
1101 1965 1177 2048 oet.)
1199 1969 1233 2032 in

80 2075 226 2140 transitu
249 2075 407 2139 orationis
430 2074 472 2138 ad
494 2095 612 2140 nouam
633 2095 702 2139 rem
720 2076 866 2160 proxime
883 2075 1095 2139 nominatam.
1127 2072 1234 2157 1864]

170 2181 247 2266 Gap.
272 2186 322 2260 55,
347 2187 380 2246 5:
416 2181 554 2263 (Consul
577 2181 757 2264 Romanus)
793 2184 893 2248 satis
926 2184 1004 2247 iam
1036 2182 1234 2248 refectum

81 2291 252 2356 militem
278 2288 328 2354 ad
355 2289 538 2355 Larisam
567 2291 687 2356 ducit.
722 2289 818 2356 lnde
841 2312 962 2373 quum
983 2290 1066 2355 tria
1088 2288 1234 2370 millia,

81 2401 210 2464 terma
232 2397 401 2463 abesset
423 2419 443 2463 a
465 2398 625 2483 Tripoli
648 2398 809 2480 (scaeam
831 2398 1002 2480 vocant),
1019 2419 1140 2482 super
1161 2398 1233 2463 Ps-

81 2528 198 2572 neum
221 2527 372 2572 amnem
394 2508 538 2590 posuit
561 2505 708 2573 castra.
752 2507 960 2573 Perbrevitsr
981 2506 1092 2572 Livius
1115 2507 1233 2573 Roma·
1313 2537 1314 2540 ¹

81 2636 143 2681 nos
170 2615 336 2693 Larisam,
371 2621 472 2697 caput
498 2615 596 2680 huius
620 2614 798 2681 Thessalia
826 2616 947 2699 partis,
977 2615 1141 2698 ingressos
1165 2636 1237 2680 esse

81 2729 115 2789 st
137 2723 227 2788 ultra
248 2723 449 2806 processisse
473 2724 654 2807 significat,
688 2724 806 2789 deinde
840 2730 952 2789 castra
985 2730 1144 2806 quantum
1179 2722 1237 2789 ab·

80 2830 206 2897 fuerint
229 2852 249 2896 a
270 2831 344 2896 loco
367 2830 515 2914 ignobili,
550 2831 640 2910 dicit,
668 2831 782 2896 utilius
806 2830 1047 2925 declaraturus,
1077 2837 1238 2914 quantum

81 2941 112 3005 is
134 2940 207 3024 ipse
228 2938 320 3005 locus
343 2959 363 3003 a
384 2939 556 3004 notissima
577 2939 659 3003 urbe
683 2939 827 3005 abesset.
872 2940 974 3022 Atqui
996 2938 1030 3003 id
1053 2939 1161 3021 ipsum
1183 2938 1237 3003 Li-

82 3049 155 3113 vius
184 3046 279 3127 fecit,
311 3068 378 3112 nou
405 3048 439 3112 in
467 3048 571 3131 ipsam
600 3047 714 3111 urbam
739 3047 887 3112 Larisam
910 3047 1096 3130 pervenisse
1118 3046 1238 3112 Roma·

80 3176 142 3222 nos
163 3176 318 3221 narrans:
341 3155 440 3221 Inde
463 3155 498 3235 (a
519 3155 665 3237 Larissa)
689 3176 807 3237 quum
829 3156 913 3220 tria
941 3153 1081 3219 millia
1109 3154 1236 3220 ferme

82 3262 252 3330 abesset
282 3262 367 3345 (cod.
398 3263 569 3345 adesse),
592 3266 636 3326 ad
665 3262 864 3348 Tripolim
893 3261 1055 3343 (Scaeam
1077 3261 1236 3344 vocant)

80 3407 125 3419 —
147 3373 287 3457 posuit
314 3379 470 3438 castra.
517 3371 674 3438 Senserat
696 3371 878 3438 Gronovius
900 3391 1023 3452 verum,
1045 3393 1111 3438 non
1134 3371 1236 3456 expli·

82 3487 233 3560 caverat3
255 3480 368 3562 itaque
389 3502 485 3546 nemo
509 3480 685 3546 obsecutus
709 3479 804 3562 est.¹)
849 3479 1005 3544 Extremo
1029 3479 1137 3564 capite
1162 3477 1193 3562 (ᾗ
1217 3483 1237 3543 8

82 3595 116 3655 et
138 3586 183 3670 9),
205 3588 263 3654 ubi
287 3588 414 3667 Liuius,
444 3570 543 3670 quam
571 3590 689 3673 exigua
724 3588 913 3653 Graecorum
947 3587 1071 3652 auxilia
1103 3587 1237 3667 fuerint,

83 3698 228 3781 exponit,
251 3698 300 3762 sic
330 3698 364 3763 in
394 3699 505 3766 codice
537 3696 708 3762 scribitur:
730 3696 956 3762 AEtolorum
988 3695 1090 3761 male
1112 3696 1236 3760 unius

81 3805 220 3872 instar
242 3809 434 3888 quantum
457 3804 507 3869 ad
535 3809 626 3869 tota
647 3810 769 3889 gente
798 3805 978 3888 equitem
1007 3810 1096 3870 erat
1117 3824 1236 3868 vene·

107 4096 131 4166 ¹)
151 4095 168 4168 5
185 4099 202 4151 7
220 4103 249 4152 et
266 4101 282 4154 8
300 4116 358 4155 non
376 4099 518 4169 eleganter
539 4103 584 4154 ter
605 4099 721 4170 ponitur
744 4098 944 4154 Chalcidem
962 4097 1235 4154 -Chalcide-

152 4181 331 4253 Chalcide,
351 4185 423 4239 nihil
440 4189 535 4239 tamen
551 4185 734 4254 movendum
752 4202 804 4241 nec
821 4202 873 4255 per
891 4201 920 4239 se
938 4184 1030 4239 altero
1051 4184 1114 4239 loco
1133 4183 1235 4237 vitiose

150 4269 273 4339 ponitur.
302 4267 430 4326 Eodem
447 4269 536 4323 miror
553 4270 813 4326 Weissenbornium
831 4286 890 4324 non
908 4268 1065 4325 attendisse
1083 4267 1182 4323 referri
1199 4267 1236 4323 ad

151 4359 245 4409 cntra
261 4353 389 4410 Romana
406 4354 443 4410 ad
460 4353 606 4425 Tripolim
