2994 5108
693 471 753 534 251

144 656 278 723 Halmio
306 658 341 722 in
362 655 565 722 bibliotheca
586 656 778 723 Monacensi
801 663 968 740 repertum
992 637 1052 735 est,
1076 658 1211 741 eiusque
1234 680 1302 723 orn·

145 788 222 832 nem
250 767 445 831 varietatem
475 764 517 830 ab
544 764 675 830 Halmio
704 771 874 831 enotatam
901 766 1021 831 iterum
1048 764 1107 830 Th.
1131 766 1301 831 Mommse-

143 876 219 941 nius
248 875 283 939 in
304 873 475 940 Analeetis
496 874 640 939 Livianis
669 872 715 959 (p.
741 879 781 939 50
804 872 890 959 sqq.)
920 874 1085 958 evulgavit
1114 896 1187 941 cum
1216 876 1299 941 alio·

144 1006 220 1049 rum
249 982 398 1050 codicum
426 986 467 1048 82
499 983 671 1067 scripturis
701 982 962 1067 compositam.¹)
1018 982 1069 1048 Ea
1097 985 1302 1069 comparatio

144 1114 282 1178 prorsus
305 1091 493 1170 confirmat,
521 1089 726 1156 Puteancum
749 1098 783 1157 et
806 1090 1007 1175 Spirensem,
1037 1112 1136 1174 quum
1158 1094 1303 1179 antiqui·

144 1208 215 1267 tate
249 1206 284 1266 et
316 1200 382 1266 fide
415 1199 637 1284 religioneque
671 1206 705 1265 et
736 1201 1003 1285 interpolationis
1031 1202 1095 1265 nisi
1124 1202 1238 1285 primrs
1267 1208 1301 1269 et

144 1310 396 1394 simplicissima
424 1309 630 1374 immunitate
659 1315 787 1373 ceteros
816 1309 1031 1374 communiter
1059 1310 1191 1375 vincant
1213 1317 1248 1377 et
1269 1313 1304 1377 in

145 1419 264 1485 eodem
305 1418 475 1500 dignitatis
514 1417 621 1500 gradu
660 1416 803 1501 ponendi
848 1418 928 1496 sint,
978 1424 1089 1483 tamen
1128 1421 1231 1504 stirpe
1271 1427 1304 1487 et

143 1529 271 1613 origine
294 1526 442 1592 diversos
464 1526 531 1591 suis
553 1532 727 1608 utrumque
750 1525 832 1591 locis
848 1547 970 1604 rernm,
993 1526 1099 1591 altero
1117 1527 1302 1610 aberrante,

144 1657 358 1715 conservare,
389 1656 475 1719 saepe
499 1655 538 1700 eo
562 1633 765 1714 discrimine,
799 1641 845 1714 ut,
874 1634 951 1699 dum
973 1634 1070 1700 modo
1094 1637 1168 1700 novi
1191 1657 1303 1702 recen-

141 1745 269 1811 tiorum
293 1765 423 1809 errores
447 1749 482 1809 et
503 1743 672 1808 temerarii
695 1742 880 1826 corrigendi
903 1750 1041 1808 conatus
1064 1752 1303 1826 removeantur,

141 1875 210 1920 non
243 1854 292 1919 ita
326 1852 452 1918 difficili
486 1853 678 1916 coniectura
711 1850 753 1916 ab
788 1873 841 1932 ec,
877 1851 965 1936 quod
998 1853 1033 1916 in
1061 1852 1167 1917 altero
1195 1855 1302 1920 minus

144 1968 240 2028 recte
272 1963 432 2045 scriptum
467 1961 525 2040 sit,
559 1960 602 2024 ad
629 1959 678 2039 id,
713 1961 803 2044 quod
838 1961 872 2025 in
906 1961 1012 2026 altero
1048 1959 1193 2044 legatur,
1228 1984 1304 2047 per·

139 2071 305 2151 veniatur,
327 2070 492 2135 interdum
511 2070 651 2149 maiore;
674 2090 745 2134 esse
763 2071 871 2149 etiam,
893 2069 950 2134 ubi
967 2075 1105 2153 uterque
1123 2071 1156 2135 in
1177 2071 1303 2136 mendis

139 2179 330 2245 manifestis
360 2177 558 2257 consentiat3
586 2178 620 2241 in
647 2199 712 2243 uno
744 2199 876 2260 genere,
903 2179 937 2242 in
965 2178 1126 2244 vocabulo
1155 2202 1220 2244 uno
1244 2185 1303 2245 aut

141 2288 250 2354 altero
284 2287 496 2353 festinatione
531 2285 728 2365 omittendo,
762 2286 865 2351 rideri
898 2287 1017 2370 saepius
1051 2287 1084 2349 in
1113 2286 1138 2350 P
1167 2293 1226 2351 aut
1254 2309 1304 2369 eo,

140 2397 231 2463 unde
252 2397 282 2462 is
306 2402 398 2462 ortus
422 2395 480 2473 sit,
509 2393 744 2476 aberratuml)
796 2395 903 2478 Atque
926 2393 1012 2458 hanc
1035 2395 1159 2460 codicis
1183 2395 1204 2460 S
1231 2417 1251 2461 a
1277 2397 1303 2461 P

145 2568 302 2580 ...-.---.-
308 2569 352 2575 -.,-
367 2569 372 2573 .

176 2653 197 2721 Ι)
215 2650 311 2722 Ipsius
334 2650 441 2706 codicis
460 2649 600 2719 Spirensis
623 2650 695 2704 illud
718 2650 817 2704 folium
841 2668 913 2718 esse,
937 2652 999 2720 quis
1021 2652 1127 2720 primns
1145 2654 1303 2721 agnoverit,

214 2738 325 2805 nesci03
352 2740 469 2807 apparet
486 2736 516 2790 id
535 2754 570 2791 ex
588 2754 694 2790 summa
714 2753 778 2790 cnm
795 2737 839 2804 iis,
864 2755 927 2806 quae
945 2737 1097 2791 Rhenanus
1117 2738 1146 2791 in
1164 2738 1302 2793 hocloco

213 2842 229 2878 e
248 2822 321 2893 Spir.
339 2821 468 2892 protulit,
493 2823 711 2891 conspiratione,
731 2823 815 2876 etiam
833 2824 863 2876 in
881 2823 929 2890 iis,
953 2839 1015 2891 qnae
1033 2823 1063 2876 in
1081 2823 1158 2877 nullo
1178 2825 1232 2878 alio
1251 2841 1300 2879 co·

214 2908 279 2962 dice
295 2913 409 2977 reperta
426 2913 502 2976 sunt,
520 2909 598 2962 velut
616 2925 639 2962 o.
658 2910 700 2975 40,
719 2911 735 2961 2
754 2913 1049 2978 transportasset.

173 2997 198 3061 'l
219 2994 360 3064 Spirensis
379 2993 523 3048 Puteaneo
542 2995 681 3063 integrior
704 2997 747 3047 est
767 2994 812 3048 his
833 2995 904 3049 locis
924 2995 1035 3062 (omitto
1058 3012 1175 3063 prorsus
1196 2996 1310 3050 nullius*

213 3080 352 3135 momenti
378 3081 408 3133 in
434 3097 491 3133 nna
517 3078 640 3133 alterave
667 3080 763 3133 littera
787 3081 993 3147 aberrationes,
1021 3082 1102 3134 utin
1124 3080 1145 3133 P
1165 3082 1304 3151 scriptum

213 3166 361 3232 serntio,
388 3165 649 3232 consularibus,
677 3164 842 3221 fastidius
869 3184 920 3237 pro
949 3166 1111 3233 seruitio,
1140 3166 1301 3221 consula·

216 3252 325 3319 tibus,
346 3250 544 3315 fastidium,
567 3252 596 3305 in
615 3252 633 3306 S
653 3251 846 3322 Capitolia,
871 3252 991 3320 aferte,
1015 3252 1152 3306 auditus
1170 3269 1221 3321 pro
1242 3251 1301 3306 Ca·

214 3337 358 3407 pitolio,
383 3342 511 3406 aperte,
535 3336 703 3405 auditum,
729 3339 815 3392 etiam
833 3338 863 3392 in
880 3337 902 3390 P
920 3340 962 3405 40,
987 3338 1233 3392 9aetmelatio
1251 3355 1303 3409 pro
1338 3353 1339 3357 ¹

212 3422 410 3489 aemnlatio,
431 3425 480 3490 41,
505 3426 518 3476 1
537 3441 613 3478 uam
631 3440 685 3492 pro
703 3427 809 3491 tuam,
832 3424 885 3477 etsi
904 3440 938 3477 ex
955 3427 1076 3491 utroque
1093 3424 1205 3494 longius
1224 3442 1304 3478 error

214 3509 319 3580 serpsit
342 3514 372 3563 et
394 3508 612 3578 interpolatione
637 3510 794 3565 occultatus
821 3514 876 3575 est,
899 3509 928 3562 in
948 3508 965 3562 S
985 3511 1032 3576 39,
1058 3512 1090 3562 21
1115 3511 1304 3580 sanguinis

213 3613 266 3665 pro
290 3594 516 3664 Saguntinis,
539 3595 664 3661 similini:
691 3613 714 3651 c.
741 3598 789 3662 39,
812 3597 843 3648 16
866 3594 1031 3660 (videtur,
1055 3595 1078 3647 P
1100 3595 1304 3664 videretur),

211 3683 247 3736 20
267 3680 317 3748 (in
345 3685 502 3735 senatum
529 3681 758 3749 introductae,
782 3680 804 3734 P
829 3681 910 3746 om),
933 3698 956 3735 c.
974 3683 1017 3746 40,
1043 3683 1055 3732 1
1082 3679 1136 3746 (de
1161 3697 1229 3749 rep.
1251 3681 1298 3741 de,

212 3766 236 3821 P
262 3765 433 3834 deferde),
465 3770 482 3820 2
508 3766 822 3837 (transportasset,
858 3767 879 3820 P
906 3770 1191 3834 transportaret,
1226 3766 1305 3834 quod

219 3853 342 3921 editur),
368 3852 483 3921 5(non
501 3859 704 3909 senatorem
729 3854 796 3922 qni,
820 3852 842 3905 P
860 3870 926 3907 non
944 3869 1013 3906 sen.
1031 3851 1130 3904 modo
1150 3852 1219 3919 qui,
1243 3852 1302 3906 rid.

213 3938 289 3993 infra
312 3956 340 4008 p.
359 3938 438 4007 335),
465 3939 709 4009 Νειῃροῃοηὴ,
733 3938 985 4007 Pappellant),
1013 3941 1045 3991 10
1063 3936 1167 4005 (quod
1185 3936 1302 4004 lando,

215 4024 324 4094 Pquo
349 4023 395 4092 1.),
425 4027 456 4078 13
480 4024 623 4094 (negata
643 4023 766 4090 fuerit,
794 4023 985 4094 Pnegotia
1005 4022 1144 4089 fuerit),
1174 4040 1197 4077 e.
1215 4026 1263 4089 41,
1290 4025 1303 4075 1

216 4111 320 4177 (bono
337 4110 481 4179 publico
500 4126 704 4179 proponam,
728 4109 759 4162 id
778 4115 828 4177 est,
846 4126 1053 4180 praeponam,
1072 4107 1094 4161 P
1114 4107 1190 4174 om),
1208 4111 1225 4160 2
1243 4107 1305 4174 (fa-

215 4201 322 4263 ceret,
339 4195 524 4262 Pseneros,
541 4195 603 4250 sine
621 4194 707 4250 dnbio
727 4196 812 4249 etiam
830 4197 887 4262 ire,
903 4195 933 4262 P,
948 4201 980 4248 ut
998 4194 1097 4261 editur,
1115 4194 1194 4261 isse,
1212 4194 1306 4248 minus

219 4287 287 4351 apto
305 4281 457 4351 tempore),
481 4283 498 4335 8
516 4282 679 4350 (patrati,
698 4281 720 4335 P
737 4281 885 4351 parati),
909 4283 925 4335 9
943 4281 1065 4349 (quam,
1089 4279 1111 4333 P
1131 4297 1194 4346 om,
1219 4279 1269 4333 sed
1287 4280 1306 4334 S

215 4383 306 4436 prave
327 4367 380 4420 ita
402 4383 454 4436 pro
471 4365 607 4434 Italia);
632 4372 733 4422 eontra
749 4366 907 4421 Puteanens
925 4370 1045 4435 praestat
1062 4383 1085 4422 c.
1105 4368 1151 4433 39,
1177 4368 1208 4419 18
1227 4365 1307 4432 (alia
