3000 5116
688 513 748 574 389
1114 528 1175 581 Lib.
1196 529 1293 582 XXVI.

147 697 294 781 dendum,
322 723 362 767 ne
384 702 597 785 transposita
618 697 717 763 rerba
740 699 806 763 sint
829 697 972 780 olimque
996 701 1154 783 scriptum
1177 701 1292 765 luerit:

145 801 271 874 Italia
291 811 458 875 maioris
481 809 628 894 partis,
652 806 813 883 Siciliae,
839 806 1044 871 Sardinia.
1093 809 1197 890 latia]

229 916 302 1002 Cap.
325 922 376 997 44,
400 921 430 981 2.
469 916 563 980 Inter
586 915 651 980 duo
674 915 907 997 praesentiam
930 916 1049 998 aequali
1073 918 1291 982 membroriun

145 1015 355 1110 descriptione
383 1024 559 1109 opponit
586 1029 620 1086 et
646 1024 818 1105 imponit
846 1024 945 1086 etiam
969 1023 1116 1088 insidit
1139 1029 1291 1108 prasenti

144 1130 296 1214 tempore,
318 1156 383 1199 non
406 1131 561 1197 insedit
582 1130 707 1195 Livium
726 1131 897 1213 scripsisse
912 1140 1060 1214 apparet.
1105 1132 1207 1208 Quam
1229 1136 1292 1198 sre-

146 1248 279 1310 quenter
293 1241 343 1307 hae
359 1240 472 1306 lormae
484 1245 720 1323 permutentur,
738 1260 824 1320 sape
838 1239 914 1303 dixi.
930 1241 1053 1319 (laos.)
1084 1239 1162 1323 Cap.
1177 1250 1226 1305 to,
1246 1249 1290 1309 lb.

146 1336 200 1405 ubi
223 1350 342 1415 editur:
365 1369 439 1413 nec
462 1345 536 1412 ulli
560 1345 763 1429 puberum,
788 1348 853 1427 qui
877 1347 1017 1411 obvius
1041 1348 1128 1413 suit.
1153 1372 1291 1431 porce-

145 1438 278 1538 batur,
309 1458 380 1523 iure
409 1454 603 1539 Siesbyeum
635 1454 668 1516 in
702 1453 939 1534 significatione
970 1458 1016 1519 rei
1047 1459 1165 1539 sapius
1195 1460 1291 1522 locta

145 1550 277 1631 offendit
303 1565 384 1630 luit
410 1569 489 1629 ante
517 1561 744 1647 imperfectum
773 1563 1026 1646 parcebatur
1049 1567 1217 1648 risumque
1242 1575 1291 1630 est

146 1660 403 1738 substituendum
426 1671 589 1735 luisset.
636 1668 759 1751 (1863.)

228 1780 303 1866 Cap.
337 1786 393 1859 47,
435 1784 454 1842 7
494 1777 549 1858 (de
582 1777 693 1862 praeda
727 1776 936 1859 Carthaginis
971 1779 1098 1851 Novwl:
1141 1793 1289 1863 paterae

143 1886 268 1953 aureae
285 1883 686 1963 fuerunthLxxl'l,
704 1885 834 1950 libras
852 1885 976 1950 ferme
995 1910 1126 1952 ornnes
1147 1892 1289 1971 pondo.

143 1971 195 2048 Sic
220 1996 309 2062 codd.
327 1995 425 2073 mell,
450 1994 554 2059 etsie
578 1993 687 2058 editur
706 1993 781 2057 inde
806 2016 826 2058 a
845 1994 1019 2065 Gronorio,
1045 2006 1140 2059 tauta
1158 2000 1289 2079 quidem

98 2163 100 2171 .
141 2101 214 2161 eum
236 2104 365 2181 lidilcia,
393 2111 430 2167 ut
452 2102 494 2166 ad
517 2100 648 2177 XXVII,
677 2106 706 2178 4,
735 2108 763 2179 9,
792 2101 849 2166 ubi
873 2102 992 2183 legitur
1015 2115 1133 2168 teriia
1158 2109 1289 2187 pondo

139 2208 287 2277 Paterae
309 2232 457 2289 aureae,
485 2210 628 2274 adscribi
651 2211 796 2287 videam,
825 2212 979 2275 usitatius
1003 2211 1147 2276 futurum
1173 2217 1289 2277 luisse:

137 2302 277 2385 teruas
292 2320 425 2386 libras
444 2317 575 2402 pondo
594 2325 661 2395 aut,
684 2317 815 2381 libras
835 2321 964 2395 omisso,
990 2330 1129 2384 ternas
1151 2325 1289 2402 pondo.

137 2400 296 2498 Equidem
318 2447 486 2510 nunquam
509 2424 699 2508 intellegere
723 2428 830 2509 potui,
865 2429 937 2507 quis
967 2441 1050 2492 esset
1082 2429 1134 2491 hic
1158 2453 1291 2495 acerua-

137 2514 196 2589 tivi
220 2538 327 2620 (quem
349 2554 511 2600 mensura
533 2532 711 2598 Muellerus
735 2534 777 2596 ad
801 2534 886 2598 Fest.
912 2560 941 2618 p.
967 2540 1006 2597 98
1031 2539 1189 2619 appellat)
1215 2562 1290 2603 usus

136 2636 193 2694 aul
224 2664 318 2725 quam
344 2642 483 2707 haberet
511 2640 704 2723 analogiam.
762 2641 846 2705 Nam
875 2665 947 2723 quae
976 2645 1070 2708 video
1096 2651 1289 2729 coiuparari,

136 2722 175 2797 ld
206 2769 341 2830 genus,
374 2750 414 2815 id
442 2751 595 2827 aetatiS,
630 2770 670 2813 ea
698 2750 749 2814 rel
772 2750 920 2814 additum
945 2775 1122 2833 pronomen
1148 2766 1290 2837 separat.

137 2850 241 2935 lnagis
261 2866 372 2924 autem
396 2856 594 2922 substantivi
616 2858 726 2936 notio,
757 2858 861 2922 simile
886 2861 970 2922 enim
996 2872 1091 2925 esset.
1117 2864 1141 2924 <i
1167 2864 1290 2926 ‹licei-o-

137 2943 190 3013 tur
213 2974 354 3048 patera
376 2964 417 3029 id
439 2962 585 3048 pondo;
614 2986 700 3029 nunc
729 2972 876 3047 patera
905 2967 1051 3030 libram
1085 2972 1214 3052 pondo
1245 2975 1290 3034 sie

140 3045 256 3136 dicitur
287 3094 327 3138 ao
356 3075 384 3137 si
414 3073 518 3137 dicas:
553 3072 668 3137 homo
704 3094 846 3137 annum
882 3082 1019 3141 retate.
1056 3080 1142 3157 quod
1179 3101 1290 3143 onnus

142 3174 280 3246 selltiunt
300 3180 479 3245 ridiculum
502 3200 582 3245 esse.
629 3180 787 3247 Gronovii
810 3188 919 3245 autem
945 3185 1206 3266 explicationem.
1235 3192 1288 3269 qui

144 3268 282 3352 allhibita
310 3288 434 3373 ellipsi,
461 3289 550 3353 ultra
584 3309 683 3371 quam
712 3289 777 3353 dici
805 3298 931 3372 potest,
968 3294 1109 3356 mirabili
1141 3309 1289 3361 enarrat:

147 3392 285 3461 latera
314 3396 514 3462 habentes
543 3396 699 3479 pondus
727 3397 860 3462 libras
888 3402 1035 3481 preludo,
1067 3405 1289 3468 condonemus

150 3496 240 3581 atad,
258 3526 322 3588 qua
344 3506 392 3568 rir
414 3505 566 3587 egregius
589 3506 677 3570 vixit.
722 3506 883 3588 Exempla
905 3508 946 3570 ad
972 3508 1056 3571 hauc
1080 3511 1288 3577 insolentiam

150 3584 289 3683 loquendi
320 3612 578 3677 confirmandam
612 3622 732 3696 praeter
764 3613 826 3678 hoo
860 3637 957 3677 uuum
996 3616 1075 3680 Livii
1112 3619 1176 3682 duo
1212 3644 1290 3703 pro-

155 3693 296 3797 ferimur,
328 3721 487 3785 Varronis
515 3721 548 3783 in
575 3719 661 3785 libro
685 3721 711 3783 V
735 3723 775 3785 de
805 3723 839 3785 L.
865 3724 898 3785 L.
925 3723 939 3804 ξ
974 3729 1031 3787 lari
1062 3726 1106 3809 (p.
1132 3734 1171 3791 50
1196 3729 1281 3812 Rip.)
1302 3739 1373 3807 (318)

161 3812 279 3889 elFesti
301 3826 424 3909 (Pauli)
447 3851 475 3891 r.
500 3828 628 3893 Grave
651 3850 719 3919 aes,
749 3851 825 3893 nam
849 3832 936 3912 apud
960 3832 1085 3896 Livium
1110 3834 1168 3899 ΙΙΙ.
1198 3843 1246 3906 ab,
1272 3843 1289 3899 3

165 3911 339 4000 l⁰010nam
359 3956 523 4000 auream
542 3936 749 4011 dictatori,
768 3938 914 4001 libram
935 3943 1040 4021 pond
1051 3964 1077 4011 o.
1092 3943 1288 4024 decrerit)

168 4024 326 4117 tth‚20‚4
346 4046 551 4119 (coronam
569 4064 740 4122 auream,
760 4045 907 4109 libram
925 4050 1288 4131 pondo—posuit)

168 4120 280 4209 libram
298 4157 389 4215 reete
412 4152 619 4233 appositione
643 4151 833 4233 adiungitur
856 4155 897 4217 ad
921 4158 1150 4227 siccusativuru,
1174 4178 1288 4237 quem·

172 4231 307 4319 ilbodum
338 4257 461 4321 dicitur
488 4256 618 4338 (XLIV,
656 4266 710 4337 14,
742 4265 773 4337 2)
810 4264 974 4342 torquis
1009 4284 1176 4340 aurona,
1212 4264 1287 4328 duo

174 4352 271 4421 llldo
289 4371 321 4428 et
343 4362 427 4427 illud
443 4365 559 4447 ipsum,
583 4368 672 4449 quod
693 4389 792 4450 supra
811 4370 904 4450 attigi
926 4367 1071 4446 (xxvii,
1096 4369 1145 4447 tl:
1170 4377 1287 4433 terna
