3000 5116
673 463 736 525 253

126 660 161 718 et
193 652 385 736 religionem
412 648 586 735 pertinet),
621 647 680 714 sed
707 649 864 731 felicitas,
898 671 965 734 qua
993 672 1014 715 a
1041 651 1066 716 P
1096 657 1280 736 separatur.

125 761 211 827 Nam
237 761 273 825 in
293 759 320 824 P
343 759 417 824 due
446 763 522 823 sunt
544 758 687 823 maiores
710 757 853 840 lacunae,
882 759 988 825 altera
1010 761 1045 825 in
1067 760 1151 826 libro
1175 759 1283 824 XXVI

126 876 206 955 post
236 868 339 935 verba
370 869 457 933 sine
486 851 575 931 meo'
600 865 712 932 luctu
741 888 857 950 quam
885 889 912 934 c.
936 873 992 948 41,
1022 872 1061 932 18
1091 868 1211 953 (usque
1240 867 1283 934 ad

125 1000 154 1044 c.
177 981 221 1043 44
246 976 349 1059 init),
382 975 488 1041 altera
508 975 543 1039 in
564 973 650 1039 libro
673 975 796 1040 XXVII
823 983 900 1061 post
926 976 1028 1042 verba
1055 977 1089 1041 in
1118 997 1144 1041 0.
1174 980 1211 1057 2,
1243 980 1279 1040 ll

125 1084 385 1153 tumultuosa
417 1084 547 1167 magis
580 1083 745 1167 proelia
778 1083 894 1168 (usque
929 1084 973 1150 ad
1005 1106 1032 1151 c.
1062 1088 1096 1164 3,
1133 1083 1181 1166 7),
1216 1106 1283 1150 non

124 1195 255 1279 inipso
282 1193 345 1259 hoc
373 1191 486 1258 codice
515 1190 634 1256 evulsis
663 1191 789 1275 aliquot
816 1192 904 1258 foliis
929 1200 1010 1259 ortae
1033 1192 1123 1275 (nam
1150 1194 1184 1257 in
1213 1215 1281 1259 me-

125 1303 200 1369 dias
237 1301 360 1367 codicis
397 1300 534 1385 paginas
568 1299 693 1365 lacunae
728 1300 891 1382 incidunt,
924 1301 1014 1385 prior
1042 1303 1144 1367 etiam
1173 1303 1281 1386 spatio

124 1411 254 1494 aliquot
285 1410 472 1476 litterarum
504 1409 619 1493 capaci
652 1407 798 1490 notata),
833 1409 891 1475 sed
924 1410 957 1474 in
986 1410 1182 1493 antiquiore.
1232 1409 1280 1475 Ac

124 1521 220 1606 prior
246 1519 367 1585 lacuna
393 1519 428 1583 in
451 1516 619 1583 codicibus
641 1518 754 1583 multis
779 1538 796 1583 e
819 1517 844 1581 P
868 1519 949 1584 ortis
972 1519 1177 1603 ineptissimo
1205 1541 1283 1604 sup-

122 1626 290 1713 plemento
313 1647 493 1711 paucorum
514 1647 666 1691 versuum
689 1631 855 1708 utcunque
879 1626 1049 1693 occultata
1071 1634 1134 1693 est:
1164 1649 1281 1712 quam

124 1743 263 1802 restro
308 1736 561 1801 transissent
605 1732 717 1819 (quasi
757 1735 878 1800 milites
922 1756 989 1799 non
1022 1735 1169 1801 luxerint
1213 1737 1280 1801 cla-

124 1844 204 1910 dem
242 1851 276 1909 et
313 1850 453 1908 mortem
489 1843 726 1926 imperatorum
764 1842 922 1925 suorum).
984 1842 1060 1909 Sed
1094 1846 1281 1927 quoniam

125 1974 196 2019 vos
223 1953 452 2017 instructos
476 1957 515 2016 et
537 1950 752 2016 ordinatos
775 1972 974 2035 cognosco
998 1957 1185 2037 ceteraque,
1209 1975 1281 2038 quse

123 2062 161 2127 in
182 2059 385 2127 editionibus
409 2058 532 2141 (etiam,
556 2059 645 2145 quod
667 2059 829 2142 indignor,
852 2057 979 2141 nostra)
1002 2060 1156 2145 leguntur
1179 2083 1206 2127 c.
1229 2066 1281 2142 43,

125 2174 145 2235 9
178 2176 215 2236 11
249 2174 288 2234 10
322 2175 357 2234 11
389 2189 416 2233 c.
450 2174 506 2248 44,
550 2172 583 2246 1,
620 2167 751 2234 sublato
789 2170 891 2234 etiam
924 2167 1040 2249 verbo,
1081 2170 1170 2253 quod
1198 2171 1280 2235 inP

125 2284 202 2364 post
224 2277 380 2344 lacunam
409 2277 551 2361 primum
573 2283 639 2356 est,
669 2284 915 2357 armaverat,
944 2277 1044 2361 idque
1071 2278 1280 2362 supplemen-

126 2393 198 2452 tum
236 2388 352 2472 primae
396 2385 479 2450 Livii
524 2384 685 2451 aditiones
729 2386 834 2450 solum
880 2385 1014 2452 habent.
1075 2386 1140 2452 Sed
1184 2388 1217 2452 in
1258 2385 1279 2452 S

125 2495 306 2561 Rhenanus
333 2496 367 2559 in
394 2492 482 2559 foliis
503 2493 589 2559 libro
612 2493 734 2559 XXVII
755 2495 959 2579 interpositis
981 2517 1047 2560 non
1068 2495 1124 2560 ille
1148 2496 1278 2580 quidem

125 2605 246 2685 omnia,
280 2625 353 2689 quae
386 2603 579 2669 exciderant
612 2603 702 2682 (nam
730 2609 763 2668 et
790 2604 883 2667 initio
914 2603 1065 2688 quaedam
1093 2610 1126 2669 et
1154 2605 1187 2668 in
1216 2604 1279 2671 fine

124 2720 205 2779 ante
246 2733 274 2777 c.
311 2716 352 2776 44
396 2711 493 2795 plura
528 2709 695 2792 deerant),
745 2711 803 2777 sed
843 2719 953 2777 tamen
992 2711 1112 2777 bonam
1151 2720 1280 2796 partem

123 2821 260 2901 invenit,
288 2841 338 2901 ea,
366 2841 439 2905 quae
461 2820 496 2883 in
519 2819 718 2885 editionibus
741 2841 762 2884 a
785 2841 812 2885 e.
836 2826 886 2900 41,
912 2825 966 2886 18;
995 2820 1108 2885 Nunc
1131 2819 1187 2883 dii
1216 2822 1280 2885 im·

123 2928 325 2995 mortales
347 2949 449 3011 usque
472 2928 515 2993 ad
537 2948 564 2992 0.
584 2932 635 3008 43,
659 2932 694 2992 8:
718 2928 928 3013 Hispaniae
950 2929 1127 2993 imminet
1144 2928 1282 2993 Africa

124 3036 291 3122 leguntur.
346 3037 384 3103 In
418 3036 585 3103 codicibus
616 3042 725 3101 autem
753 3037 992 3102 recentioribus
1020 3059 1037 3101 e
1067 3036 1087 3102 S
1119 3037 1282 3118 derivatis,

124 3145 185 3213 sed
213 3146 353 3212 alterius
381 3147 495 3230 stirpis
518 3145 776 3229 interpolatione
799 3146 980 3230 inquinatis
1004 3145 1058 3227 (de
1082 3167 1146 3229 quo
1170 3147 1282 3210 statim

124 3254 250 3337 dicam)
283 3255 425 3339 genuina
457 3253 526 3319 haee
561 3253 642 3317 Livii
675 3275 769 3338 pars,
805 3275 878 3337 quae
912 3255 1072 3319 orationis
1105 3262 1140 3319 et
1172 3277 1283 3320 rerum

122 3362 234 3430 forma
268 3384 380 3430 omnes
413 3362 624 3447 antiquitatis
652 3368 751 3428 notas
780 3361 895 3443 habet,
930 3384 1006 3427 cum
1028 3362 1105 3428 ficto
1128 3363 1184 3428 illo
1207 3385 1283 3447 sup·

124 3471 293 3557 plemento
321 3469 466 3537 conflata
495 3471 542 3536 sic
567 3477 630 3551 est,
664 3478 702 3537 ut
730 3472 825 3537 initio
849 3493 1037 3555 perversum
1061 3471 1145 3535 illud
1167 3494 1284 3556 quam

123 3588 264 3647 vestro
300 3580 566 3659 transissent,
600 3580 733 3664 reliqua
762 3579 853 3663 (Sed
892 3581 1084 3663 quoniam
1112 3603 1179 3646 vos
1208 3580 1283 3663 cet.)

124 3688 183 3755 fini
214 3688 472 3772 adiungerentur
484 3687 528 3770 ¹),
569 3695 669 3772 atque
708 3690 757 3754 ita
789 3688 859 3755 haec
896 3687 1041 3753 conflata
1075 3690 1217 3773 primum
1250 3691 1284 3753 iu

193 3874 281 3928 snpra
302 3858 499 3927 (1110111111
526 3857 602 3926 edit.)
627 3875 801 3914 econsensu
830 3858 961 3915 codicum
979 3859 1237 3914 Nicomachcorum
1256 3865 1284 3913 11

192 3942 365 3999 Veronensis
396 3945 562 4013 monstravi,
607 3944 774 4013 pusillorum
817 3944 984 3999 mendorum
1018 3947 1049 3999 in
1085 3945 1285 4012 antiquissimis

193 4029 341 4085 codicibus
366 4031 600 4101 propagationem
625 4029 845 4085 confirmandam
866 4031 1062 4086 memorabiles
1087 4048 1194 4084 errores
1219 4048 1283 4083 cum

193 4114 216 4169 P
235 4132 404 4171 communes.
436 4115 508 4171 Nam
526 4116 644 4179 XXVII,
664 4119 704 4184 13,
722 4119 740 4170 4
758 4121 785 4169 11
802 4116 832 4170 in
850 4116 871 4169 P
891 4121 920 4170 et
938 4117 967 4170 in
985 4115 1008 4168 T
1026 4134 1077 4185 pro
1096 4115 1286 4184 fatigastis

193 4206 236 4256 est
257 4201 431 4271 fatigatis,
450 4202 548 4257 addito
573 4220 657 4272 supra
675 4220 787 4256 versum
805 4219 827 4271 s,
846 4208 874 4256 et
893 4201 909 4271 ξ
928 4205 944 4256 6
964 4203 992 4255 in
1011 4207 1131 4270 utroquo
1152 4202 1284 4255 scribitur

194 4304 270 4342 cum
288 4289 448 4343 exercitu
465 4307 513 4343 me
531 4290 629 4358 loqui
647 4306 700 4358 pro
718 4306 799 4356 meo,
820 4289 895 4356 quod
914 4289 943 4342 in
961 4287 984 4341 T
1003 4294 1148 4342 corrector
1166 4286 1267 4341 effecit.

155 4373 272 4443 ι11111,
292 4390 356 4443 quae
376 4374 540 4444 singulatim
558 4376 675 4445 exponit
692 4375 893 4429 Mommseniue
911 4375 992 4429 Anal.
1010 4374 1070 4430 Liv.
1091 4392 1118 4443 p.
1137 4375 1178 4427 38.
