2994 5108
220 480 282 534 Lib.
301 478 375 533 VIII
769 466 830 527 188

222 673 294 717 sua
317 672 338 716 a
360 650 540 735 publicis
567 649 769 732 consilia.)
816 649 956 734 [Eodem
979 671 1090 716 errore
1113 647 1202 729 VIII,
1227 651 1276 729 13,
1301 651 1320 713 3
1344 647 1380 713 in

221 759 247 824 P
270 781 330 844 pro
354 759 545 824 consiliis
569 758 724 824 scribitur
748 755 1050 840 consulibus.]¹)

309 867 387 953 Cap.
411 873 446 947 7,
475 871 516 930 20
539 873 573 932 et
596 870 652 931 21:
691 866 924 931 Exanimati
957 887 1094 932 omnes
1130 871 1212 931 tam
1245 865 1382 931 atroci

222 979 393 1062 imperio
423 1012 467 1022 —
495 983 602 1042 metu
636 975 763 1058 magis
798 995 914 1059 quam
948 975 1149 1041 modestia
1177 974 1380 1057 quievere.

222 1085 366 1170 Itaque
394 1083 509 1149 velut
538 1104 689 1149 emerso
713 1083 761 1147 ab
785 1082 1065 1149 admiratione
1090 1084 1234 1163 animo,
1263 1102 1383 1165 quum

224 1193 394 1259 silentio
424 1191 553 1256 defixi
583 1191 817 1269 stetissent,
845 1197 1030 1273 repente,
1058 1196 1275 1275 postquam
1298 1211 1383 1256 cer·

222 1302 308 1365 viee
339 1322 442 1366 caesa
470 1299 582 1364 fusus
613 1304 675 1363 est
703 1319 839 1377 cruor,
873 1303 954 1363 tum
987 1299 1118 1364 libero
1148 1304 1384 1383 conquestu

224 1416 374 1475 coortae
413 1428 530 1473 voces
564 1413 672 1485 sunt,
711 1412 754 1471 ut
793 1412 854 1471 cet.
905 1406 1009 1472 Prave
1049 1407 1205 1472 adverbio
1238 1407 1385 1491 itaque

223 1519 371 1602 proxime
400 1516 573 1582 subiicitur
599 1537 665 1579 non
693 1513 743 1591 id,
778 1513 866 1598 quod
895 1534 1099 1600 consequens
1128 1515 1291 1599 superiori
1321 1519 1383 1595 est,

223 1626 283 1692 sed
315 1627 349 1690 in
384 1624 586 1689 contrarium
621 1623 789 1687 conversio
824 1621 983 1703 (emersus
1018 1624 1147 1688 animus
1175 1644 1194 1688 e
1222 1622 1386 1707 stupore),

224 1742 257 1799 et
289 1733 359 1798 haec
394 1734 468 1816 ipsa
501 1732 721 1795 conversionis
754 1730 952 1814 significatio
980 1731 1201 1816 interpositis,
1236 1751 1311 1814 quae
1339 1730 1386 1797 ad

225 1843 430 1925 superiorem
460 1840 560 1903 animi
588 1839 738 1903 habitum
761 1839 946 1923 pertinent:
974 1860 1157 1923 —quum
1180 1873 1219 1885 -
1244 1840 1388 1905 stetis·

225 1956 328 2028 sent,
363 1947 530 2014 divellitur
552 1947 594 2011 ab
618 1968 658 2011 ea
678 1967 767 2025 voce,
801 1967 822 2011 a
845 1968 912 2030 qua
933 1949 1007 2033 ipsa
1031 1948 1256 2014 conversionis
1280 1948 1387 2031 signi·

224 2058 334 2123 ficatio
363 2059 508 2141 incipere
533 2055 685 2133 debebat,
706 2062 884 2139 repente.
936 2054 1011 2120 Una
1031 2056 1144 2120 littera
1168 2054 1318 2134 sublata,
1345 2061 1388 2121 ut

226 2166 391 2230 scribatur
414 2164 528 2229 velut
550 2183 670 2226 merso
694 2162 741 2227 ab
765 2162 1037 2228 admiratione
1060 2164 1210 2243 animo,
1240 2163 1389 2247 primum

226 2272 459 2339 describuntur
501 2273 603 2336 animi
642 2271 861 2335 admiratione
902 2276 935 2335 et
975 2276 1064 2335 metu
1103 2272 1267 2357 oppressi,
1314 2278 1389 2337 tum

224 2388 395 2466 repente
428 2380 519 2444 facta
552 2379 699 2443 mutatio.
755 2379 811 2444 Ab
846 2378 1120 2444 admiratione
1152 2378 1287 2445 Liuiano
1323 2402 1392 2447 usu

227 2490 346 2554 dicitur
369 2488 409 2553 de
433 2487 554 2552 affectu
576 2487 676 2550 animi
700 2487 827 2570 aliquid
846 2486 1009 2551 efficiente
1027 2485 1088 2567 (ab
1112 2487 1183 2566 ira,
1207 2486 1256 2552 ab
1281 2488 1391 2568 odio,

225 2597 273 2661 ab
302 2595 472 2677 invidia)
501 2618 561 2679 pro
585 2594 656 2660 solo
680 2594 834 2660 ablativo.
876 2592 998 2675 (1861.)
1049 2592 1220 2677 [Senserat
1243 2594 1392 2662 difficul-

226 2710 331 2769 tatem
355 2701 552 2786 Creverius.]

312 2813 361 2877 De
381 2833 451 2895 cap.
466 2816 494 2890 8,
519 2811 606 2895 quod
629 2817 723 2876 tanto
748 2832 846 2895 opere
869 2811 1067 2894 interpretes
1090 2804 1392 2895 institutorumque

226 2921 450 2985 Romanorum
479 2926 689 2984 enarratores
719 2920 881 2998 exercuIt,
911 2917 994 2982 nihil
1022 2917 1180 2997 estsere,
1209 2919 1301 3001 quod
1323 2918 1392 2987 hoc

226 3029 299 3093 loco
329 3029 451 3107 dicam3
485 3048 591 3109 neque
626 3028 712 3091 enim
747 3034 815 3090 tam
842 3026 1018 3091 verborum
1049 3026 1281 3093 emendatione
1311 3035 1392 3113 eget

227 3157 325 3220 quam
359 3142 474 3218 aperta
507 3141 541 3198 et
569 3133 709 3218 simplici
738 3133 978 3211 declaratione,
1012 3155 1079 3217 qua
1105 3135 1235 3200 ratione
1263 3135 1392 3218 Livius,

227 3265 323 3324 quem
347 3265 367 3307 a
389 3250 535 3306 veterum
564 3243 790 3306 institutorum
818 3247 851 3305 et
878 3244 1143 3325 perscrutatione
1172 3242 1329 3326 diligenti
1357 3251 1395 3311 et

227 3350 455 3430 intellegentia
482 3350 578 3431 longe
601 3357 764 3414 remotum
786 3350 889 3414 fuisse
912 3351 1060 3414 novimus
1084 3357 1117 3414 et
1139 3351 1172 3413 in
1196 3351 1393 3418 huiusmodi

226 3456 326 3520 rebus
350 3457 553 3539 explicandis
576 3459 680 3539 magis
699 3457 843 3522 colorem
861 3458 1023 3540 quendam
1041 3459 1227 3538 vetustatis,
1251 3462 1393 3526 summis

227 3585 336 3628 rerum
364 3565 540 3647 perleviter
569 3566 736 3644 delibatis,
772 3572 921 3649 captasse
950 3586 1049 3649 quam
1077 3567 1288 3649 perspicuam
1319 3590 1392 3635 cer·

257 3736 278 3800 ¹)
299 3731 315 3802 ξ
337 3736 369 3787 10
386 3739 463 3787 recte
481 3734 513 3786 A.
532 3734 694 3787 Perizonius
712 3735 775 3788 tolli
793 3734 884 3788 voluit
902 3752 958 3802 eo,
981 3752 1069 3804 pravo
1087 3751 1156 3788 casu
1173 3734 1305 3791 additum
1325 3742 1393 3793 ante

297 3819 390 3888 quod
417 3820 481 3886 (vid.
506 3837 629 3888 prooem.
654 3837 681 3888 p.
707 3823 739 3873 14
762 3820 843 3887 ima);
870 3821 1047 3874 accusativus
1071 3821 1146 3873 enim
1169 3820 1241 3889 poni
1265 3820 1392 3877 debebat

298 3905 334 3958 ad
360 3910 550 3974 usurpate,
576 3905 651 3972 quod
674 3905 803 3958 absolute
828 3906 884 3958 dici
908 3907 1012 3973 nequit.
1054 3905 1128 3971 Nec,
1153 3905 1224 3974 quid
1239 3908 1392 3977 postulent

295 3990 406 4057 Latini,
434 3991 539 4058 agitur,
567 3990 616 4043 sed
639 3996 671 4043 ut
692 3990 737 4057 id,
764 3990 840 4058 quod
858 3992 943 4044 tacite
962 3993 1149 4059 concedatur,
1176 3997 1321 4062 usurpent
1337 4010 1390 4064 po·

298 4075 438 4128 stulando.
482 4073 557 4143 [Cap.
583 4078 613 4141 5,
638 4079 654 4129 3
677 4075 797 4129 fortasse
815 4077 972 4129 tollendum
991 4082 1034 4130 est
1058 4095 1150 4131 nunc
1173 4081 1243 4146 post
1260 4078 1391 4150 benig-

297 4161 424 4226 nitate,
443 4166 596 4213 retractum
614 4161 669 4214 hnc
687 4178 721 4214 ex
739 4161 869 4214 inferiore
887 4162 966 4215 loco:
990 4180 1080 4217 nune
1106 4163 1217 4216 etiam
1233 4163 1392 4221 Volscis.

296 4244 369 4298 Nam
387 4251 416 4298 et
434 4246 533 4297 vitiose
551 4245 612 4299 haec
631 4245 823 4299 cumulantur:
843 4246 995 4316 Tempus
1014 4249 1268 4317 erat—iam-,
1287 4267 1394 4319 quum

296 4359 329 4367 -
349 4347 440 4383 nunc
459 4358 492 4366 —
510 4330 704 4395 videretis,
730 4336 760 4384 et
777 4331 967 4398 incommode,
990 4334 1045 4387 hec
1063 4334 1262 4403 praecedente,
1286 4334 1395 4392 deinde

297 4415 478 4482 subiungitur
495 4433 585 4468 nunc
605 4416 713 4468 etiam
731 4415 762 4469 in
779 4416 905 4470 notando
923 4435 997 4470 novo
1015 4418 1113 4486 gradu
1144 4416 1234 4488 1861]
