2994 5108
209 123 271 179 Lib.
290 123 374 178 XXV.
757 111 819 174 358

210 297 289 362 vult.
340 295 419 380 [Cir.
443 297 483 376 X,
508 300 557 378 33,
583 301 615 360 l:
645 295 840 361 cohortes
861 331 914 376 -,
942 315 1027 380 quae
1049 296 1239 381 proximae
1260 291 1368 360 forte

212 403 352 488 erant]
404 404 472 471 Sub
501 404 600 470 finem
628 404 749 489 capitis
773 402 804 487 (ᾗ
829 403 882 487 12)
905 425 971 469 non
998 410 1089 470 recte
1112 404 1277 499 deiecta
1298 403 1369 469 ho·

212 514 332 579 stium
361 519 503 578 castra
532 513 598 577 diei
620 512 700 578 mihi
722 512 891 592 videntur,
925 532 998 596 quae
1021 534 1128 599 neque
1150 514 1226 598 ipsa
1247 512 1369 578 emine·

210 622 293 687 bant
321 621 609 705 (quemadmodum
637 621 790 687 columna
817 620 914 686 deiici
943 621 1079 704 dicitur)
1106 642 1213 704 neque
1236 641 1276 687 ex
1298 620 1368 686 alto

212 738 246 795 et
280 731 436 794 eminenti
470 730 543 794 loco
577 731 610 793 in
645 729 835 794 inferiorem
864 729 999 795 detrusa
1026 736 1119 811 sunt,
1152 729 1211 795 sed
1238 734 1369 794 vastata

212 838 304 921 (igni,
328 844 365 902 ut
388 839 514 921 opinor,
537 837 688 920 iniecto);
712 838 886 921 potuitque
909 837 1087 903 deiectis
1108 837 1207 904 facile
1230 838 1311 904 oriri
1329 861 1370 905 ex

127 954 197 1024 (293)
216 946 375 1011 deletis.
426 945 573 1011 Deleta
595 952 715 1024 castra,
745 965 818 1027 quae
840 945 907 1028 igni
930 952 1125 1030 consumpta
1146 953 1232 1026 sunt,
1260 946 1370 1013 Livius

213 1055 296 1119 dixit
317 1054 419 1133 XXX,
443 1059 471 1133 6,
497 1060 524 1118 6.
559 1054 729 1118 Deiecto
751 1074 811 1136 pro
835 1052 972 1119 deleta
995 1038 1104 1136 (urbs)
1127 1056 1160 1119 in
1182 1054 1254 1120 cod.
1271 1054 1370 1121 Bam·

212 1162 363 1245 bergensi
387 1161 543 1227 scribitur
565 1161 684 1241 XXXI,
708 1165 757 1241 29,
783 1165 832 1225 11.

299 1270 378 1355 Cap.
406 1276 453 1350 15,
478 1275 534 1333 20:
570 1268 757 1334 Ceterum
781 1269 930 1350 (Fulvius
953 1276 988 1334 et
1012 1268 1170 1337 Claudius
1193 1271 1370 1354 consules),

212 1400 259 1446 ne
298 1379 578 1445 Beneventum
624 1378 710 1442 sine
756 1375 949 1461 praesidio
995 1385 1107 1444 esset
1152 1385 1192 1445 et
1237 1385 1283 1444 nt
1322 1379 1370 1444 ad

213 1486 351 1553 subita
389 1486 504 1566 belli,
547 1487 581 1551 si
613 1484 835 1564 Hannibal,
878 1487 986 1568 quod
1024 1486 1230 1552 facturum
1263 1486 1369 1553 haud

214 1596 477 1675 dubitabant,
523 1594 571 1658 ad
616 1614 727 1676 opem
775 1593 984 1658 serendam
1030 1595 1157 1661 sociis
1196 1592 1371 1679 Capuam

212 1706 411 1783 venisset,
441 1703 603 1785 equites
632 1702 708 1764 vim
730 1703 937 1767 sustinere
961 1710 1143 1786 possent,
1173 1702 1227 1768 Ti.
1252 1701 1371 1768 Grac·

214 1811 326 1877 chum
361 1834 404 1876 ex
434 1811 608 1875 Lucanis
644 1831 730 1874 curn
759 1811 951 1893 equitatu
979 1831 1024 1886 ac
1051 1810 1132 1876 levi
1161 1816 1372 1877 armatura

213 1919 489 1984 Beneventum
512 1919 650 1983 venire
675 1917 827 1983 iubent.
879 1917 953 1984 Non
976 1924 1044 1983 tam
1067 1918 1100 1983 id
1123 1918 1273 1985 consules
1296 1939 1372 2003 pro·

215 2029 360 2110 spexisse
384 2029 509 2111 opinor,
533 2033 570 2090 ut
592 2027 719 2109 equites
743 2025 817 2107 (sui,
841 2027 928 2111 quod
952 2026 1033 2092 dure
1057 2028 1164 2109 abest)
1187 2028 1252 2092 vim
1274 2028 1372 2093 susti·

214 2157 293 2200 nere
327 2142 461 2219 possent
489 2135 591 2218 (quod
626 2135 736 2219 ipsum
767 2135 864 2199 nimis
892 2133 1018 2200 infinite
1048 2137 1117 2201 sine
1146 2135 1299 2219 genetivo
1323 2135 1371 2199 di-

217 2244 333 2325 citur),
363 2264 461 2328 quam
489 2249 526 2307 ut
549 2243 613 2327 ipsi
637 2243 770 2307 omnino
792 2244 960 2326 equitatus
982 2243 1114 2323 Punici,
1142 2264 1206 2326 quo
1230 2244 1371 2315 maxime

214 2351 378 2417 Hannibal
402 2352 552 2435 superior
575 2358 662 2429 erat,
696 2353 761 2415 vim
784 2351 997 2431 sustinerent,
1027 2358 1061 2416 ct
1083 2351 1158 2417 ideo
1182 2349 1373 2417 Gracchum

216 2481 290 2525 cum
313 2462 466 2544 equitatu
489 2467 522 2525 et
544 2460 608 2525 levi
631 2466 799 2524 armatura
820 2460 1037 2531 arcessivisse.
1082 2460 1199 2542 ltaque
1223 2459 1375 2545 suspicor

215 2591 306 2653 poene
329 2570 456 2633 Livium
479 2569 666 2653 scripsisse:
690 2568 842 2651 equitis
866 2567 1041 2648 (equitum)
1064 2569 1139 2632 vim
1163 2568 1373 2635 sustinere

215 2686 391 2762 possent.
451 2676 603 2742 Ceterum
633 2696 750 2760 pamm
773 2682 927 2740 accurate
951 2676 1021 2740 haec
1043 2683 1305 2760 componuntnr:
1333 2683 1374 2742 et

215 2795 258 2851 ut
297 2787 345 2851 ad
390 2787 526 2851 subita
559 2784 659 2850 belli
694 2819 736 2829 -
771 2784 929 2865 equitis
972 2784 1053 2864 (sive
1087 2784 1265 2867 equites)
1298 2785 1373 2850 vim

217 2896 424 2958 sustinere
454 2900 639 2978 possent3
675 2893 777 2956 multo
807 2894 928 2956 rectius
957 2893 1103 2957 futurum
1132 2899 1220 2958 erat:
1256 2900 1296 2958 et
1324 2892 1373 2957 ad

217 3003 354 3066 subita
377 3002 486 3082 belli,
517 3008 568 3080 ut,
593 3003 626 3064 si
649 3006 720 3079 cet,
743 3001 884 3084 primum
908 3003 1058 3066 universo
1082 3001 1229 3079 consilio,
1254 3001 1372 3067 deinde

220 3111 386 3193 praecipua
408 3116 504 3193 parte
527 3109 680 3173 indicata.

303 3217 381 3301 Cap.
409 3223 462 3296 16,
493 3222 511 3279 3
536 3217 605 3298 (ubi
635 3217 675 3280 de
705 3217 789 3281 extis
813 3237 832 3280 a
856 3218 1064 3301 serpentibus
1094 3218 1204 3283 adesis
1233 3217 1373 3301 agitur):

216 3332 337 3410 atque
371 3327 573 3390 intentius
604 3331 698 3388 exta
726 3333 1048 3390 reservarentur.
1107 3325 1180 3390 Non
1212 3316 1384 3407 agebatur

218 3435 258 3498 de
292 3434 499 3498 reservandis
534 3434 575 3497 ad
610 3433 709 3496 aliurn
744 3455 838 3497 usum
872 3436 970 3512 extis,
1005 3433 1061 3498 sed
1086 3433 1125 3496 dc
1149 3432 1319 3496 servandis
1342 3437 1374 3495 et

216 3524 448 3607 custodiendis.
503 3542 618 3625 ltaque
653 3541 863 3605 scribendum
894 3550 943 3606 est
966 3537 1373 3619 servarentur3—nisi

217 3652 301 3716 forte
337 3672 375 3714 ex
413 3650 549 3715 confusa
583 3649 704 3713 codicis
734 3649 758 3711 P
789 3650 953 3732 scriptura
988 3655 1373 3713 extaresereserva·

217 3769 364 3824 rentur
388 3759 472 3823 effici
497 3758 597 3823 debet
620 3765 805 3823 extorum
829 3757 942 3822 seriae
966 3762 1239 3822 servarentur.
1277 3755 1373 3836 (1862

217 3875 251 3932 et
282 3868 387 3948 1876.)
439 3865 455 3948 ξ
485 3872 504 3928 8
534 3866 574 3929 de
605 3866 706 3929 Flavo
734 3866 867 3930 Lucano
897 3887 970 3929 cum
993 3864 1133 3947 Magone
1160 3862 1300 3927 insidias
1328 3860 1373 3925 Ti.
