2994 5108
687 461 747 521 539
1058 470 1119 524 Lib.
1151 470 1304 525 XXXVIII.

550 756 642 837 Lib.
678 754 912 836 XXXVIII.

229 973 307 1057 Gap.
329 981 373 1050 ·l‚
409 981 429 1036 4
463 981 494 1037 et
529 972 625 1052 5(de
659 972 860 1055 Amynandri
899 973 1043 1037 consiliis
1082 975 1300 1058 recuperandi

155 1081 361 1147 Athamaniae
384 1082 504 1162 regni):
528 1081 769 1160 remissique
788 1080 920 1142 nuntii
940 1080 1047 1145 abeo
1067 1082 1302 1165 (Ampnandro)
1324 1167 1326 1170 y

146 1189 196 1254 ad
219 1189 429 1272 principes
447 1186 682 1269 Argitheam
705 1186 760 1266 (id
784 1186 889 1250 enirn
908 1195 1030 1270 caput
1047 1188 1302 1254 Athamaniae

145 1297 265 1378 erat),
296 1297 328 1361 si
351 1296 613 1380 popularium
642 1296 798 1358 animos
827 1294 929 1356 satis
963 1304 1204 1379 perspectos
1234 1298 1302 1361 ha·

146 1402 276 1481 beret,
294 1405 516 1486 impetrato
537 1403 584 1466 ab
602 1401 750 1465 AEtolis
768 1400 938 1478 auxilio,
962 1403 1000 1465 in
1018 1403 1302 1468 Athamaniam

144 1531 185 1576 ae
212 1518 426 1575 venturum
450 1532 534 1575 cum
569 1509 747 1573 delectis
780 1507 1017 1581 AEtolorum‚
1047 1512 1147 1593 quod
1171 1505 1302 1575 consi-

146 1616 243 1682 lium
261 1626 369 1683 esset
388 1618 537 1699 gentis,
554 1623 593 1681 et
610 1615 814 1680 Nicandro
833 1622 1014 1696 praetore.
1040 1616 1145 1693 Quos
1170 1619 1236 1683 ubi
1254 1619 1301 1683 ad

152 1726 282 1790 omnia
304 1733 473 1809 paratos
497 1744 587 1788 esse
609 1723 726 1799 vidit,
758 1724 961 1787 certiores
993 1725 1164 1790 subinde
1189 1726 1301 1801 facit,

145 1852 221 1914 quo
235 1833 297 1898 die
311 1854 395 1899 cum
409 1830 884 1897 exercituAthamaniam
904 1831 1166 1912 ingressurus
1180 1842 1299 1898 esset.

147 1939 230 2005 Mire
253 1963 319 2006 non
342 1941 446 2005 solum
469 1961 542 2003 cum
566 1939 711 2002 exercitu
740 1959 773 2000 se
802 1945 973 2001 venturum
996 1939 1204 2021 Amynander
1227 1964 1301 2023 pro-

145 2048 256 2125 mittit,
278 2048 335 2112 sed
359 2069 431 2112 curn
455 2055 525 2112 toto
548 2045 733 2110 AEtolorum
757 2045 902 2122 consilio,
926 2047 1013 2126 quod
1037 2047 1116 2110 alibi
1139 2069 1301 2130 nusquam

147 2176 282 2239 peregre
305 2156 488 2238 profectum
511 2154 590 2236 legi,
625 2160 755 2217 etcum
779 2174 903 2216 summo
933 2154 1145 2235 magistrat-u,
1179 2155 1210 2220 ct
1239 2156 1301 2220 hoc

147 2266 308 2346 promittit
337 2263 481 2327 nondum
514 2260 633 2325 AEtolis
664 2259 827 2340 (delectis)
859 2261 1027 2325 consultis.
1073 2263 1153 2325 Nam
1184 2271 1301 2345 postea

148 2370 279 2435 demum
302 2391 359 2435 eos
394 2370 441 2435 ad
469 2371 601 2434 omnia
628 2376 799 2450 puratos
822 2367 925 2440 ridet,
950 2369 1036 2448 quod
1059 2370 1167 2452 ipsum
1190 2372 1300 2453 inepte

150 2477 330 2556 subiicitur,
364 2500 430 2542 non
464 2477 620 2554 indicato,
651 2476 896 2558 Amynandrum
927 2496 999 2539 curu
1028 2477 1067 2540 iis
1091 2478 1214 2558 egisse,
1239 2479 1300 2542 etsi

145 2586 219 2668 ipsa
241 2586 399 2650 orationis
416 2584 522 2649 forma
545 2582 665 2663 (Quos
688 2583 754 2646 ubi
780 2618 817 2626 —
843 2583 959 2662 vidit)
984 2594 1097 2666 aperte
1116 2584 1299 2666 significare

147 2693 286 2771 ridetur,
304 2692 428 2774 aliquid
446 2692 632 2756 huiusmodi
655 2691 874 2773 praecessisse.
909 2690 999 2755 Infra
1023 2690 1053 2773 (ξ
1079 2695 1110 2770 9)
1135 2692 1300 2776 Amynan-

147 2800 205 2867 der
227 2822 312 2865 cum
336 2800 450 2865 mille
473 2799 621 2864 AEtolis
645 2797 780 2877 (auxilio
798 2798 990 2879 impetrato)
1014 2800 1046 2862 in
1065 2799 1297 2864 Athamaniam

144 2909 273 2973 venisse
301 2915 471 2987 narratur;
505 2906 707 2971 delectorum
737 2905 989 2988 (apocletorum)
1021 2907 1149 2972 consilii
1180 2918 1300 2990 prato-

142 3016 227 3080 risve
243 3016 335 3079 nulla
358 3017 480 3079 mentio
502 3015 548 3078 fit.
582 3013 681 3078 Illud:
707 3012 809 3093 quod
828 3014 1045 3077 consilium
1070 3024 1179 3078 esset
1203 3037 1290 3097 gen·
1310 3016 1386 3084 (437)

142 3125 197 3188 tis
228 3143 328 3204 quam
357 3124 467 3206 inepte
497 3122 530 3185 in
561 3143 600 3185 ea
622 3121 860 3197 includeretur,
892 3142 964 3203 quae
987 3122 1193 3203 Amynander
1215 3143 1295 3186 nun-

142 3230 222 3295 tiari
233 3230 473 3294 Athamanibus
496 3231 646 3293 iussisset
659 3228 767 3308 (quasi
784 3227 985 3291 Athamanes
1004 3230 1144 3293 docendi
1167 3228 1296 3303 fuerint,

146 3339 282 3421 quinam
316 3347 427 3402 essent
461 3337 643 3401 AEtolorum
678 3334 850 3418 apocleti)‚
882 3337 981 3398 etiarn
1009 3335 1296 3401 Weissenbornius

144 3447 257 3511 sensit.
290 3444 381 3509 Nihil
398 3443 604 3509 manifestius
618 3465 715 3526 qutun
734 3441 860 3525 aliquid
878 3443 1046 3507 excidisse.
1080 3444 1191 3508 Livius
1210 3447 1296 3508 enirn

145 3552 295 3621 adhunc
316 3552 454 3617 formam
476 3553 668 3634 scripserat:
701 3585 740 3594 -
768 3552 807 3613 in
831 3549 1114 3615 Athamaniam
1139 3574 1178 3615 se
1208 3574 1294 3616 ven-

142 3666 290 3726 turum.
335 3660 416 3740 Agit
440 3659 578 3722 deiude
602 3680 686 3722 oum
717 3658 891 3721 delectis
915 3657 1150 3737 AEtolorum,
1184 3659 1293 3739 quod

142 3767 360 3832 consilium
393 3777 448 3830 cst
477 3769 625 3850 gentica,
661 3774 698 3830 et
732 3764 937 3828 Nicandro
971 3774 1159 3847 praetore3
1195 3787 1294 3847 quos

142 3874 209 3939 ubi
231 3881 293 3939 cet.
340 3874 461 3940 Similis
483 3876 603 3940 lacuna
633 3874 776 3937 omnium
806 3871 956 3935 codicum
979 3874 1012 3937 in
1036 3894 1106 3956 cap.
1132 3877 1160 3951 9,
1185 3877 1203 3935 9
1227 3873 1293 3956 pri·

140 3981 216 4047 dem
239 3983 466 4048 animadversa
488 3990 547 4059 est,
571 3984 606 4045 in
629 4001 655 4044 c.
674 3983 724 4057 28,
751 3984 768 4042 6
792 3978 891 4060 paulo
910 3987 985 4061 post
1004 3980 1292 4057 demonstrabitur,

133 4090 175 4152 in
192 4092 363 4173 superiore
382 4097 491 4154 autem
508 4089 594 4153 libro
617 4109 644 4151 c.
671 4091 718 4164 10,
745 4092 781 4149 ll
806 4106 826 4148 a
849 4085 1009 4166 Creverio,
1033 4089 1065 4151 in
1089 4088 1217 4165 XXXV,
1242 4092 1291 4165 34,

142 4202 161 4260 1
184 4218 205 4262 a
226 4197 496 4262 Weissenbornio
520 4195 723 4278 deprehensa
752 4201 816 4272 est,
846 4214 944 4274 quam
972 4195 1039 4276 ipse
1063 4217 1193 4279 quoque
1216 4203 1292 4259 ante

130 4304 262 4369 multos
291 4325 394 4370 annos
421 4313 581 4370 notatam.
626 4303 700 4366 Alia
730 4302 880 4384 exempla
909 4311 1081 4367 occurrent
1114 4302 1290 4382 XXXVIII,
