2994 5108
728 485 771 551 tt
1224 495 1326 556 mar

168 677 279 744 satis
312 675 423 754 dere,
462 674 567 740 satis
606 678 747 758 petere
781 673 915 738 damni
949 671 1096 739 iniecti
1130 680 1168 769 et
1197 672 1326 754 similia,

167 785 324 871 genetivo
357 781 605 850 accommodato
639 782 684 847 ad
710 803 829 848 novam
855 783 1025 849 notionem
1052 784 1192 849 nominis
1214 783 1327 865 satis,

168 893 265 980 quod
297 892 327 960 si
358 914 426 959 non
458 893 568 976 ipsum
600 890 688 975 apud
717 888 908 958 Ciceronem
943 892 1064 958 excidit
1099 891 1203 976 (quod
1231 891 1327 958 vehe-

171 1009 303 1069 menter
329 1000 509 1086 suspicor),
544 997 662 1065 saltem
693 1020 732 1064 ex
761 999 819 1066 illo
848 1021 909 1066 usu
933 1001 1054 1079 (satis
1082 1000 1327 1085 promittere

169 1112 309 1178 damni
329 1108 489 1191 inlecti)
508 1107 640 1174 brevior
650 1107 845 1174 illalocutio
858 1115 933 1175 orta
944 1116 1008 1190 est3
1032 1110 1067 1174 in
1083 1108 1328 1177 condicendi

172 1220 275 1288 verbo
308 1218 391 1284 nihil
424 1224 475 1284 est
508 1217 623 1283 simile.
684 1215 835 1297 Accedit,
876 1217 965 1302 quod
1000 1218 1164 1282 communi
1195 1239 1328 1284 rerum

37 1314 39 1318 Α
170 1327 336 1396 vocabulo
365 1331 442 1410 apte
471 1324 706 1410 superadditur
733 1326 836 1409 magis
859 1326 1029 1410 proprium
1051 1326 1187 1391 litium
1208 1348 1328 1393 nomen

174 1438 225 1521 (in
253 1459 318 1520 quo
346 1437 381 1500 in
407 1439 550 1500 mentem
578 1434 669 1500 venit
690 1455 764 1499 cum
785 1434 855 1499 risu
877 1435 1021 1500 inductae
1043 1455 1064 1499 a
1087 1432 1244 1501 Cicerone
1266 1456 1327 1520 pro
1447 1448 1450 1454 '

170 1545 313 1612 Murena
339 1565 365 1608 c.
398 1546 437 1606 12
472 1543 676 1626 quaestionis,
710 1562 792 1607 rem
825 1562 868 1607 an
895 1542 1008 1609 litem
1042 1543 1107 1608 dici
1136 1544 1329 1627 oporteret),

172 1654 284 1720 minus
306 1658 392 1737 apte,
417 1650 506 1735 quod
529 1652 610 1716 iuris
633 1651 804 1735 proprium
826 1672 893 1717 non
916 1652 1014 1717 estin
1030 1650 1092 1717 hac
1110 1658 1329 1718 controversa

173 1764 225 1830 rei
253 1759 505 1846 significatione,
539 1779 759 1825 causarum.
809 1759 940 1842 ltaque,
974 1761 1037 1825 etsi
1060 1758 1192 1826 difficile
1215 1767 1267 1826 est
1290 1760 1330 1826 de

171 1869 364 1937 huiusmodi
401 1867 567 1934 veteribus
607 1867 779 1934 verborum
818 1868 967 1934 formulis
1007 1868 1178 1949 iudicium,
1218 1875 1329 1936 tamen

174 1979 273 2045 valde
296 1978 454 2062 suspicor,
479 1977 606 2042 Livium
630 1978 819 2060 scripsisse:
842 1998 1007 2060 quarum
1029 1997 1171 2058 rerum,
1193 1978 1331 2044 litium

172 2108 301 2154 causa
339 2085 526 2152 condixit
565 2092 682 2169 pater
714 2092 907 2169 patratus
942 2091 1022 2165 cet,
1061 2086 1184 2152 codicis
1218 2093 1331 2154 autem

172 2195 345 2280 archetypi
373 2193 516 2260 scribam
542 2191 706 2276 frequenti
736 2193 867 2259 errandi
889 2214 1007 2277 genere
1030 2194 1107 2276 (vid.
1131 2216 1275 2279 prooem.
1298 2219 1330 2281 p.

177 2304 234 2386 10)
264 2304 306 2369 ad
335 2303 418 2369 duos
441 2301 607 2387 genetivos
630 2303 699 2367 sine
723 2304 949 2368 coniunctione
972 2304 1099 2388 positos
1121 2305 1256 2369 tertium
1278 2324 1330 2371 ac·

172 2411 413 2480 commodasse.
468 2411 608 2495 Propter
635 2431 687 2476 res
711 2417 744 2476 et
766 2411 842 2477 lites
865 2411 1053 2478 condictum
1075 2418 1161 2492 erat,
1185 2413 1247 2479 hoc
1270 2421 1330 2494 est,

175 2522 393 2608 postulatum,
422 2526 459 2585 ut
481 2517 703 2600 satisfieret.¹)
759 2519 862 2584 Paulo
886 2527 961 2604 post
983 2517 1014 2603 (ᾖ
1040 2519 1108 2602 12),
1137 2520 1195 2586 ubi
1218 2521 1331 2588 Livius

173 2629 307 2696 hastam
335 2649 356 2693 a
382 2627 488 2694 fetiali
522 2629 555 2692 in
583 2626 727 2692 hostium
754 2626 837 2693 fines
864 2629 953 2693 mitti
980 2629 1014 2693 in
1042 2627 1129 2695 bello
1157 2629 1331 2698 indicendo

175 2738 310 2805 solitam
343 2741 577 2803 commemorat
616 2734 789 2817 (hastam
827 2736 1026 2802 ferratam
1065 2743 1134 2802 aut
1167 2740 1331 2822 sangui-

174 2867 290 2912 neam
311 2845 559 2930 praeustam),
587 2863 754 2926 nunquam
776 2844 966 2929 intellegere
989 2846 1092 2929 potui,
1116 2866 1182 2927 qua
1203 2847 1332 2913 ratione

175 2955 281 3021 hastae
302 2955 435 3020 ferrata
456 2955 623 3019 contraria
645 2960 823 3036 poneretur
844 2954 1039 3036 sanguinea,
1069 2953 1135 3018 sive
1158 2973 1211 3033 ea,
1241 2954 1330 3038 quod
1347 2961 1401 3032 (46)

175 3070 214 3128 et
233 3083 287 3128 res
310 3063 385 3146 ipsa
405 3061 575 3145 postulare
597 3061 728 3127 videtur
751 3068 784 3126 et
800 3061 964 3127 Ammiani
980 3060 1163 3127 Marcellini
1185 3061 1333 3128 eiusdem

177 3172 264 3237 ritus
287 3168 482 3255 significatio
506 3169 608 3252 (XIX,
636 3178 666 3234 1:
696 3169 817 3235 hasta
838 3171 1036 3254 sanguine
1059 3168 1229 3251 iniectc;
1256 3190 1332 3236 nam

175 3286 247 3362 cepe
279 3284 429 3360 αἱματῶδες
457 3277 547 3363 apud
574 3268 714 3344 Dionem
742 3276 892 3344 Cassium
922 3278 1040 3357 LXXI,
1076 3281 1116 3343 33
1145 3279 1333 3363 ambiguum

178 3389 255 3470 est),
283 3393 420 3453 cruenta
441 3386 650 3470 intellegitur,
675 3388 837 3469 quomodo
861 3388 1108 3470 sanguineus
1132 3387 1220 3471 apud
1244 3388 1333 3454 solos

177 3503 302 3582 poetas.
320 3496 443 3562 dictum
463 3496 608 3580 reperio,
637 3495 706 3560 sive
733 3497 904 3585 sanguinei
931 3495 1050 3561 coloris
1080 3494 1333 3581 (blutfarbig,

178 3627 246 3671 non
268 3602 555 3687 blutgefiirbt);
578 3624 655 3668 nam
677 3605 842 3669 cruentari
865 3603 1012 3670 coloreve
1035 3602 1123 3669 infici
1145 3624 1210 3669 non
1227 3606 1334 3672 minus

177 3713 305 3779 ferrata
326 3712 426 3778 hasta
446 3718 588 3797 poterat.
638 3711 721 3778 Tum
744 3713 811 3778 sive
833 3713 1095 3796 sanguineam
1117 3719 1335 3797 praeustam

178 3842 248 3888 una
267 3823 400 3889 notione
422 3820 691 3904 comprehendas,
712 3821 835 3901 nescio,
859 3822 937 3904 quid
959 3827 1104 3906 praeusta
1125 3821 1224 3887 hasta
1246 3842 1334 3887 com·

179 3951 279 3996 mune
300 3929 423 3995 habeat
445 3950 519 3994 cum
542 3930 737 4012 sanguinea,
768 3930 844 4009 sive,
874 3929 963 4012 quod
984 3928 1205 3995 membrorum
1227 3950 1334 4012 aequa-

178 4037 260 4104 litas
298 4037 416 4105 suadet
448 4042 482 4103 et
515 4039 616 4121 cogit,
655 4044 839 4122 praeustae
872 4037 1053 4122 appellatio
1086 4036 1129 4101 ad
1162 4042 1334 4120 utramque

213 4292 237 4359 ¹)
254 4290 356 4361 [Minus
381 4292 529 4363 probabile
555 4263 679 4361 ridetur,
706 4293 781 4362 quod
807 4292 857 4347 Tin
884 4293 1020 4363 Bergkius
1047 4308 1227 4350 causarum
1254 4307 1334 4360 ergo

253 4378 335 4434 ronti
351 4376 462 4448 voluit]
