2994 5108
681 477 742 541 733
1117 493 1179 549 Lib.
1198 494 1282 550 XLV.

134 660 228 745 voce)
261 662 389 745 codice;
428 661 560 729 sublata
593 665 678 729 enim
716 685 783 729 una
809 662 938 744 littera,
972 664 1181 732 scribendum
1221 675 1288 734 est:

134 777 338 854 tamquam
361 771 585 838 animali-
608 772 824 838 distracto.
859 773 984 839 Deinde
1003 781 1093 839 recte
1110 773 1289 857 Bekkerus,

136 881 188 944 cui
209 881 409 946 recentiores
423 862 669 961 adsentiuntur,
693 882 930 947 commercio
953 902 1125 949 revocasse
1143 884 1288 966 videtur3

134 1008 211 1053 nam
235 991 474 1054 commercio
505 990 760 1074 interruptus
789 989 905 1055 eodem
927 989 1023 1056 modo
1045 990 1157 1057 Livius
1181 993 1289 1060 dicere

134 1097 260 1179 potnit,
288 1117 353 1180 quo
377 1096 491 1165 Cicero
520 1100 554 1163 in
578 1097 711 1163 Somnio
740 1097 901 1182 Scipionis
925 1120 951 1163 c.
982 1104 1011 1179 6,
1034 1103 1075 1165 20
1104 1121 1185 1182 eos,
1220 1106 1289 1188 qui

134 1205 319 1272 incolant
339 1213 501 1286 terram,
526 1207 787 1291 interruptos
805 1207 864 1271 ita
886 1228 976 1272 esse
1001 1208 1094 1289 dicit,
1117 1217 1162 1276 ut
1183 1211 1289 1277 nihil

135 1312 242 1378 inter
268 1315 383 1398 ipsos
412 1315 459 1380 ab
494 1315 595 1381 aliis
623 1314 671 1380 ad
706 1314 810 1380 alios
844 1336 1004 1381 manare
1037 1318 1180 1401 possit.
1225 1317 1290 1384 Sed

135 1421 223 1503 quod
245 1422 288 1487 ad
310 1422 497 1489 lacerata
519 1432 596 1508 post
618 1423 817 1489 Gronovium
840 1423 948 1488 audiri
966 1431 1088 1509 putant
1108 1425 1290 1494 Macedo·

134 1531 202 1595 nia
224 1552 264 1595 ex
286 1533 337 1611 iis,
361 1551 433 1617 quae
455 1540 646 1614 sequuntur,
670 1531 727 1597 ubi
748 1532 859 1598 Livius
884 1555 923 1598 ex
942 1554 1004 1598 sua
1020 1554 1165 1616 persona
1181 1536 1289 1602 Mace·

136 1639 257 1706 donum
279 1639 435 1706 iudicium
458 1647 492 1704 et
515 1638 669 1706 affectum
690 1640 868 1724 redarguit,
891 1642 925 1706 id
949 1641 1083 1725 quidem
1105 1641 1175 1708 fieri
1198 1643 1287 1709 nullo

134 1755 232 1832 pacto
255 1756 376 1833 potest.
421 1749 555 1834 Itaque,
589 1749 655 1815 nisi
683 1749 773 1814 aliud
801 1750 882 1833 quid
911 1749 1046 1830 excidit,
1081 1751 1289 1818 scribendum

135 1856 280 1922 videtur:
314 1857 572 1941 Regionatim
594 1858 835 1924 commercio
864 1859 1099 1943 interrupti
1128 1861 1186 1926 ita
1214 1862 1289 1925 sibl

134 1966 267 2060 rideri
300 1966 476 2032 lacerati
509 1973 718 2050 tamquam
740 1974 801 2032 oet.
846 1966 932 2033 Nam
960 1967 1072 2034 dativo
1101 1968 1153 2032 vix
1177 1989 1289 2035 carere

135 2073 168 2139 h.
190 2073 211 2138 l.
234 2096 420 2159 possumus.
455 2073 552 2158 [Usui
574 2082 686 2141 tamen
708 2075 865 2159 loquendi
888 2077 992 2159 magis
1017 2077 1169 2143 convenit
1191 2099 1289 2143 oom-

135 2184 286 2249 mercio
320 2184 557 2268 interrupto
591 2205 652 2249 nec
686 2183 765 2249 sibi
793 2183 890 2250 facile
920 2184 1106 2250 oblitterari
1140 2187 1288 2269 potuisse

135 2289 290 2373 videtur]
345 2290 491 2376 Exponit
525 2290 643 2357 deinde
676 2291 803 2370 Livius,
844 2313 942 2378 quam
975 2292 1073 2358 facile
1111 2314 1146 2359 se
1180 2295 1290 2360 Maee-

137 2399 238 2466 dones
262 2399 303 2464 de
324 2401 435 2484 patria
457 2421 517 2465 sua
539 2400 703 2466 distracta
724 2407 758 2465 et
780 2399 945 2485 discerpta
974 2400 1139 2467 consolari
1168 2401 1289 2468 debue-

135 2509 212 2589 rint,
223 2507 403 2594 Polybium,
416 2510 541 2593 opinor,
558 2508 593 2574 in
609 2509 801 2574 inanissima
816 2508 999 2593 prudentia
1011 2511 1119 2595 specie
1138 2532 1288 2595 sequens.

135 2615 174 2681 In
185 2615 251 2682 bac
262 2624 357 2702 parte
374 2638 529 2701 magnam
547 2616 790 2683 dubitationem
807 2617 941 2697 habent,
961 2639 1033 2701 quae
1051 2617 1066 2702 ἐ
1085 2626 1104 2684 4
1121 2619 1289 2702 leguntur:

135 2724 368 2790 Maritimae
392 2747 551 2810 quoque
576 2726 912 2810 opportunitates
941 2728 978 2790 ei
1007 2724 1062 2807 (de
1090 2727 1198 2792 altera
1220 2728 1290 2793 Ma-

137 2832 282 2898 cedoniae
321 2841 417 2918 parte
457 2832 578 2917 agitur)
619 2832 801 2917 praebent
839 2841 981 2918 portus
1022 2834 1070 2899 ad
1104 2834 1291 2902 Toronen

136 2962 180 3007 ao
202 2951 376 3008 montem
398 2942 505 3008 Atho
529 2941 671 3022 (AEneae
694 2948 842 3007 vocant
864 2941 992 3024 huno),
1018 2942 1092 3012 alii
1115 2943 1162 3008 ad
1184 2945 1290 3009 insu·

135 3049 212 3116 lam
251 3051 471 3130 Euboeam,
514 3050 587 3115 alii
627 3049 674 3115 ad
708 3048 1023 3132 Hellespontum
1064 3060 1290 3136 opportune

136 3160 252 3225 versi.
297 3159 408 3224 Prima
431 3157 567 3224 offensio
591 3159 625 3222 in
648 3179 784 3223 numero
809 3165 859 3222 est
886 3166 1057 3240 portuum,
1090 3180 1167 3225 nam
1196 3161 1290 3226 initio

137 3266 221 3334 duos
245 3267 427 3352 significare
448 3267 558 3332 Liuius
579 3266 717 3345 videtur,
739 3265 881 3330 alterum
894 3266 946 3330 ad
969 3265 1128 3346 Toronen,
1151 3267 1291 3332 alterum

136 3374 180 3441 ad
201 3375 311 3441 Athon
334 3376 476 3458 (huno),
506 3374 624 3440 deinde
652 3373 764 3458 plures
799 3372 888 3456 (alii
910 3408 953 3419 -
975 3373 1083 3455 alii),
1116 3380 1150 3440 et
1178 3374 1291 3460 plures

137 3483 197 3549 sub
219 3483 305 3549 Atho
328 3491 439 3549 monte
467 3492 583 3568 portus
612 3481 761 3566 appellat
788 3482 858 3564 ipse
881 3481 992 3562 XLIV,
1015 3487 1066 3561 28,
1091 3485 1119 3548 3.
1165 3484 1291 3549 Deinde

135 3592 170 3657 in
196 3590 263 3657 his:
296 3592 421 3659 AEneae
454 3597 603 3658 vocant
635 3590 744 3654 huno
780 3587 919 3655 offendit
951 3591 1053 3656 mirus
1087 3592 1291 3676 pronominis

135 3702 271 3784 positus.
318 3699 401 3767 Tum
423 3700 534 3766 AEneae
556 3706 689 3783 portum
718 3696 761 3763 ad
788 3704 934 3763 montem
956 3697 1065 3764 Athon
1088 3698 1135 3782 (et
1157 3699 1287 3765 videtur
1307 3705 1378 3773 (611)

137 3807 314 3892 significari
336 3830 403 3874 non
426 3805 598 3890 obscurus)
627 3827 723 3872 nemo
746 3826 884 3890 usquam
911 3815 1033 3890 praeter
1053 3808 1182 3873 Livium
1204 3829 1290 3874 com·

136 3926 304 3999 memorat,
326 3937 387 3983 neo
408 3918 443 3982 in
464 3917 522 3982 illa
544 3913 729 4000 paeninsula
750 3912 819 3978 ulla
836 3912 947 3979 AEneae
970 3915 1112 3981 nominis
1134 3917 1292 3982 memoria

136 4031 196 4089 aut
217 4025 398 4091 similitudo
421 4025 595 4110 reperitur,
618 4023 711 4087 utin
734 4019 876 4086 Thracia
897 4022 1012 4103 AEnns‚
1035 4023 1069 4088 in
1092 4024 1166 4089 sinu
1188 4022 1290 4088 Ther·
1361 4028 1364 4032 ’

135 4134 241 4198 maico
264 4133 377 4199 AEnea.
423 4132 532 4200 Codex
553 4132 663 4197 locum
685 4131 732 4195 sic
755 4130 915 4213 scriptum
936 4130 1051 4196 habet:
1075 4138 1219 4215 portus
1244 4131 1292 4197 ad

136 4235 358 4307 Toroneam
390 4250 565 4308 montem
597 4239 974 4305 athoeneaeuocant
1005 4237 1110 4304 hunc
1139 4239 1213 4305 alii
1236 4241 1291 4304 in-

136 4349 346 4434 sulamque
368 4349 573 4416 Euboeam
590 4355 662 4428 cet,
683 4345 718 4411 in
736 4344 815 4413 solis
833 4346 987 4413 extremis
1001 4345 1290 4431 (insulamque)
