2994 5108
721 462 764 526 49
1216 477 1280 537 Lib.
1296 478 1319 534 Ι.

160 655 280 715 actus
308 654 369 714 oet.
424 647 648 732 significatur,
681 670 747 733 quo
782 649 856 716 loco
885 647 963 733 luga
991 651 1191 730 constiterit,
1226 653 1319 718 cuius

161 759 211 823 rei
239 763 487 824 monumentum
515 758 679 824 communi
702 758 925 824 Romanorum
953 759 1107 842 opinione
1134 758 1320 827 habebatur

161 865 252 934 Iovis
286 865 430 933 Statoris
468 866 627 950 templum
665 865 708 932 ad
746 873 888 931 veterem
921 866 1013 931 illam
1046 874 1178 951 portam
1210 869 1318 934 situm.

161 973 285 1059 Itaque
320 974 421 1060 paulo
460 981 538 1058 post
575 974 696 1040 Metius
731 975 899 1039 Romanos
938 974 973 1039 in
1012 974 1095 1042 clivo
1130 973 1318 1060 Capitolino

162 1080 255 1150 fusos
288 1103 491 1168 persequens
525 1103 628 1167 prope
662 1082 706 1148 ad
734 1082 872 1148 eandem
899 1088 1030 1166 portam
1058 1083 1178 1150 Palatii
1206 1106 1319 1169 perve-

161 1192 253 1257 nisse
277 1189 409 1258 dicitur.

250 1296 330 1384 Cap.
356 1305 413 1378 14,
444 1303 477 1378 9,
505 1298 562 1364 ubi
586 1298 696 1364 Livius
718 1297 897 1364 Fidenates
920 1321 941 1364 a
963 1299 1103 1365 Romulo
1132 1299 1260 1365 insidiis
1284 1307 1319 1366 et

160 1406 248 1491 fugae
282 1407 490 1474 simulatione
522 1407 627 1474 victos
660 1411 790 1486 narrat,
825 1412 964 1492 apparet
998 1406 1076 1472 olim
1105 1406 1188 1472 duas
1216 1406 1319 1473 fuisse
1365 1424 1369 1443 ¹

164 1516 363 1600 scripturas,
394 1514 532 1581 alteram
562 1536 601 1580 ex
629 1514 734 1580 altera
764 1520 885 1594 ortam,
914 1536 996 1598 quas
1024 1516 1071 1580 sic
1098 1513 1257 1582 conflatas
1285 1513 1318 1598 (e

161 1623 237 1691 cod.
262 1622 456 1709 archetypo)
480 1623 694 1689 Mservavit:
717 1624 831 1707 prius
854 1644 963 1708 paene
986 1645 1101 1707 quam
1123 1623 1317 1689 Romulus

161 1733 317 1818 quique
356 1752 440 1796 curn
480 1752 523 1797 eo
563 1733 714 1817 quique
748 1753 832 1797 cum
866 1732 980 1814 equis
1014 1730 1203 1797 abierant
1235 1732 1391 1818 viride)

163 1847 297 1920 erant,
331 1841 659 1923 circumagerent
680 1838 809 1904 frenis
833 1860 975 1924 equ0s;
1009 1838 1052 1903 ad
1075 1860 1149 1904 eum
1170 1840 1319 1924 proxime

161 1947 293 2014 accedit
316 1947 378 2029 Ll,
407 1949 442 2013 in
465 1970 529 2033 quo
554 1949 675 2014 dicitur
697 1969 782 2013 esse:
817 1948 965 2031 quique
989 1968 1072 2012 cum
1095 1948 1210 2031 equis
1233 1947 1318 2013 abi-

164 2062 284 2121 erant
310 2057 390 2121 visi
420 2063 550 2137 erant,
586 2057 715 2123 omissis
743 2056 850 2122 verbis
874 2057 1023 2140 quique
1046 2076 1130 2121 eum
1153 2077 1212 2137 eo,
1246 2055 1318 2138 (sed

164 2166 266 2229 etiam
294 2165 328 2229 in
351 2163 491 2230 Medicei
514 2166 679 2250 scriptura
701 2164 877 2230 indicanda
899 2164 1041 2229 alterum
1063 2164 1211 2248 quique
1235 2163 1318 2231 Gro-

161 2273 282 2338 novius
311 2271 451 2355 omisit)‚
483 2279 554 2338 tum
581 2273 791 2340 Florentinus
815 2271 846 2338 S.
870 2271 975 2336 Marci
998 2271 1101 2356 (apud
1123 2270 1317 2354 Hertzinm),

164 2379 289 2466 inquo
313 2381 484 2447 scribitur:
520 2382 669 2466 quique
698 2401 782 2446 curn
805 2402 849 2447 eo
874 2381 1022 2465 quique
1047 2401 1131 2445 cum
1154 2380 1318 2464 equites

163 2493 287 2554 erant
315 2489 393 2554 visi
422 2496 538 2555 erant
561 2489 706 2574 (punctis
730 2489 910 2574 suppositis
933 2488 1040 2554 verbis
1064 2488 1210 2573 quique
1234 2508 1319 2552 eum

163 2597 331 2679 equites
360 2604 394 2662 et
420 2598 499 2663 visi
522 2596 664 2680 erant).
715 2595 824 2664 Ceteri
846 2596 992 2677 codices,
1020 2618 1161 2681 quorum
1183 2595 1319 2682 aliquod

162 2710 217 2770 est
239 2711 449 2786 momentum,
473 2728 573 2772 unam
594 2728 612 2771 e
635 2705 763 2772 duabus
786 2705 961 2789 scripturis
984 2710 1107 2783 tenent,
1128 2703 1204 2770 Pet
1220 2703 1317 2769 Bam-

163 2811 336 2896 bergensis
361 2835 433 2880 cum
455 2837 520 2880 uno
544 2821 578 2880 et
600 2815 705 2880 altero
728 2813 911 2897 vulgarium
933 2812 1034 2878 hanc:
1065 2813 1211 2896 quique
1234 2833 1319 2878 cum

162 2941 212 2987 eo
242 2922 356 3007 equis
384 2924 519 2988 ierant
547 2923 601 3006 (ex
623 2944 689 3007 qua
710 2922 743 2987 in
767 2921 885 2988 ceteris
907 2920 1099 3004 vulgaribus
1120 2919 1243 2985 factum
1267 2926 1319 2986 est

167 3029 415 3114 interpolando:
450 3032 597 3115 quique
626 3052 709 3095 cum
737 3052 782 3096 eo
806 3030 966 3114 equites
989 3027 1136 3110 erant),
1169 3027 1317 3093 Einsied·

164 3135 268 3204 lensis
291 3144 325 3204 et
342 3137 392 3203 Hl
413 3145 446 3203 et
464 3136 738 3203 Helmstadiensis
757 3136 915 3204 Gronovii
937 3136 1037 3202 hanc:
1062 3136 1210 3222 quique
1235 3157 1320 3202 curn

167 3267 217 3312 co
251 3246 329 3312 visi
363 3252 487 3313 erant.
549 3245 704 3311 Editores
743 3245 811 3312 fere
845 3245 921 3310 inde
955 3267 976 3310 a
1009 3245 1175 3311 Gronovio
1209 3245 1235 3310 P
1270 3266 1320 3310 se-

163 3360 329 3439 quuntur,
362 3355 426 3419 nisi
454 3353 545 3437 quod
566 3354 856 3422 Weissenbornius
885 3375 945 3438 pro
975 3354 1110 3420 ierant
1132 3375 1171 3419 ex
1193 3353 1227 3418 lll
1250 3353 1319 3419 ab·

165 3462 304 3527 ierant
338 3461 521 3527 substituit.
576 3462 698 3527 Verum
732 3463 765 3527 in
798 3461 824 3526 P
852 3461 917 3528 hoc
949 3463 1022 3529 loco
1057 3461 1255 3528 deteriorem
1287 3468 1320 3528 et

166 3569 402 3654 interpolatam
420 3570 618 3656 scripturam
641 3576 803 3636 retentam
822 3590 902 3650 esse,
925 3571 1065 3654 primum
1083 3570 1230 3636 ostendit
1246 3573 1320 3656 ipsa

124 3667 127 3671 ⁴
164 3677 291 3744 locutio
329 3680 445 3762 equis
478 3680 628 3760 ierant,
661 3678 781 3744 Latina
814 3677 872 3743 illa
905 3679 1052 3764 quidem,
1091 3679 1148 3744 sed
1181 3679 1224 3745 ab
1257 3679 1319 3744 hac

163 3787 480 3854 commemoratione
501 3787 586 3871 fugae
609 3808 714 3873 nuper
737 3787 900 3852 simulata
923 3809 1060 3872 prorsus
1083 3787 1199 3867 aliena,
1223 3787 1320 3872 quasi

166 3893 363 3961 Germanice
392 3894 498 3960 dicas:
534 3895 728 3961 Romulus
762 3895 840 3960 und
872 3894 1123 3980 diejenigen,
1158 3895 1221 3961 die
1248 3895 1320 3961 mit

167 4001 247 4067 ihm
278 4003 459 4086 geritten
486 4025 632 4085 waren3
666 4004 784 4070 deinde
813 4026 854 4069 ex
881 4001 962 4067 MLl
993 4010 1147 4088 apparot,
1181 4003 1319 4087 primam

166 4109 257 4175 illins
281 4110 454 4193 scripturae
476 4111 563 4177 hanc
584 4111 686 4178 fuisse
708 4112 862 4179 formam:
898 4112 1047 4196 quique
1076 4132 1160 4176 cum
1189 4112 1319 4194 equis;

165 4218 282 4302 itaque
305 4239 345 4282 ex
367 4217 436 4284 his:
470 4240 557 4284 curn
579 4241 625 4287 eo
647 4220 724 4285 visi
747 4226 871 4300 erant,
893 4219 1007 4285 littera
1029 4240 1047 4296 q
1070 4241 1131 4303 pro
1155 4239 1173 4279 o
1196 4219 1321 4302 scripta

164 4331 202 4390 et
225 4327 344 4392 ceteris
366 4328 453 4393 male
476 4327 587 4394 divisis
611 4327 686 4412 (vis
709 4326 864 4410 ierant),
894 4334 1002 4393 ortum
1025 4333 1075 4393 est
1098 4348 1182 4392 cum
1204 4327 1320 4411 equis

1073 4446 1092 4502 4
