2994 5108
211 496 274 552 Lib.
292 495 314 550 I.
768 481 809 544 52

213 668 348 751 qualis
375 667 549 735 victoris
577 688 666 733 esse
696 667 815 745 solet,
843 673 881 732 ut
902 687 930 732 c.
953 671 1010 746 29,
1033 671 1069 732 2:
1102 689 1179 733 non
1207 667 1366 751 quidem

212 777 292 842 fuit
324 776 527 842 tumultus
562 775 651 855 ille,
684 775 819 858 qualis
847 781 1064 860 captarum
1092 797 1181 842 esse
1207 776 1366 842 urbium

212 886 335 964 solet,
359 891 392 950 et
414 883 517 962 XXV,
543 888 597 963 10,
623 888 651 948 1.
696 882 821 967 (Longe
843 883 942 948 aliter
963 884 1005 963 V,
1034 887 1091 965 28,
1122 883 1186 967 13.)
1239 885 1366 951 Eodem

212 994 308 1059 modo
338 992 460 1058 excidit
487 1014 575 1058 esse
604 994 639 1057 in
666 991 752 1057 libro
774 991 865 1070 XLI,
900 995 955 1071 10,
990 993 1118 1058 2111111
1145 993 1366 1072 exercitus,

213 1103 378 1167 excivit·
433 1101 524 1167 Idem
550 1101 706 1166 mendum
732 1101 767 1165 in
794 1100 910 1165 eadem
940 1101 1099 1167 orationis
1126 1101 1235 1167 forma
1261 1102 1365 1167 corri-

212 1208 353 1293 gendum
380 1215 431 1274 est
457 1209 505 1289 Il,
539 1213 597 1289 34,
631 1206 824 1292 2(qualis
855 1207 1014 1273 clausis
1043 1208 1180 1292 solet),
1212 1209 1270 1275 ubi
1297 1209 1363 1275 nisi

213 1338 301 1383 esse
322 1317 473 1398 addatur,
496 1317 705 1384 scribendum
726 1316 770 1381 sit
793 1315 957 1380 clausos
979 1316 1210 1400 (invadere).

299 1424 378 1510 Cap.
401 1430 454 1507 27,
483 1430 497 1489 l
523 1425 612 1510 quod
634 1423 764 1491 codices
786 1423 1012 1510 editionesque
1035 1410 1177 1491 habent:
1207 1426 1366 1492 invidia

212 1534 336 1618 vulgi,
365 1535 469 1618 quod
492 1533 628 1599 tribus
650 1532 855 1598 militibus
877 1531 1046 1598 fortuna
1067 1533 1238 1617 publica
1260 1555 1365 1601 com·

212 1643 335 1708 missa
356 1641 497 1722 fuerit,
525 1663 668 1708 vanum
694 1641 902 1725 ingenium
924 1638 1147 1707 dictatoris
1170 1642 1365 1726 corrupit,

211 1751 321 1817 Livius
344 1750 489 1817 scribere
510 1772 576 1817 non
598 1751 725 1835 potuit3
757 1770 819 1815 nec
847 1749 951 1814 ullum
974 1750 1158 1832 reperietur
1180 1749 1365 1833 exemplum

211 1857 348 1943 perfecti
365 1859 562 1924 coniunctivi
578 1859 677 1943 positi
695 1859 730 1922 in
746 1855 933 1922 huiusmodi
945 1858 1110 1922 sententia
1120 1856 1163 1922 ad
1175 1858 1366 1941 primariam

210 1968 370 2051 praeteriti
397 1967 556 2050 temporis
585 1967 782 2032 sententiam
803 1965 960 2030 adiuncta
982 1964 1022 2029 de
1045 1986 1082 2030 11
1104 1971 1182 2031 ante
1204 1970 1281 2031 acta
1303 1987 1365 2051 pro

142 2085 198 2156 (14)
216 2074 539 2160 plusquamperfecto
578 2071 689 2159 (qnasi
726 2074 832 2138 dicas:
870 2072 1171 2154 indignabatur
1208 2073 1366 2158 vulgus,

212 2182 317 2269 quod
349 2182 486 2248 tribus
519 2182 722 2248 militibus
755 2181 922 2247 fortuna
954 2179 1122 2264 publica
1150 2183 1366 2248 commissa

210 2291 367 2372 fuerit);
400 2291 497 2374 longe
520 2290 605 2355 alius
628 2297 705 2355 eunt
726 2290 855 2373 generis
876 2290 900 2354 ii
922 2289 1002 2369 leci,
1030 2289 1065 2354 in
1087 2289 1205 2373 quibus
1227 2310 1268 2355 ex
1289 2311 1366 2374 per·

210 2398 299 2466 lecto
327 2398 497 2464 indicativi
524 2403 623 2463 rectae
651 2397 810 2463 orationis
837 2398 871 2461 in
900 2396 1036 2481 obliqua
1064 2397 1261 2464 coniunctivi
1289 2419 1365 2483 per·

211 2506 334 2574 fectum
356 2508 517 2573 retinetur
539 2505 642 2588 (velut
663 2505 704 2586 Π,
728 2508 777 2586 12,
801 2509 831 2584 2,
853 2505 892 2585 X,
921 2509 951 2585 2,
974 2510 992 2570 5
1016 2506 1123 2587 sint).
1175 2503 1281 2572 Scribi
1303 2529 1365 2592 po·

211 2622 299 2681 terat
327 2622 385 2681 aut
412 2613 624 2680 commissa
650 2613 759 2680 foret
786 2620 860 2693 aut,
894 2614 1016 2679 omissa
1037 2614 1180 2697 obliquae
1202 2615 1365 2682 orationis

211 2721 466 2807 significatione,
501 2742 600 2806 quam
622 2720 732 2787 Livius
759 2723 793 2787 in
815 2722 878 2788 hoc
901 2743 1020 2805 genere
1042 2723 1218 2806 saepissime
1240 2723 1366 2790 emittit

211 2831 264 2913 (ut
286 2852 312 2896 e.
338 2836 393 2911 14,
423 2835 442 2894 3
465 2831 499 2895 in
522 2829 733 2912 credebat)
757 2832 971 2896 commissa
992 2830 1139 2910 fuerat,
1168 2829 1364 2916 [quodiam

211 2941 341 3006 Bauero
363 2937 513 3024 placuit}
547 2938 597 3003 Ex
618 2938 681 3004 hcc
703 2938 840 3004 fuerat
862 2945 972 3005 ortum
994 2940 1094 3004 estin
1114 2938 1228 3006 codice
1246 2939 1364 3007 arche·

210 3054 290 3132 typo
318 3047 446 3112 fuerit
474 3067 585 3112 errore
613 3054 803 3131 pervagato.
855 3045 1014 3130 [Similius
1043 3068 1142 3131 quam
1171 3054 1282 3113 cetera
1304 3056 1365 3129 eet,

211 3155 302 3240 quod
324 3155 393 3236 VH,
416 3161 446 3235 4,
468 3161 488 3220 4
511 3156 647 3238 legitur;
682 3155 739 3221 sed
766 3162 877 3221 tamen
905 3162 939 3220 et
961 3155 1064 3220 multa
1087 3157 1262 3222 interiecta
1284 3164 1364 3222 sunt

211 3265 297 3329 inter
320 3263 424 3347 quod
448 3269 481 3328 et
503 3263 663 3328 dederit
691 3270 786 3329 etex
810 3263 934 3329 dabat
957 3263 1124 3330 obversari
1146 3266 1255 3331 auimo
1277 3286 1362 3350 prte-

212 3392 287 3436 sens
309 3371 502 3436 historicum
524 3372 643 3455 potuit,
665 3371 754 3454 quod
777 3373 811 3436 in
833 3371 988 3438 invidia
1010 3371 1081 3438 fieri
1102 3394 1170 3439 non
1193 3371 1326 3457 potuit]

297 3477 374 3562 Cap.
404 3482 459 3558 29,
493 3482 512 3543 3
545 3479 600 3561 (de
628 3478 765 3544 Albanis
797 3479 878 3545 urbe
907 3481 1018 3564 egredi
1046 3502 1067 3545 a
1094 3480 1189 3546 Tullo
1217 3480 1362 3548 Hostilio

212 3586 337 3669 iussis):
373 3587 584 3652 silentium
611 3588 733 3652 triste
762 3608 807 3652 ac
833 3589 965 3654 tacita
991 3590 1186 3654 maestitia
1213 3590 1273 3655 ita
1300 3588 1364 3655 de-

211 3695 308 3760 fixit
346 3696 515 3760 omnium
554 3696 721 3775 animos,
754 3701 799 3760 ut
831 3718 908 3779 prae
942 3704 1047 3761 metu
1081 3697 1222 3777 obliti,
1262 3698 1363 3783 quid

211 3802 512 3888 relinquerent,
541 3802 638 3886 quid
667 3824 798 3868 secum
820 3803 990 3884 terrent,
1019 3804 1243 3872 deficiente
1266 3827 1360 3872 cen·

211 3911 307 3977 silio
346 3913 659 3995 rogitantesque
692 3910 765 3975 alii
799 3911 904 3978 alios
938 3935 1040 3979 nunc
1075 3915 1114 3978 in
1147 3912 1362 3979 liminibus

212 4025 381 4100 starent,
415 4039 520 4084 nunc
548 4018 769 4084 errabundi
798 4019 934 4087 domos
963 4043 1056 4086 suas
1080 4041 1361 4105 ...11111131-

210 4133 361 4193 rentur.
418 4125 649 4192 Obliviscimur
676 4127 803 4212 aliquid
830 4128 1001 4195 nobiscum
1024 4130 1125 4209 ferre;
1160 4129 1240 4213 quid
1261 4128 1362 4196 relin-

211 4255 363 4316 quamus,
397 4235 477 4319 quid
504 4235 674 4301 nobiscum
696 4235 852 4317 feramus,
876 4259 942 4303 non
965 4238 1200 4315 obliviscimur,
1223 4238 1281 4303 sed
1303 4259 1364 4304 ne·

211 4343 330 4408 scimus
352 4344 533 4428 incertique
555 4343 731 4424 haeremus3
758 4365 819 4409 nec
841 4345 925 4411 alius
947 4347 996 4411 rei
1017 4345 1162 4412 Albanos
1185 4346 1363 4414 deficiebat
