2994 5108
634 441 695 502 599

76 620 338 704 consultum),
362 623 634 705 quemadmodum
650 624 762 704 XLIV,
787 627 903 704 3613
925 645 986 709 pro
1008 622 1128 689 hodIe
1152 625 1234 707 qui-

76 748 178 794 -esse
200 731 332 813 scripsit
354 733 420 814 qui
448 733 568 798 hodie
598 755 700 798 esse.
745 731 841 814 (016,
864 753 936 815 quae
959 732 1066 797 dicam
1089 732 1129 797 de
1152 731 1234 813 XLI,

87 841 116 916 1,
139 837 184 917 8.)
218 835 299 902 Cum
320 840 384 904 hoc
407 842 529 906 erroris
551 862 669 924 genere
687 843 869 905 coniunctae
887 847 963 906 sunt
985 860 1080 905 voces
1103 846 1161 905 aut
1183 841 1234 905 bis

77 946 242 1011 continuo
272 949 402 1029 scrIptae
437 948 488 1030 (ut
510 950 654 1013 eiusdem
677 949 752 1013 libri
774 949 881 1013 XLIII
909 969 935 1012 c.
962 954 1010 1027 ll,
1036 954 1073 1012 10
1095 947 1160 1014 hae:
1195 950 1234 1013 in

84 1053 179 1118 trib.
209 1056 297 1133 mil,
327 1062 468 1120 contra
497 1047 594 1120 illos
626 1058 665 1120 in
694 1057 919 1133 consulum)
944 1062 1003 1120 ant
1026 1056 1124 1138 paulo
1147 1063 1233 1140 post,

86 1163 183 1227 oculo
207 1162 250 1226 ad
280 1164 451 1246 superiora
480 1164 653 1244 redeunte,
685 1165 804 1229 iterum
832 1166 1034 1247 interpositae
1059 1163 1110 1245 (ut
1132 1186 1158 1229 c.
1185 1169 1233 1243 12,

80 1274 121 1334 9:
146 1288 240 1335 cura
263 1272 469 1353 prebebat
501 1275 541 1336 in
575 1273 747 1337 classem
775 1294 869 1337 cura
896 1272 966 1337 ille
996 1293 1071 1355 pro:
1100 1293 1234 1337 curam

84 1378 305 1462 praebeb'at.
356 1381 397 1443 In
433 1381 606 1445 classem
639 1381 763 1460 mille,
797 1387 831 1444 et
864 1402 890 1444 c.
927 1384 975 1458 13,
1011 1386 1044 1444 5:
1079 1401 1161 1462 quae
1194 1381 1234 1444 in

77 1486 192 1551 -colle
216 1496 278 1552 est
300 1488 376 1552 duo
399 1489 561 1552 diversa
583 1488 871 1572 prodigiaquae
894 1489 932 1552 in
950 1487 1144 1570 colleem).
1179 1490 1234 1554 In·

83 1595 214 1659 tardum
237 1595 391 1659 librarius
414 1617 507 1659 voces
531 1597 597 1659 iam
619 1597 760 1679 scriptas
782 1599 903 1661 iterum
924 1597 1064 1680 scripsit,
1086 1603 1122 1661 ut
1145 1619 1233 1662 erro-

74 1724 153 1767 rem
177 1705 209 1767 in
233 1704 272 1767 iis
294 1706 501 1768 commissum
525 1706 717 1787 corrigeret,
741 1705 797 1768 sed
821 1691 895 1769 raro
918 1705 952 1768 id
975 1705 1005 1768 ei
1033 1706 1082 1769 ita
1105 1726 1233 1770 succes·

85 1811 139 1885 sit,
162 1819 279 1876 utnon
299 1818 358 1876 aut
374 1819 500 1895 partein
519 1813 639 1876 erroris
655 1812 858 1895 relinqueret
875 1819 934 1876 aut
951 1833 1070 1876 norum
1088 1813 1234 1894 adderet,

82 1920 229 1983 velutin
253 1920 307 1984 lib.
332 1920 431 1999 XLII,
460 1926 509 2001 34,
544 1925 596 1984 15:
632 1920 824 1984 adversus
857 1922 1139 2002 magistratum
1172 1943 1233 1986 se-

82 2035 287 2110 natusque
322 2031 612 2093 auctoritatem
652 2030 685 2092 is
725 2049 841 2111 quam
875 2028 1094 2093 feceritais
1128 2052 1233 2094 nuno

83 2158 242 2220 quoque
276 2139 316 2201 in
349 2144 557 2220 potestate
589 2158 633 2201 ac
666 2142 910 2218 senatusque
939 2139 1234 2203 anctoritatem

84 2262 214 2328 usque
236 2244 421 2310 feceritis
444 2267 548 2309 nunc
572 2266 729 2329 quoque
752 2245 790 2308 in
813 2251 1021 2326 potestate
1050 2266 1094 2309 ac
1118 2268 1233 2311 sena-

81 2358 150 2417 tus
183 2353 415 2418 consultum
444 2375 546 2432 esse,
581 2355 694 2418 autin
717 2352 828 2432 XLIV,
853 2356 902 2432 33,
926 2356 953 2432 6,
977 2352 1036 2417 ubi
1059 2355 1105 2418 sic
1129 2357 1233 2439 serip-

83 2462 142 2525 sit:
167 2461 270 2526 alios
292 2463 409 2525 nimis
434 2461 507 2545 (pro
531 2461 672 2543 minus)
690 2461 845 2541 facere3
867 2462 1069 2526 clamores
1088 2463 1234 2527 deinde

82 2569 275 2635 dissonos
315 2570 472 2634 ostalos
511 2572 642 2634 minus
675 2570 813 2634 facere
853 2570 1051 2634 clamores
1086 2570 1233 2637 deinde

75 2678 275 2744 dissonos
310 2680 444 2743 sorori
479 2678 662 2742 omnibus
696 2677 846 2757 locis.¹)
892 2677 1000 2742 Unum
1030 2684 1081 2743 est
1111 2680 1232 2743 erroris

75 2807 186 2869 ,genus
209 2787 243 2850 in
265 2786 377 2851 codice
401 2786 654 2863 Vindobonensi,
678 2788 741 2850 etsi
758 2807 825 2849 non
843 2807 977 2868 prorsus
996 2807 1034 2850 eo
1057 2792 1158 2863 earet,
1181 2794 1231 2852 ta·

82 2915 159 2959 men
188 2895 268 2959 satis
300 2916 425 2973 rarum,
449 2895 675 2958 additamenta
705 2894 777 2958 dico
806 2895 839 2957 in
864 2893 945 2957 Livii
976 2895 1159 2958 orationem
1180 2916 1232 2960 re·

76 3010 191 3086 cepta.
235 3002 537 3067 Manifestissimum
566 3001 698 3085 quidem
726 3003 870 3065 omnium
900 3001 996 3065 huius
1025 3004 1154 3084 generis
1178 3024 1232 3066 ex·

75 3110 226 3194 emplum
259 3118 309 3175 est
342 3112 376 3174 in
404 3110 477 3174 libr.
511 3110 599 3189 XLI,
637 3114 684 3189 18,
718 3115 736 3173 6
771 3108 932 3190 (Eodem
964 3111 1105 3192 paucis
1139 3096 1250 3192 post¹

75 3218 231 3283 diebus
255 3217 288 3283 C.
312 3218 502 3283 Valerius
527 3217 671 3281 consul
694 3217 803 3282 alter
824 3216 959 3298 venit),
983 3217 1040 3281 ubi
1062 3218 1096 3280 in
1119 3219 1230 3282 codice

82 3334 159 3410 post
181 3327 318 3391 eodem
342 3326 474 3392 additur
496 3334 686 3409 tempore.
720 3326 794 3389 Alia
815 3331 934 3390 notata
957 3332 1034 3390 aunt
1056 3333 1115 3390 aut
1136 3334 1230 3392 nota-

79 3433 207 3499 buntur
224 3434 323 3513 XLII,
349 3440 397 3513 17,
421 3439 449 3513 6,
468 3456 493 3498 c.
513 3439 564 3513 97,
588 3440 605 3498 5
627 3433 730 3516 (qui),
754 3455 780 3497 c.
800 3438 849 3514 28,
877 3437 924 3512 13,
949 3434 1059 3515 XLIV,
1083 3433 1175 3515 5,‘12
1199 3443 1232 3500 et

77 3545 133 3621 39,
159 3546 187 3620 l,
211 3542 304 3622 XLV,
329 3547 379 3621 26,
406 3547 444 3606 12
468 3542 545 3624 (vid.
569 3565 600 3625 p.
626 3540 690 3624 70).

168 3651 371 3716 Recentioris
413 3672 529 3716 manus
569 3651 789 3715 correctiones
823 3651 856 3715 in
889 3651 952 3716 hoc
985 3652 1097 3717 codice
1130 3653 1230 3716 nullae

75 3764 168 3823 sunt.
215 3758 302 3842 (lpse
325 3760 479 3824 librarius
508 3759 638 3823 litteras
663 3757 816 3824 delendas
846 3766 968 3843 puncto
998 3762 1229 3844 supraposito

73 3866 231 3948 notarit.)

76 4036 279 4047 .·-——-.--
286 4042 311 4047 -

100 4136 130 4206 ¹)
148 4137 235 4208 XLII,
256 4143 297 4207 58,
315 4143 332 4194 9
350 4146 379 4194 et
398 4144 430 4194 10
448 4159 482 4196 ex
499 4141 554 4195 his:
579 4141 867 4208 iaculatoresque
884 4140 1227 4209 quadringentorum,

149 4241 233 4293 quum
251 4227 408 4280 aberrasset
424 4227 454 4280 in
473 4244 611 4280 concursu
628 4226 727 4278 harum
741 4226 899 4280 litterarum
924 4242 996 4294 equ,
1015 4222 1119 4277 effecit:
1137 4223 1231 4277 iacu-

145 4310 350 4380 latoresque
369 4313 522 4380 equitum
540 4328 611 4380 quae
631 4312 782 4380 equitum
802 4310 1150 4380 quadringentorum.
