3000 5116
207 496 272 551 Lib.
290 495 347 549 XL.
741 485 804 546 574

194 674 262 731 tur
285 673 438 745 castra;
468 669 636 746 castris,
670 690 753 751 quae
780 689 875 751 pars
898 669 1065 733 maxime
1089 689 1109 732 a
1131 671 1353 752 pugnanti·

194 774 267 838 bus
291 775 480 857 conspici
508 780 690 858 poterat,
724 776 875 839 iniecit
902 775 1062 841 Acilius
1097 777 1247 858 iguem,
1276 778 1352 842 sub·

195 883 338 946 stantivo
362 883 527 959 castris,
551 884 585 946 in
608 904 673 965 quo
696 883 823 946 nullum
846 891 896 947 est
919 883 1055 965 pondus,
1080 883 1163 947 nihil
1185 886 1351 949 contrarie

193 989 344 1061 relatum,
378 991 496 1054 vitiose
529 991 671 1074 repetito
705 996 739 1054 et
770 991 805 1053 in
834 990 965 1054 initium
989 994 1161 1055 sentent-la
1195 1000 1350 1057 retracto.

192 1096 293 1162 Nulla
315 1103 365 1161 est
388 1097 562 1175 dubitatio,
586 1097 665 1180 quin
689 1096 799 1161 Livius
823 1098 1006 1179 scripserit:
1031 1120 1062 1180 p.
1088 1120 1113 1162 s.
1139 1120 1165 1162 c.
1189 1101 1351 1182 capiun-

193 1213 258 1268 tur
281 1212 435 1282 castra;
459 1204 582 1284 captis
603 1238 648 1248 -
670 1204 818 1268 iniecit
835 1203 993 1268 Acilius
1012 1205 1152 1286 iguem,
1175 1206 1351 1271 notissima

193 1310 298 1392 figura
330 1310 407 1389 (vid.
436 1333 464 1374 v.
491 1333 517 1376 c.
541 1312 583 1389 Il,
607 1316 658 1389 25,
694 1316 712 1374 5
743 1317 776 1374 ct
799 1311 851 1387 Vl,
876 1315 925 1389 32,
956 1311 999 1392 8),
1034 1333 1135 1394 quam
1168 1312 1349 1389 XXXVIII,

195 1423 245 1491 13,
271 1424 291 1481 4
313 1417 483 1482 Behkerus
507 1440 523 1482 e
546 1419 660 1483 Bamb.
695 1419 787 1483 Livio
809 1417 955 1482 reddidit
978 1417 1212 1498 (castellum
1233 1423 1269 1484 vi
1293 1440 1349 1485 ce·

192 1528 269 1608 pit,
303 1533 463 1609 captum
503 1526 867 1590 Alabandensibus
901 1527 1070 1608 reddit).
1117 1525 1211 1610 [Cap.
1248 1532 1297 1601 33,
1329 1532 1349 1591 9

191 1636 223 1697 iu
254 1634 326 1697 edd.
362 1641 439 1697 vett.
471 1633 692 1697 scribebatur:
726 1632 898 1697 Flaccus
920 1669 963 1677 -
985 1656 1055 1717 per
1078 1632 1347 1700 Celtiberiam

65 1790 81 1813 .
191 1740 508 1824 populabundus
538 1741 652 1806 ducit
681 1741 884 1823 legiones,
918 1742 1044 1805 multa
1073 1742 1257 1807 castella
1280 1764 1346 1826 op·

190 1848 422 1930 pugnando,
445 1868 520 1912 nec
553 1849 726 1912 maxima
758 1869 855 1931 pars
884 1855 945 1912 cet.
991 1848 1041 1912 Ad
1064 1849 1128 1913 hoc
1151 1872 1194 1914 ex
1223 1850 1256 1914 M
1290 1848 1344 1914 ad·

190 1963 325 2020 notatur
358 1956 483 2030 donec
518 1956 688 2019 maxima
726 1976 831 2037 pars.
878 1956 974 2020 Frob.
998 1956 1044 2019 II:
1080 1959 1344 2040 oppugnarit,

191 2062 333 2138 donec,
368 2062 457 2143 quod
481 2063 598 2127 deinde
632 2069 798 2127 retentum
826 2071 876 2127 est
908 2084 1013 2145 usquc
1042 2064 1087 2127 ad
1120 2063 1342 2129 Weissenbor-

189 2171 294 2248 nium,
317 2171 373 2251 qui
396 2169 500 2234 edidit
529 2170 815 2252 oppugnando,
851 2170 992 2236 donec.
1026 2172 1180 2252 gerundii
1203 2172 1341 2237 ablativo

188 2278 447 2359 uonaptissimo,
465 2278 650 2360 praesertim
667 2277 1044 2361 populabundus—
1062 2277 1340 2361 oppugnando.

189 2383 338 2466 Apparet
367 2405 406 2447 cx
429 2385 526 2450 Frob.
551 2384 593 2460 II,
617 2386 649 2447 in
673 2384 706 2448 M
729 2407 794 2450 non
823 2385 926 2449 fuisse
956 2385 1248 2467 oppugnando,
1278 2383 1340 2449 do·

189 2511 263 2553 nec
298 2490 356 2554 scd
390 2491 747 2575 oppuguaudouec.
792 2492 877 2556 Hinc
909 2492 947 2555 fit
980 2491 1051 2572 (cfr.
1082 2491 1123 2555 de
1153 2490 1254 2569 XXV,
1276 2493 1340 2569 8,ss

191 2618 222 2679 p.
241 2601 314 2673 290,
338 2597 454 2662 Kleine
478 2599 632 2681 philolog.
658 2598 823 2664 Schriften
841 2622 872 2682 p.
891 2599 984 2680 373):
1008 2619 1262 2682 oppugnans
1284 2598 1340 2663 do·

191 2726 274 2769 nec.
321 2705 478 2771 Similiter
501 2705 649 2785 XXXIX,
675 2710 724 2781 32,
761 2712 799 2770 10
828 2713 918 2771 recte
951 2706 1131 2788 Rupertius
1167 2706 1340 2771 volitans

191 2835 251 2896 pro
275 2814 488 2879 volitando
514 2815 656 2896 scripsit.
704 2815 768 2878 Sed
791 2821 880 2879 recte
903 2814 1087 2879 Gronovius
1110 2814 1276 2879 intellexit
1296 2833 1339 2877 rc·

192 2924 278 3004 quiri
302 2924 411 3004 potins
436 2922 695 3004 expugnandi
718 2923 861 2986 verbum.
889 2921 995 3004 1865]

278 3028 356 3114 Cap.
382 3035 431 3106 34,
457 3035 491 3091 2:
516 3029 707 3110 Aquileia
731 3030 892 3094 colonia
915 3031 1061 3094 Latina
1085 3029 1224 3094 eodem
1247 3047 1339 3092 anuo

191 3140 232 3203 iu
250 3160 347 3222 agro
372 3137 585 3202 Gallorum
609 3146 671 3202 est
695 3138 879 3202 deducta.
925 3138 1036 3215 Miror,
1059 3139 1225 3201 neminem
1248 3136 1338 3201 anim·

193 3248 374 3311 advertisse
399 3255 432 3310 et
455 3248 617 3310 rationem
652 3244 707 3325 I-
743 3247 847 3309 Roma
880 3247 965 3309 enirn
989 3245 1117 3308 colonia
1149 3247 1183 3308 in
1206 3266 1278 3309 euru
1298 3242 1339 3305 lo·

193 3376 278 3432 cum,
302 3356 359 3418 ubi
383 3354 493 3419 sedem
517 3353 672 3417 habitura
695 3362 761 3431 cst,
786 3354 968 3431 deducitur,
993 3355 1026 3416 iu
1050 3373 1155 3434 coque
1178 3351 1253 3417 loco
1274 3369 1339 3413 con·

194 3463 300 3537 ditur,
325 3484 389 3527 uon
413 3462 589 3526 deducitur
617 3460 673 3539 -)
697 3470 730 3524 ct
753 3462 1055 3525 constantissimum
1078 3460 1163 3524 Livii
1192 3459 1339 3524 omnium·

193 3592 257 3652 que
278 3593 375 3635 usum
398 3569 576 3653 postulare,
610 3574 647 3632 ut
675 3569 855 3633 scribatur:
890 3570 928 3632 in
962 3589 1100 3650 agrum
1131 3566 1339 3631 Gallorum.

193 3677 285 3762 (Cap.
299 3684 349 3749 29,
377 3685 390 3741 l
416 3680 456 3741 iu
479 3696 614 3760 agrum
633 3677 861 3755 Etruscum,
877 3680 967 3749 c.43,
983 3680 1016 3738 l:
1040 3696 1179 3757 agrum
1198 3710 1250 3741 -.
1272 3690 1340 3756 quo

192 3787 531 3863 -deduce1·ctur,
555 3785 594 3862 X,
609 3788 683 3863 3,2:
709 3806 846 3867 agrum
869 3786 978 3862 -,in
1003 3791 1172 3867 queiuet
1193 3780 1341 3859 13,1:in

194 3916 331 3978 agrum
343 3892 663 3974 AEquiculorum,
676 3890 822 3969 XXXIV,
835 3896 884 3968 45,
901 3898 914 3954 l
930 3899 963 3956 et
976 3896 1026 3971 53,
1042 3896 1070 3967 1,
1084 3889 1342 3965 Δ111111411,

193 4002 341 4067 XXXIX.
360 4005 464 4079 4410
483 4007 517 4062 et
537 4004 586 4079 55,
608 4000 650 4080 9.)
670 3998 749 4079 (cfr.
763 4020 835 4082 quae
855 3999 895 4061 de
914 3998 1030 4073 XXIV,
1044 4002 1094 4069 20,
1111 4004 1126 4061 1
1142 3999 1210 4061 dixi
1224 4020 1254 4080 p.
1267 3992 1344 4071 257.)

195 4108 255 4193 [Iu
279 4131 413 4193 agrum
442 4109 508 4171 iarn
532 4108 738 4189 Doeriugius.
784 4106 822 4169 ln
846 4106 1009 4188 periochis
1033 4126 1164 4187 semper
1189 4104 1346 4168 ablativus

193 4214 353 4300 ponitur]
399 4216 524 4281 Eodem
558 4216 665 4298 capite
698 4215 785 4278 infra
819 4215 849 4296 (ᾗ
874 4213 917 4293 6),
941 4213 999 4277 ubi
1034 4214 1159 4278 editur:
1197 4212 1236 4277 ls
1265 4216 1348 4275 erat

195 4322 250 4406 (dc
267 4324 320 4388 Μ’.
338 4323 445 4387 Acilio
462 4323 642 4389 Glabrione
662 4321 766 4404 dicit),
789 4323 857 4404 qui
879 4323 966 4403 ipse
991 4340 1074 4384 cam
1097 4320 1222 4385 cedem
1244 4339 1350 4384 rore·
