2994 5108
676 445 735 504 501
1075 455 1137 511 aa.
1162 454 1287 510 XXXIV.

131 649 204 694 non
234 634 402 710 rogatos
431 626 539 692 ultro
568 627 650 691 adv.
675 634 747 710 tyr.
771 626 865 691 Nab.
890 627 1042 693 offerre
1065 626 1287 707 auxilium),

131 737 257 802 variato
291 735 333 800 ob
368 755 440 800 eam
474 736 579 818 ipsam
614 755 682 798 11111
717 733 895 800 artificiose
929 736 1023 818 opis
1058 742 1091 800 11
1130 733 1287 799 auxilii

130 845 269 924 nomine,
292 843 363 907 haeo
385 842 561 926 aequalitas
584 841 799 926 perturbatur
821 841 935 908 addito
959 842 1001 908 ad
1024 842 1287 926 imploratos

130 950 187 1016 illo
210 950 436 1028 auxilium,
468 972 506 1015 eo
531 949 663 1033 quidem
685 950 933 1029 incommodius
964 950 1052 1033 quod
1075 949 1288 1015 auxilium

129 1057 180 1125 bis
202 1059 345 1142 ponitur.
396 1057 547 1123 Alterum
570 1059 823 1141 grammaticum
846 1064 895 1122 est
918 1058 1051 1138 vitium;
1080 1079 1177 1122 nemo
1202 1057 1288 1122 enim

130 1186 274 1248 unquam
305 1165 488 1249 imploro
520 1186 593 1229 cum
624 1165 746 1248 duplici
770 1166 957 1230 accusativo
982 1170 1040 1230 aut
1063 1166 1191 1249 passive
1215 1185 1288 1230 oum

131 1274 318 1339 accusativo
347 1293 416 1337 rem
446 1270 630 1357 flagitatam
658 1271 864 1355 significante
894 1273 1062 1338 coniunxit
1090 1270 1287 1356 (imploro

131 1380 316 1463 aliquem
346 1380 554 1445 auxilium
583 1401 643 1464 pro
667 1402 716 1458 eo,
747 1381 836 1464 quod
859 1387 924 1445 est:
959 1380 1139 1445 alicuius
1169 1379 1288 1444 auxi·

131 1487 237 1566 lium,
267 1488 473 1572 imploror
501 1487 729 1568 auxilium).
783 1488 887 1567 Satis,
916 1489 1047 1571 opinor,
1077 1487 1287 1552 manifestum

129 1602 199 1675 est,
229 1579 356 1660 Livium
385 1596 433 1660 sio
463 1597 650 1678 scripsisse:
685 1595 936 1678 imploratos
966 1596 1170 1661 adversus
1193 1593 1287 1658 Phi-

131 1703 291 1788 lippum
314 1703 469 1768 tulisse
492 1723 621 1786 opem,
652 1724 732 1767 non
755 1711 923 1785 rogatos
945 1703 1061 1768 ultro
1086 1703 1288 1768 adversus

131 1818 344 1894 tyrannum
361 1810 502 1875 Nabim
515 1809 666 1875 offerre
685 1809 899 1889 auxilium,
915 1811 1003 1876 mala
1021 1832 1121 1876 manu
1139 1811 1287 1887 alicuius,

133 1919 185 1983 cui
213 1918 311 1983 nimis
341 1917 427 1982 nude
457 1917 1200 2002 1111111111ίοί1111111111111111111111,
1230 1916 1288 1980 ad·

132 2025 235 2091 ditum
270 2045 340 2090 esse
370 2025 587 2090 auxilium,
645 2023 749 2107 [ldem
780 2025 984 2109 iudicaverat
1014 2025 1038 2090 l.
1068 2026 1108 2090 Η.
1139 2025 1288 2104 Vossius;

131 2131 277 2198 offensus
300 2134 460 2198 oratiam
485 2131 692 2214 Gronovius]
742 2133 785 2198 Ε1
808 2135 964 2216 quoniam
986 2132 1047 2198 hoo
1070 2133 1288 2197 certissimum

131 2249 182 2305 est
214 2241 399 2324 exemplum
431 2240 619 2305 huiusmodi
652 2239 871 2305 additamenti
901 2261 1012 2305 omnes
1043 2240 1173 2305 codices
1202 2238 1288 2304 obsi-

131 2347 250 2428 dentis,
281 2347 488 2414 conferamus
517 2349 550 2411 in
572 2369 681 2425 unum,
712 2367 785 2429 quae
809 2346 954 2411 eiusdem
977 2348 1105 2431 generis
1129 2347 1288 2432 exempla,

123 2462 169 2520 ut
196 2455 291 2520 nobis
315 2454 447 2536 quidem
471 2454 630 2531 1111111111,
661 2463 752 2519 certa
775 2463 808 2519 et
830 2457 1006 2539 perspicua
1028 2458 1060 2519 in
1083 2454 1145 2520 hae
1169 2462 1289 2538 quarta

124 2562 257 2629 decade
286 2570 345 2627 aut
373 2562 582 2643 coarguimus
610 2563 676 2627 iam
703 2570 763 2627 aut
790 2563 929 2645 posthac
952 2583 1184 2646 coarguemus,
1213 2570 1290 2628 sunt

122 2677 245 2736 autom
266 2668 350 2735 hac:
384 2668 503 2748 XXXI,
532 2674 561 2749 7,
592 2674 609 2733 3
634 2669 820 2750 (Punico).
850 2675 902 2745 40,
931 2674 949 2732 9
979 2671 1158 2753 (auctor),
1189 2676 1240 2750 47,
1269 2675 1288 2733 6

120 2776 288 2860 (quem),
317 2776 452 2855 XXXII,
482 2781 532 2856 21,
565 2780 603 2840 16
632 2776 813 2859 (potius),
843 2777 994 2856 XXXIII,
1027 2781 1075 2857 18,
1106 2776 1288 2860 186111-

117 2883 253 2965 runt),
281 2883 346 2963 (43,
374 2884 464 2948 9111
486 2884 736 2964 Etruriam),
763 2882 910 2962 XXXIV,
941 2889 968 2964 5,
997 2888 1015 2948 9
1040 2882 1178 2966 (urbe),
1209 2888 1238 2963 7,
1267 2887 1373 2966 duaa)

117 2991 297 3072 (solum),
326 2994 376 3071 40,
406 2996 424 3055 5
448 2991 610 3073 (prope),
638 2991 769 3065 XXXV,
796 2995 844 3070 12,
867 2996 886 3056 8
910 2991 1118 3075 (propter),
1142 2989 1289 3069 XXXVI,

117 3104 160 3178 4,
181 3103 196 3162 1
217 3096 421 3182 (Philippo
445 3107 484 3162 et
500 3098 715 3163 Ptolemaeo
734 3098 894 3182 AEgypti
914 3098 1030 3182 rege),
1052 3103 1101 3178 20,
1122 3102 1140 3162 2
1161 3097 1287 3179 (dies),

117 3204 296 3284 XXXVII,
322 3209 411 3284 11,3
435 3205 497 3279 (ad
521 3203 713 3289 Sipylum,
738 3226 758 3270 a
781 3204 932 3271 Creverio
956 3205 1171 3286 damnatum),
1195 3209 1244 3284 30,
1269 3209 1288 3268 2

118 3312 349 3393 (Rhodios),
379 3316 430 3392 42,
460 3316 479 3375 2
511 3313 620 3395 (alii),
652 3317 701 3392 58,
732 3320 751 3376 4
782 3314 922 3393 (tanta,
953 3336 973 3378 a
1002 3315 1101 3379 Gron.
1133 3322 1166 3378 et
1197 3311 1287 3377 Crev.

117 3419 385 3500 damnatum).¹)

162 3690 189 3755 ¹)
206 3688 270 3760 Cap.
295 3693 340 3757 23,
364 3693 380 3745 6
403 3691 584 3761 (Philippi)
609 3697 638 3745 et
660 3693 702 3757 28,
725 3693 741 3744 6
764 3691 807 3756 (11
824 3691 1042 3753 Aristaenuml
1066 3699 1094 3747 et
1113 3694 1160 3758 28,
1186 3693 1202 3745 2
1226 3690 1290 3759 ((11-

203 3775 371 3841 scensum)
382 3776 628 3831 Weissenbornius
638 3777 668 3830 111
677 3777 766 3830 altera
774 3775 899 3830 editione
910 3794 975 3831 vera
984 3785 1096 3832 secutus
1106 3783 1157 3831 est.
1182 3775 1287 3843 (1181]-

202 3860 272 3915 lusia
287 3860 414 3929 Spartam
431 3861 572 3927 descendi,
587 3879 644 3916 non
660 3861 781 3927 ascendi,
800 3861 951 3917 admonere
967 3867 1077 3931 poterat
1090 3861 1183 3916 Ocnus
1199 3862 1289 3914 amnis

202 3952 305 4014 prater
324 3945 467 3999 Sellasiam
492 3947 521 4000 in
539 3947 678 4000 Eurotam
697 3945 841 4013 defluens.)
884 3946 958 4016 [Cap.
978 3950 1024 4012 24,
1048 3952 1077 4000 4:
1106 3963 1167 4000 vos
1189 3963 1289 4015 roga·
1406 3966 1408 3971 ·

203 4047 283 4096 mus,
307 4038 344 4083 ut
361 4059 396 4068 -
413 4032 465 4085 ita
483 4049 538 4085 res
558 4030 700 4085 Groecioe
720 4033 960 4099 constituatis,
983 4039 1019 4085 nt
1037 4033 1078 4086 ab
1095 4030 1288 4085 latrocinio

204 4130 338 4183 quoquc
355 4116 548 4170 AEtolorum
566 4117 651 4170 satis
669 4122 791 4184 pacata
808 4117 878 4171 hac
896 4118 1105 4185 relinquatis
1141 4116 1163 4168 B
1183 4115 1290 4169 omittit

203 4197 272 4254 haeo
279 4218 286 4266 ;
302 4206 396 4270 potest
405 4201 501 4256 Livius
517 4202 673 4270 scripsisse:
692 4210 848 4270 pacatam
864 4203 1080 4270 relinquatis.
1111 4198 1195 4268 1863.)
1224 4199 1288 4269 Cap.

135 4278 141 4295 ⁸
203 4285 245 4352 80,
267 4286 284 4338 2
306 4287 410 4354 partini
433 4304 496 4341 cum
515 4286 746 4341 Drakenborchio
769 4287 947 4342 scribendum
970 4292 1023 4341 est:
1048 4286 1233 4355 Postquam
1256 4285 1289 4338 id
