2994 5108
222 497 283 550 Lib.
303 495 459 549 XXXVIII.
770 483 831 543 542

223 669 348 732 tatione
387 669 434 732 rei
474 675 641 751 perpetuae
683 666 850 747 (colunt)
891 671 1064 748 separetur
1101 665 1266 744 narratio,
1299 663 1376 747 quid

223 783 290 839 tum
322 775 493 847 acciderit,
517 782 551 839 et
585 796 658 838 eum
680 775 806 856 reliqua
829 774 1019 838 narratione
1052 770 1225 850 (ventum
1253 779 1315 836 est
1335 804 1376 816 -

223 883 346 963 misit)
381 885 606 965 coniungatur.
652 882 896 947 correctionem
929 880 1086 964 praecepit
1117 880 1275 945 librarius
1304 879 1373 944 eod.

225 992 301 1055 Lov.
327 995 355 1055 6,

310 1097 387 1181 Cap.
415 1103 463 1172 16,
488 1101 505 1161 3
530 1097 584 1177 (de
609 1096 722 1174 Gallis,
747 1098 804 1178 qui
827 1103 947 1179 postea
963 1097 996 1158 in
1014 1095 1127 1159 Asiam
1143 1094 1374 1174 transierunt):

224 1207 464 1289 Byzantium
493 1225 610 1287 quum
640 1201 1235 1290 pervenissentaliquamdiu
1273 1221 1378 1266 oram

224 1312 495 1394 Propontidis
518 1310 763 1393 vestigalem
787 1310 973 1375 habendo
995 1310 1178 1392 regionis
1202 1310 1291 1373 eius
1314 1330 1378 1372 ur·

223 1420 292 1483 bes
316 1419 593 1483 othnuerunt.
639 1418 745 1483 Urbes
767 1440 831 1482 uon
856 1418 1051 1483 obtinentur
1068 1437 1168 1493 oram,
1193 1437 1268 1500 quae
1290 1416 1379 1481 urbi·

223 1527 283 1592 bus
308 1534 402 1609 paret
426 1534 458 1590 et
481 1526 637 1604 adhaeret,
661 1525 854 1608 vectigalem
876 1524 1039 1590 habendo.
1085 1524 1225 1589 Barbari
1256 1531 1291 1588 et
1311 1523 1379 1589 bel-

224 1635 318 1699 licosi
341 1635 498 1712 homines,
522 1634 578 1698 sed
603 1634 644 1698 ab
666 1634 803 1698 urbibus
827 1640 860 1698 et
882 1631 1111 1716 oppugnandis
1135 1638 1168 1697 et
1184 1630 1377 1696 habitandis

225 1742 332 1820 alieni,
355 1748 503 1824 apertam
526 1742 692 1823 regionem
715 1741 957 1824 percursabant
974 1740 1202 1821 vastandoque
1225 1760 1325 1822 agros
1348 1744 1381 1805 et

224 1850 380 1914 minando
404 1848 553 1926 Graecos,
584 1850 640 1932 qui
667 1849 766 1913 urbes
788 1850 932 1913 munitas
965 1848 1129 1925 tenebant,
1151 1848 1296 1931 vectigal
1317 1847 1378 1913 sibi

225 1957 368 2040 pendere
392 1957 563 2038 cogebant.
599 1957 663 2021 Res
681 1978 791 2040 perse
809 1959 985 2040 perspicua
1002 1954 1215 2020 confirmatur
1231 1955 1284 2035 iis,
1307 1976 1380 2040 qua

224 2064 380 2148 Polybius
404 2064 457 2131 IV.
476 2068 526 2138 46,
551 2068 569 2127 3
588 2064 628 2129 de
656 2064 845 2148 Byzantinis
865 2064 970 2129 Gallis
988 2063 1153 2147 stipendia
1171 2063 1378 2128 solventibus

225 2173 353 2236 scribit:
389 2179 456 2232 κατὰ
477 2181 526 2250 μὲν
549 2169 596 2234 οὗν
623 2180 670 2242 τὰς
699 2178 786 2252 ἀρχὰς
816 2184 843 2234 ἓν
866 2176 923 2242 ταῖς
945 2177 1051 2249 ἐφόδοις
1079 2177 1167 2233 αὐτῶν
1195 2170 1263 2252 (τῶν
1292 2180 1380 2233 rate

224 2279 289 2360 τῶν)
318 2315 361 2323 -
388 2286 462 2358 δῶρα
485 2285 615 2342 διετέλουν
637 2286 664 2341 οἱ
684 2288 826 2351 Βυζάντιοι
849 2284 964 2350 διδόντος
987 2285 1038 2340 ἀνὰ
1059 2288 1225 2359 τρισχιλλους
1248 2286 1296 2341 καὶ
1318 2306 1379 2341 πον·

225 2397 415 2463 τακιοχιλιόυς,
439 2395 503 2448 ποτὲ
526 2393 554 2448 δὲ
578 2393 622 2450 nal
643 2397 756 2468 μυρίους
784 2395 919 2465 χρυσοῦς,
949 2394 990 2465 ἐφ’
1014 2384 1035 2467 ᾧ
1054 2394 1092 2465 μὴ
1115 2396 1315 2467 καταφθείρειν
1336 2394 1381 2463 τὴν

224 2503 317 2574 χώραν
345 2499 444 2555 αὐτῶν
468 2503 539 2564 τέλος
567 2501 814 2578 δίἰάγκάοθηοιιν
849 2501 1012 2578 ὀγδοήκοντα
1047 2502 1161 2556 τάλαντα
1201 2504 1383 2576 sinopitem

225 2610 311 2682 gripor
335 2610 417 2662 τελεῖν
440 2589 501 2663 κοτ’
526 2612 651 2665 ἐνιαυτόν.
697 2605 844 2686 Apparet
866 2604 981 2684 igliur,
1005 2603 1092 2684 apud
1115 2602 1244 2666 Livium
1274 2623 1384 2668 veram

227 2711 423 2792 scripturam
453 2718 614 2774 servatam
645 2733 717 2775 esse
745 2709 827 2774 inB
859 2711 913 2790 (de
936 2710 969 2773 M
992 2710 1147 2788 taceturl:
1183 2709 1386 2792 aliquam·

226 2818 293 2881 din
324 2838 434 2880 oram
462 2818 749 2900 Propontidis,
784 2818 1003 2900 vectigalis
1032 2816 1215 2880 habendo
1250 2819 1385 2900 regio·

227 2926 287 2988 nis
323 2926 408 2988 eins
442 2925 579 2995 urbes,
611 2926 887 2990 obtinuerunt.
935 2925 1106 2989 Ablativus
1136 2926 1289 3006 gerundii
1321 2926 1386 2989 for·

226 3055 312 3097 mam
347 3041 379 3097 et
413 3034 544 3096 modum
578 3035 627 3097 rei
662 3034 834 3116 signifieat.
882 3032 968 3112 (vid.
999 3031 1140 3095 Gramm.
1170 3031 1244 3096 Lat.
1281 3031 1383 3114 §416

139 3155 212 3222 (440)
230 3146 297 3204 not.
324 3145 339 3202 1
365 3141 579 3222 exemplaque
603 3163 623 3204 a
645 3142 910 3205 ll'eisseubornio
935 3139 977 3202 ad
1000 3138 1151 3213 XXVIII,
1180 3144 1230 3217 16,
1258 3145 1298 3204 10
1322 3141 1389 3205 col·

230 3248 332 3325 leeta3
358 3247 432 3311 add.
457 3247 587 3318 XXIII,
614 3253 662 3325 39,
688 3256 731 3326 4.)

312 3352 390 3436 Cap.
417 3359 464 3432 17,
490 3360 507 3417 5
533 3356 578 3433 (in
604 3354 660 3418 Cu.
684 3355 799 3419 Manlii
833 3356 996 3431 orat-ione,
1027 3354 1082 3417 nbi
1111 3363 1259 3418 terrores
1285 3355 1387 3420 Galli·

225 3483 281 3525 oos
306 3460 442 3538 elevat-l:
479 3462 552 3526 Sed
575 3462 669 3535 lime,
694 3464 841 3543 quibus
870 3461 1042 3526 insolita
1071 3469 1195 3544 atque
1219 3463 1388 3528 insueta

226 3577 331 3643 suut,
358 3571 486 3631 (Irasci
511 3579 549 3632 et
572 3570 748 3651 Phryges
773 3569 952 3633 etCares
972 3571 1156 3641 timeant;
1183 3570 1387 3648 Romanis,

226 3675 376 3739 Gallici
411 3677 612 3739 tumultus
648 3677 850 3752 adsuetis
886 3677 1009 3740 etiam
1037 3677 1248 3741 vanitates
1284 3687 1387 3743 notae

226 3790 328 3847 sunt.
365 3781 458 3858 Quod
483 3782 1387 3860 insolensinsuetus,insolitusaliouiusrei

226 3891 357 3968 dieitur,
382 3890 456 3953 inde
479 3911 519 3953 ne
542 3890 576 3953 id
600 3891 731 3970 quidem
755 3892 918 3972 sequitur,
944 3899 1097 3955 suetum
1122 3890 1307 3957 alieuius
1330 3894 1387 3958 rei

225 4005 314 4061 recte
338 3998 401 4060 diei
425 3996 490 4076 (est
514 3999 599 4060 enim
623 3997 797 4061 inhaere
823 4000 922 4062 etlam
946 3999 1057 4081 aliqua
1080 3999 1126 4061 vis
1149 4000 1301 4063 notionis
1319 4003 1385 4084 pri-

227 4104 355 4184 vandi);
391 4103 589 4169 adsuetus
619 4105 748 4187 quidem
779 4114 914 4188 propter
943 4105 1188 4189 praepositionis
1217 4106 1300 4188 (ad)
1322 4110 1387 4171 vim

225 4211 415 4294 longissime
433 4212 474 4274 ab
492 4213 556 4276 illis
576 4212 746 4276 adieetivis
766 4214 868 4277 distat
887 4234 946 4277 neo
964 4214 1148 4293 genetivum
1169 4213 1235 4277 sibi
1249 4215 1385 4298 adiungi
