2994 5108
758 481 819 544 252

212 668 456 753 separationem
485 687 663 752 paremque
693 686 767 732 cum
795 687 833 732 eo
862 665 1057 751 dignitatem
1085 664 1246 750 singulari
1272 666 1368 733 testi·

210 777 321 843 monio
350 774 545 841 confirmant
572 775 653 841 folia
674 775 889 860 palimpsesta
910 774 1141 855 Taurinensia,
1171 795 1244 858 quse
1266 797 1368 861 quum

212 884 255 950 ad
276 884 404 949 Livium
426 884 591 968 pertinere
614 889 691 949 ante
713 905 781 950 non
802 882 924 949 multos
947 905 1051 950 annos
1074 883 1107 949 0.
1126 884 1163 949 B.
1183 882 1224 949 de
1247 883 1367 951 Vesme

211 993 405 1073 iudicasset,
440 1013 494 1072 ea,
529 1013 602 1076 quae
634 993 669 1057 in
702 1012 759 1057 sex
787 1013 827 1058 ex
855 998 982 1077 septem
1010 991 1176 1075 (octavum
1206 992 1274 1057 iam
1300 1011 1368 1058 non

212 1100 393 1187 comparet)
421 1101 487 1184 legi
514 1107 686 1186 poterant,
714 1102 893 1185 perexigua
919 1101 1062 1167 frustula
1088 1100 1165 1166 libri
1189 1099 1313 1166 XXVII
1335 1108 1370 1167 et

212 1209 320 1274 XXIX
344 1210 430 1275 eruit
452 1216 487 1275 et
508 1209 613 1275 edidit
636 1208 696 1274 Gu.
721 1208 926 1276 Studemund
948 1209 1056 1292 (Anal.
1080 1209 1147 1274 Lis.
1170 1231 1201 1293 p.
1227 1213 1246 1273 6
1270 1208 1367 1293 sqq.)

211 1318 296 1384 Nam
328 1324 549 1403 praeterquam
582 1319 672 1403 quod
699 1319 827 1384 minora
856 1319 1020 1403 quadam,
1054 1339 1126 1400 quae
1147 1318 1368 1385 Rhenanuse

213 1425 297 1511 Spir.
320 1428 354 1491 in
383 1427 498 1492 ordine
520 1426 694 1492 verborum
715 1433 869 1507 novarat,
903 1447 924 1492 a
945 1428 970 1491 P
994 1426 1215 1507 discedentia,
1251 1426 1368 1492 eodem

212 1535 326 1602 ordine
349 1537 384 1600 in
406 1535 432 1600 T
456 1534 516 1618 (sic
539 1536 624 1600 enim
647 1535 864 1620 appellemus)
889 1536 1079 1601 scribuntur
1102 1533 1249 1618 (XXVII,
1275 1538 1324 1615 13,
1348 1537 1367 1600 9

211 1645 374 1728 pedites
397 1645 572 1727 equites,
603 1648 642 1709 10
665 1646 811 1710 armati
835 1646 1071 1728 ornatique,
1099 1665 1125 1708 c.
1151 1648 1200 1723 34,
1231 1647 1250 1708 3
1272 1643 1369 1709 mul·

212 1753 267 1818 tie
290 1759 384 1817 ante
407 1752 552 1835 annis),
582 1759 616 1818 et
637 1759 855 1838 praeterquam
881 1753 969 1838 quod
991 1753 1123 1834 XXVII,
1156 1756 1204 1832 13,
1233 1756 1318 1818 9111
1339 1752 1369 1818 is

212 1861 345 1946 quidem
367 1861 509 1927 alterum
531 1862 658 1927 iussit
680 1861 796 1941 habet,
826 1864 860 1927 in
884 1883 911 1927 c.
936 1867 991 1942 34,
1023 1866 1076 1941 13,
1103 1861 1161 1927 ubi
1182 1861 1216 1925 in
1239 1861 1266 1925 P
1288 1861 1370 1926 scri·

211 1968 309 2049 bitur,
326 1970 461 2035 vocibus
478 1969 605 2053 aliquot
621 1972 756 2051 omissis,
773 1993 846 2056 pro
870 1971 1032 2035 noxium
1056 1970 1369 2053 comperissent,

210 2077 236 2142 T
265 2100 398 2162 prorsus
428 2079 544 2144 eadem
572 2080 711 2164 praebet,
746 2101 818 2162 quae
841 2078 1019 2144 Rhenanus
1047 2101 1088 2144 ex
1116 2078 1364 2162 Sprotulerat:

212 2209 282 2271 pro
317 2188 419 2252 malo
456 2209 500 2253 ao
534 2189 652 2253 noxio
683 2188 965 2268 damnassent,
1007 2188 1041 2252 si
1069 2187 1232 2253 noxium
1262 2207 1370 2253 eom·

212 2296 464 2379 perissent.¹)
521 2295 815 2362 Commemoranda
843 2296 983 2381 denique
1013 2302 1065 2361 est
1092 2296 1229 2380 propria
1257 2301 1292 2361 et
1320 2296 1370 2360 iu·

212 2403 312 2486 signis
341 2403 462 2468 codicis
485 2404 506 2469 S
530 2427 596 2470 non
626 2406 699 2470 dico
727 2405 921 2490 praestantia
944 2405 1064 2488 (neque
1092 2404 1179 2470 enim
1202 2404 1244 2468 ad
1267 2403 1371 2470 fidem

279 2574 344 2640 eis,
371 2572 389 2626 S
415 2573 479 2627 alii
502 2573 637 2642 *aliis),
666 2578 698 2630 19
719 2577 882 2645 (praeberi
909 2576 1018 2643 iussa,
1046 2575 1240 2644 Spraebere
1258 2574 1368 2641 iussa,

278 2677 372 2714 errore
392 2677 426 2713 ex
444 2662 689 2729 praeberinssa
706 2667 778 2729 0110,
798 2661 852 2715 vid.
872 2680 899 2732 p.
919 2660 973 2728 57),
999 2678 1021 2713 c.
1039 2664 1083 2726 40,
1101 2662 1118 2713 6
1136 2659 1369 2730 (opinionem,

278 2745 297 2800 S
313 2744 579 2814 opinationem),
594 2747 710 2813 7(dum
727 2765 786 2815 me,
804 2748 859 2802 hoc
873 2752 924 2813 est,
943 2747 1022 2800 dum
1040 2764 1079 2799 ne
1098 2753 1146 2800 aut
1160 2746 1306 2801 dumme
1320 2763 1371 2813 ne,

278 2830 297 2885 S
322 2831 396 2885 dum
424 2849 473 2884 me
497 2832 590 2900 non),
617 2835 634 2886 9
658 2834 820 2900 (liberet,
850 2832 868 2886 S
896 2831 1059 2898 liberat),
1089 2835 1118 2885 11
1145 2831 1321 2898 (aliorum,
1350 2829 1370 2884 S

277 2916 496 2985 aliquorum),
517 2922 549 2972 12
567 2920 816 2986 (aemulatione,
834 2919 864 2972 id
883 2924 925 2972 est
944 2918 1210 2982 aemulationem,
1230 2915 1248 2970 S
1267 2932 1368 2970 1111111-

277 3005 431 3058 lotiones
459 3022 474 3058 e
501 3004 704 3071 correctione),
739 3007 770 3058 13
797 3005 840 3058 bis
868 3004 946 3071 (iam
972 3004 1138 3070 vivendo,
1166 3003 1185 3058 S
1212 3001 1371 3057 videndo

277 3089 359 3157 iam,
384 3094 444 3143 tum
462 3094 573 3159 parta,
597 3090 772 3160 Sparata,
798 3091 908 3156 11141,
933 3092 950 3143 6
969 3089 987 3143 S
1007 3095 1084 3143 recte
1103 3094 1251 3158 partam,
1276 3089 1299 3144 P
1318 3107 1370 3159 pa·

278 3174 409 3242 ratam),
435 3175 568 3244 1411110,
592 3175 732 3246 Serge),
758 3194 780 3228 0.
800 3180 841 3243 41,
868 3176 943 3229 lbis
962 3176 1175 3245 (ignoscere.
1195 3173 1214 3229 S
1233 3192 1368 3245 cogno·

279 3277 390 3325 scere,
418 3265 479 3314 tum
501 3278 574 3315 rem
598 3262 786 3330 publicam,
815 3262 833 3316 S
858 3279 893 3315 re
916 3260 1198 3329 imperatorum),
1226 3261 1321 3329 3(01,
1349 3262 1369 3317 S

277 3345 369 3412 nisi),
388 3348 405 3399 8
423 3345 638 3416 (accingeris,
658 3348 677 3402 S
694 3347 765 3402 haec
784 3347 940 3417 ingeris).
964 3347 1094 3401 Dubitari
1114 3351 1211 3415 potest
1229 3345 1265 3401 de
1285 3365 1310 3403 c.
1326 3350 1368 3415 39,

281 3433 312 3484 19
334 3430 368 3496 (P
390 3433 542 3486 muneris
571 3432 642 3486 dari
664 3451 704 3487 ne
727 3434 840 3487 minus
864 3433 967 3498 dena,
1001 3432 1020 3486 S
1042 3431 1197 3486 muneris
1223 3448 1311 3503 ergo
1335 3435 1370 3489 in

279 3516 443 3585 singulos
467 3518 545 3571 dari
570 3518 677 3584 dece),
702 3536 725 3572 0.
744 3521 790 3584 40,
814 3521 830 3571 2
853 3518 887 3585 (P
906 3535 1020 3586 neque
1044 3518 1152 3572 aliter
1174 3517 1209 3572 id
1232 3517 1329 3588 11011,
1351 3518 1369 3574 S

278 3619 390 3669 neque
408 3603 444 3655 id
462 3603 572 3656 aliter
589 3603 718 3670 finiri),
743 3622 766 3659 c.
785 3607 827 3671 40,
854 3606 885 3657 10
903 3603 934 3669 (S
955 3603 995 3656 ad
1013 3621 1098 3673 pop,
1122 3603 1144 3655 P
1163 3605 1253 3673 apud
1271 3604 1368 3675 pop).

278 3686 430 3741 Manifesta
461 3689 564 3742 menda
595 3694 716 3758 uterque
742 3689 830 3744 babet
856 3708 878 3743 c.
906 3692 952 3756 40,
990 3692 1022 3743 10
1049 3689 1290 3758 (inspectante
1317 3707 1367 3758 pro

278 3772 484 3839 insectanti)
508 3779 536 3827 et
558 3778 604 3842 41,
630 3778 661 3828 10
684 3775 802 3842 (nobis
824 3792 877 3844 pro
897 3775 1016 3842 novis).
1053 3774 1088 3828 In
1107 3775 1168 3829 libr.
1187 3775 1308 3845 XXVII,
1327 3779 1368 3842 33,

279 3860 311 3911 10
328 3864 357 3911 11
374 3860 415 3924 34,
434 3861 451 3912 8
468 3877 526 3913 non
543 3861 711 3914 nominatim
729 3861 833 3914 citatur
847 3859 919 3928 Spir.
934 3860 963 3913 in
978 3877 1067 3914 anno
1084 3866 1112 3914 11
1127 3862 1289 3930 praebuit,
1307 3879 1369 3934 ques

277 3943 364 3997 verba
387 3944 417 3997 in
434 3944 456 3997 P
475 3945 652 4011 exciderunt;
676 3945 725 3999 sed
744 3950 842 3999 tenent
859 3949 1010 4014 utrumque
1028 3946 1149 4013 codices,
1173 3948 1222 4016 qni
1241 3948 1368 4019 Spirensi

277 4029 406 4096 proxime
424 4029 578 4084 adbaerent.
615 4029 779 4097 (Confirmat
797 4038 947 4099 utrumque
966 4030 1065 4098 Taur.)

238 4112 260 4179 ¹)
280 4113 322 4167 De
340 4113 415 4167 loliis
434 4114 477 4168 bis
495 4116 686 4185 palimpsestis
706 4120 817 4170 tantum
837 4117 951 4170 addam:
976 4115 1040 4170 Una
1058 4122 1102 4170 est
1120 4119 1259 4174 notabilis
1278 4121 1366 4190 001111·

277 4204 342 4252 tura
367 4200 401 4253 ab
425 4201 554 4254 omnibus
574 4203 674 4256 ceteris
693 4201 837 4255 codicibus
856 4201 1002 4255 discedens
1021 4201 1144 4269 XXVII,
1174 4207 1219 4271 13,
1248 4205 1367 4260 'iade-

276 4285 401 4338 misset
418 4302 470 4354 pro
489 4286 712 4360 abstuliqset,
737 4303 809 4340 unus
826 4287 959 4356 proprius
978 4304 1057 4341 error
1077 4305 1099 4341 c.
1118 4290 1160 4355 34,
1182 4292 1214 4343 12
1232 4291 1264 4345 in
1283 4292 1367 4347 omit·

278 4369 372 4437 tendo,
389 4371 412 4424 si
434 4371 518 4439 spatii
529 4371 635 4426 indicio
657 4372 804 4440 credimus,
820 4372 905 4426 verbo
921 4372 1061 4441 0111111,
1082 4372 1137 4428 duo
1148 4374 1184 4429 ed
1195 4392 1268 4445 eam,
1282 4394 1368 4447 quam
