2994 5108
192 508 258 565 Lib.
276 507 325 564 111.
495 516 496 520 ’
750 495 791 558 88

191 682 311 765 Itaque
334 684 367 746 et
385 677 541 765 Siesbyeo
565 679 710 763 etmihi,
733 679 830 747 alteri
852 678 989 745 alterius
1007 677 1203 744 coniectura
1220 676 1350 762 ignaro,

192 790 227 879 in
267 794 410 854 mentem
447 789 549 853 venit:
588 788 644 854 Ne
682 808 777 854 voce
812 785 972 872 quidem
1010 784 1211 867 luco-nodl,
1245 784 1278 851 ln
1308 806 1350 867 e,

193 897 271 962 dum
316 903 446 975 cavent,
496 916 538 960 ne
584 895 635 961 vel
680 916 758 963 voce
802 894 1002 962 incommodi
1046 895 1122 961 sint.
1190 891 1227 960 Si
1264 893 1352 960 alte·

191 1027 266 1071 rum
281 1004 400 1069 ·Livius
429 1003 573 1086 scripsit,
605 1004 754 1088 perdura
777 1025 858 1069 usus
886 1009 938 1070 est
965 1001 1112 1070 ablativo
1133 1000 1225 1069 modi
1246 1021 1350 1086 nega·

190 1113 260 1180 tivo
284 1111 339 1194 (ne
360 1131 440 1178 voce
463 1110 596 1196 quidem
618 1110 826 1177 incommoda
846 1110 1075 1195 interposita);
1105 1110 1168 1176 vid.
1192 1109 1249 1176 Gr.
1273 1109 1350 1176 Lat.

192 1220 305 1306 §252
350 1218 473 1302 (1861.)

278 1326 358 1413 Cap.
384 1330 438 1407 18,
470 1333 503 1391 1:
536 1327 684 1394 Eadem
711 1331 834 1394 nocte
864 1331 903 1392 et
931 1325 1150 1393 Tusculum
1179 1326 1226 1391 de
1254 1344 1352 1391 aros

191 1436 513 1521 capta-nuntii
534 1436 711 1502 veniunt.
746 1433 838 1500 Nihil
861 1438 920 1514 est,
944 1455 1009 1518 quo
1033 1440 1072 1499 et
1092 1433 1209 1499 referri
1230 1433 1350 1517 possit.

191 1547 308 1612 Ortum
346 1543 381 1609 id
414 1550 467 1608 est
500 1564 540 1608 ex
572 1542 793 1627 geminatione
825 1541 946 1607 litterae
979 1541 1195 1626 praecedentis
1229 1547 1264 1608 ot
1296 1562 1352 1608 se·

191 1652 332 1735 quentis,
361 1649 639 1734 quemadmodum
660 1650 715 1730 IV,
744 1653 773 1729 8,
797 1656 817 1714 4
839 1671 899 1734 pro
922 1648 1201 1731 custodiaque
1224 1648 1351 1716 tabu·

187 1759 317 1825 larum
340 1758 497 1843 scriptum
521 1778 621 1842 prave
644 1779 716 1824 esse
740 1757 1024 1841 custodiaeque
1053 1763 1093 1822 et
1113 1756 1350 1823 tabularum

191 1865 362 1933 Creverius
395 1866 486 1932 vidit.
540 1865 690 1931 Eundem
723 1885 868 1931 errorem
904 1865 938 1929 in
967 1865 1083 1930 iisdem
1110 1864 1230 1931 litteris
1258 1886 1348 1932 com·

187 1976 323 2040 missum
350 1975 463 2040 notavi
487 1974 566 2040 olim
588 1975 622 2038 in
646 1971 813 2039 Ciceronis
835 1971 994 2039 librorum
1018 1972 1059 2038 de
1081 1971 1152 2037 Fin.
1176 1972 1350 2039 codicibus

187 2081 379 2166 vulgaribus
408 2081 454 2161 11,
483 2084 539 2162 25,
568 2085 609 2146 84
639 2079 848 2166 (praeclare
876 2087 916 2146 et
944 2079 1128 2162 tuebere)
1151 2086 1185 2147 et
1206 2081 1241 2145 iu
1264 2078 1349 2147 Sne·

186 2191 271 2256 tonii
305 2188 422 2254 Claud.
450 2210 477 2254 c.
501 2193 539 2253 21
571 2188 760 2273 (utraque
793 2195 833 2253 et
865 2188 1042 2273 tophina
1074 2210 1135 2272 pro
1169 2193 1350 2274 utraque

187 2295 385 2381 tophina).

274 2402 354 2487 Cap.
381 2407 434 2483 19,
464 2406 482 2467 6
506 2402 553 2485 (iu
576 2404 621 2470 L„
636 2404 782 2482 Quinctii
805 2402 950 2469 consulis
973 2402 1154 2486 oratione):
1188 2403 1349 2470 Herdo-

185 2512 285 2577 nius
311 2560 370 2576 ...
395 2510 555 2577 hostem
579 2533 618 2578 se
640 2510 809 2578 fatendo
831 2532 958 2594 prope
980 2510 1262 2593 denuntiavit,
1301 2518 1351 2579 ut
1385 2531 1390 2538 '

187 2640 302 2684 arma
340 2620 567 2703 caperetis;
606 2619 671 2686 hic
704 2619 754 2702 (A.
781 2617 970 2700 Verginius)
1003 2619 1191 2702 negando
1231 2619 1350 2686 bella

187 2747 279 2792 esse
314 2745 428 2792 arma
455 2726 574 2792 vobis
602 2729 754 2793 ademit
783 2726 996 2810 nudosque
1025 2727 1164 2793 servis
1191 2730 1350 2795 vestris

186 2840 226 2898 et
254 2834 471 2899 exsulibus
501 2834 670 2901 obiecit.
725 2833 802 2918 Ipsa
824 2833 924 2898 verba
946 2833 1103 2913 clamant,
1137 2836 1190 2918 agi
1213 2834 1254 2902 de
1277 2857 1348 2904 uno

186 2939 352 3026 Capitolio
388 2948 500 3026 capto,
540 2941 696 3027 nullaque
734 2941 801 3006 alia
841 2940 931 3007 bella
972 2939 1167 3024 significari3
1207 2951 1347 3009 conten·

185 3049 304 3115 derant
333 3050 420 3115 enim
447 3049 573 3115 tribuni
595 3049 637 3132 (c.
663 3053 711 3130 16,
735 3048 779 3131 5),
802 3070 878 3114 non
906 3048 1074 3129 bellum,
1109 3051 1181 3115 sed
1203 3072 1350 3118 vanam

185 3159 402 3241 imaginem
441 3157 544 3222 belli
578 3155 831 3242 Capitolium
869 3156 1093 3238 insedisse;
1127 3179 1233 3242 neque
1273 3159 1347 3226 ufla

185 3264 240 3329 hic
268 3264 374 3348 figura
402 3264 482 3346 fingi
510 3271 636 3349 potest,
670 3285 735 3349 qua
764 3263 901 3348 pluralis
923 3285 983 3347 pro
1007 3264 1168 3347 singulari
1189 3274 1347 3350 ponatur.

187 3371 305 3456 Itaque
339 3392 439 3454 cogor
472 3372 585 3439 bella
618 3394 678 3457 pro
706 3372 858 3437 bellum
886 3392 995 3436 errore
1026 3374 1185 3456 scriptum
1213 3380 1345 3458 putare.

188 3477 311 3560 (1861.)
356 3479 483 3544 Eodem
506 3482 614 3564 capite
637 3479 654 3564 ξ
679 3487 733 3545 ll:
763 3480 813 3544 At
835 3479 939 3544 enim
960 3479 1153 3561 —legem
1175 3501 1246 3548 vos
1268 3483 1348 3550 hoc

185 3607 290 3652 anno
319 3586 557 3669 perlaturos
581 3589 804 3654 dictitatis.
853 3586 951 3650 Tum
973 3586 1142 3653 hercule
1165 3588 1243 3655 illo
1268 3590 1346 3672 die,

185 3715 262 3777 quo
286 3714 357 3777 ego
376 3695 523 3760 consul
541 3717 625 3761 sum
644 3702 816 3773 creatus,
835 3693 939 3759 mala
955 3702 1152 3777 gestares
1169 3697 1349 3780 publica

184 3808 255 3881 est,
278 3802 395 3886 peius
418 3804 555 3882 multo,
580 3824 698 3887 quam
716 3822 837 3886 quum
856 3801 890 3864 P.
909 3800 1100 3868 Valerius
1118 3805 1262 3871 consul
1280 3829 1346 3891 pe·

181 3909 267 3990 riit,
291 3910 325 3974 si
348 3910 545 3975 tuleritis.
580 3910 786 3994 Ineptissime
805 3908 965 3988 condici0,
984 3930 1057 3993 quae
1075 3911 1242 3994 particula
1258 3918 1345 3982 tum

183 4016 226 4081 ad
250 4018 422 4101 superiora
444 4018 550 4083 relata
567 4024 692 4083 etcum
710 4017 972 4081 adversariorum
989 4018 1087 4083 minis
1105 4038 1252 4085 connexa
1267 4043 1346 4106 gra-

181 4124 267 4189 viter
289 4132 324 4190 et
344 4124 489 4191 breviter
511 4125 698 4208 significata
720 4130 785 4203 est,
813 4124 975 4207 repetitur
996 4125 1030 4188 in
1053 4124 1118 4190 fine
1140 4128 1272 4209 periodi
1294 4130 1345 4213 (si

152 4230 158 4242 ‘
182 4231 400 4314 tuleritis),
423 4234 607 4317 praesertim
624 4236 701 4316 post
718 4231 907 4296 adiunctam
925 4230 1214 4314 amplificationem
1232 4235 1343 4304 illam:
