2994 5108
201 500 398 582 ,niumm
767 489 828 550 344

219 682 300 738 tum
328 674 379 752 P.,
409 673 496 755 quod
527 672 652 738 nullam
680 675 925 739 excusationem
952 675 1132 758 recipit).¹)
1190 675 1221 759 (ἕ
1251 681 1268 740 5
1298 684 1378 760 post

220 788 384 846 ruerent
407 781 529 846 excidit
552 788 600 846 et.
648 781 754 863 1862.)

133 905 206 973 (aar)
311 889 390 972 Gap.
420 893 475 967 42,
510 894 528 953 3
557 891 746 973 (postquam
775 890 815 954 de
843 890 970 974 proelio
999 890 1041 955 ad
1069 890 1225 956 Mundam
1254 899 1288 956 et
1316 890 1375 956 Cn.

219 999 380 1081 Scipionis
414 997 545 1062 vulnere
582 997 707 1062 dictum
736 997 815 1078 est):
851 997 1036 1062 Ceterum
1070 998 1177 1062 haud
1210 998 1374 1063 dubium

218 1105 313 1184 fuit,
348 1106 458 1189 quin,
492 1105 572 1169 nisi
603 1127 647 1170 ea
676 1127 787 1170 mora
815 1107 1125 1186 intervenisset,
1160 1113 1300 1172 castra
1327 1126 1375 1171 eo

219 1214 282 1277 die
327 1212 483 1276 Punica
532 1215 622 1295 capi
671 1216 892 1297 potuerint.
968 1213 1051 1278 Iam
1095 1234 1171 1278 non
1215 1213 1376 1278 milites

220 1321 363 1399 solum,
393 1320 463 1384 sed
492 1321 707 1403 elephanti
736 1323 860 1386 etiam
889 1342 1015 1403 usque
1045 1321 1093 1385 ad
1116 1321 1267 1386 vallum
1290 1316 1393 1386 acti’

219 1436 349 1508 erant,
379 1450 581 1511 superque
611 1429 742 1513 ipsum
770 1429 844 1510 (PM
872 1428 965 1493 Cant.
990 1429 1272 1512 superqipsas)
1302 1450 1375 1493 no-

218 1558 302 1602 vem
337 1543 376 1601 et
409 1538 588 1619 triginta
622 1536 831 1620 elephanti
861 1537 957 1620 pilis
986 1536 1150 1601 confixi.
1206 1535 1377 1601 Particnla

218 1647 296 1710 iam
332 1644 517 1727 significare
547 1643 675 1710 videtur
703 1647 949 1711 conversionem
977 1645 1119 1730 aliquam
1148 1663 1257 1709 rerum
1286 1665 1376 1709 com·

217 1760 435 1818 memoratum
468 1754 524 1831 iri,
559 1753 617 1817 scd
651 1755 799 1834 sequitur
828 1754 1007 1836 superioris
1030 1753 1142 1817 iudicii
1166 1751 1375 1818 confirmatio

218 1883 284 1926 una
311 1861 374 1925 hac
403 1862 569 1925 sententia
598 1859 849 1942 comprehensa3
882 1862 995 1943 itaque
1019 1860 1241 1925 scribendum:
1276 1860 1392 1942 Nam.

217 1990 292 2033 non
327 1975 390 2033 cet.
452 1968 593 2046 Deinde,
628 1969 756 2033 etiamsi
790 1969 918 2034 codices
953 1971 1189 2047 consentirent,
1223 1967 1375 2033 nonnihil

218 2077 376 2141 molestiae
410 2076 694 2159 dubitationisque
723 2076 845 2141 habere
875 2077 955 2141 mihi
984 2077 1175 2142 viderentur
1203 2076 1375 2160 elephanti

219 2206 341 2267 super
368 2184 517 2249 vallum
540 2184 673 2263 confixi,
709 2185 879 2266 quoniam,
914 2186 1076 2268 quomodo
1100 2187 1134 2249 in
1156 2185 1244 2249 vallo
1268 2184 1373 2267 (quod

217 2293 258 2356 ab
282 2313 401 2375 aggere
425 2293 588 2357 diversum
613 2290 677 2371 est)
702 2294 880 2358 consistere
903 2294 1081 2377 potuerint,
1105 2293 1282 2358 obscurum
1306 2297 1374 2373 est;

217 2421 418 2482 quamquam
448 2401 481 2463 in
505 2400 560 2477 lx,
590 2406 641 2479 45,
673 2405 711 2463 lo
735 2400 916 2466 homines
939 2402 976 2464 in
1000 2401 1108 2465 vallo
1132 2381 1316 2484 conspici
1341 2408 1378 2466 et
1414 2395 1419 2404 ’

245 2653 268 2719 ¹)
286 2653 321 2706 In
340 2653 440 2721 capitis
459 2656 492 2707 39
512 2655 594 2708 initio
614 2653 640 2722 (ἓ
662 2654 684 2720 1)
704 2672 761 2708 non
781 2651 901 2724 ¹possum
924 2674 982 2710 non
1004 2656 1113 2722 mirari,
1140 2671 1192 2724 pro
1215 2655 1377 2710 certissima

285 2739 419 2792 Gronovii
457 2746 485 2792 et
521 2740 640 2792 aliorum
673 2740 883 2805 emendatione,
918 2729 1163 2807 Drakenborchio,
1197 2739 1376 2809 Kreyssigio‚

283 2824 411 2877 Bekkcro
431 2827 559 2893 probata,
578 2843 633 2892 qua
651 2844 684 2879 ex
703 2825 747 2878 his
766 2826 1055 2894 codicistestigiis:
1076 2827 1146 2880 alia
1164 2826 1246 2879 aliis
1265 2825 1376 2880 lociia

597 2912 692 2964 ribus

284 2997 323 3049 ad
357 2996 561 3064 opsidendis
594 2996 680 3049 itine
713 2995 995 3063 claudendosque
1029 2997 1210 3065 opponitis
1244 2997 1376 3059 exitus,

687 3098 723 3133 ea

283 3184 360 3235 pars
379 3166 526 3219 maxima
549 3183 652 3234 super
670 3170 815 3218 tertrum
834 3167 995 3234 circaque
1017 3195 1052 3203 —-
1070 3168 1274 3221 consistunt
1292 3167 1375 3220 lenis·

283 3252 353 3304 sime
376 3250 507 3305 efficitur:
536 3251 595 3304 alii
622 3251 704 3303 aliis
728 3251 814 3303 locis
839 3251 878 3303 ad
902 3252 1092 3305 obsidenda
1115 3252 1250 3305 itinera
1275 3253 1373 3306 clau·

284 3337 482 3404 dandosque
511 3337 667 3404 oppositi
696 3336 825 3400 exitus3
858 3354 937 3404 pars
964 3338 1110 3390 maxima
1136 3354 1239 3405 super
1267 3338 1373 3392 thea-

283 3428 369 3474 trum
389 3423 650 3486 -consistunt,
670 3438 720 3489 pro
740 3438 780 3486 ea,
799 3423 922 3489 inquam,
940 3439 1029 3489 nuper
1047 3422 1107 3475 haec
1126 3439 1185 3474 esse
1205 3423 1375 3476 substituta:
1396 3441 1398 3445 ’

283 3506 352 3560 alia
385 3507 463 3560 aliis
495 3507 586 3559 locis
620 3506 659 3558 ad
692 3507 760 3559 obs.
794 3511 831 3558 it:
860 3506 1144 3574 claudendosque
1178 3508 1376 3574 opponitur

283 3591 408 3656 exitus,
432 3609 511 3660 pars
535 3593 684 3645 maxima
707 3598 774 3657 cet,
798 3599 828 3644 ut
846 3609 880 3643 ex
898 3609 978 3660 pars
997 3593 1142 3645 maxima
1161 3593 1233 3645 miro
1252 3591 1376 3647 artificio

283 3676 363 3728 initio
387 3677 535 3729 sententiaa
560 3677 595 3728 ad
619 3676 686 3729 alia
709 3677 841 3729 audiatur
858 3694 937 3744 pars
957 3683 985 3730 et
1003 3696 1054 3745 pro
1074 3695 1122 3743 eo,
1152 3678 1228 3745 quod
1250 3695 1374 3732 novera·

281 3778 354 3813 mus:
388 3762 447 3813 alii
475 3761 557 3814 aliis
581 3762 680 3827 locis,
705 3778 776 3814 nove
802 3761 926 3815 dicatur:
958 3763 1028 3816 alia
1056 3780 1134 3831 pars
1163 3762 1245 3816 aliis
1275 3764 1375 3818 locis.

280 3844 384 3899 Nocuit
401 3846 466 3899 huic
485 3846 557 3912 loco,
576 3851 608 3897 ut
626 3846 696 3912 aliis,
715 3847 831 3899 nimium
851 3847 975 3900 studium
994 3865 1067 3900 nova
1083 3847 1264 3901 extundendi.
1292 3845 1385 3909 Nam,

281 3936 312 3985 ut
336 3931 471 3999 proximis
494 3931 628 3997 exemplis
647 3935 722 3995 utar,
746 3931 830 3983 etiam
849 3949 872 3984 c.
892 3935 939 3997 37,
965 3935 980 3984 5
999 3932 1034 3985 ad
1054 3933 1174 4001 vestigia
1193 3933 1303 3987 codicis
1322 3951 1374 4003 op·

401 4016 430 4068 lc

281 4102 341 4153 timi
361 4100 542 4168 (patuerat)
560 4100 649 4168 Lipsii
673 4101 835 4155 coniectura
853 4102 975 4170 (palam
1000 4103 1084 4166 erat)
1104 4104 1260 4172 aptissimis
1280 4105 1376 4158 verbis

279 4187 396 4253 propius
425 4185 535 4239 accedit
559 4202 642 4252 quam
665 4202 727 4252 quae
752 4203 841 4254 nuper
864 4188 977 4254 prodita
993 4194 1044 4242 ‘est
1062 4189 1193 4256 (aperte
1218 4189 1318 4256 rati),
1346 4197 1378 4243 et

280 4288 302 4323 c.
323 4272 368 4335 38,
395 4275 405 4322 l
427 4288 460 4323 ex
485 4271 695 4324 convocatio
715 4272 795 4338 quib
814 4273 911 4324 melius
932 4272 1091 4326 Gronovius
1111 4272 1256 4326 effecerat:
1287 4291 1374 4328 con·

280 4357 410 4408 vocatis
430 4355 498 4407 suis
517 4372 600 4422 quam
618 4356 817 4410 Boettcherus:
837 4362 1008 4410 convocat
1026 4375 1113 4422 suos,
1133 4359 1268 4426 quibus.
