2994 5108
710 481 728 542 3

299 574 323 601 ’θ

137 664 234 729 tariis
256 665 465 743 instructam,
488 638 630 748 urgueri,
654 665 786 731 tertiam
803 672 913 732 autem
931 668 973 734 ab
991 668 1126 736 Hertzio
1145 677 1296 756 coeptam

138 795 227 854 esse,
259 773 389 838 litteras
417 779 549 838 nostras
577 774 643 864 iam
670 774 768 841 nimis
796 774 955 841 librorum
982 799 1117 843 numero
1141 786 1295 846 oneratas

139 901 223 947 nova
245 882 389 946 editione
412 881 541 946 onerari
562 881 721 947 volebam.
771 882 942 950 Postremo
965 885 1013 950 ita
1035 886 1232 966 iudicabam,
1261 889 1290 954 si
1308 893 1345 962 (3)

139 992 220 1055 meis
244 990 530 1056 emendationibus
554 990 755 1074 explicandis
777 997 916 1071 rectam,
944 993 1024 1077 quid
1053 995 1087 1059 in
1108 993 1192 1059 Livii
1222 1017 1293 1061 ora·

138 1101 228 1164 tione
258 1099 491 1165 constituenda
519 1098 690 1183 probabile
714 1106 815 1178 esset,
849 1100 1122 1166 existimationem
1145 1102 1294 1169 stabilire

138 1208 330 1291 potuissem,
358 1208 533 1273 vindicatis
556 1209 589 1272 11
612 1209 727 1291 paucis
749 1207 842 1287 locis,
867 1228 950 1291 qnos
972 1209 1044 1292 ipsa
1065 1211 1294 1294 propinquitas

138 1323 198 1380 aut
221 1315 400 1382 similitudo
425 1316 610 1396 obtulisset,
635 1316 773 1381 aliorum
796 1317 990 1382 necessariis
1010 1323 1044 1382 et
1062 1319 1147 1385 veris
1165 1340 1293 1385 correc-

125 1425 294 1503 tionibus
316 1423 463 1490 futurum
484 1425 536 1488 rel
558 1425 614 1504 sic,
639 1429 677 1489 ut
698 1424 823 1507 aliquid
846 1424 887 1490 ad
911 1425 1014 1491 totius
1035 1417 1193 1505 rei'dl'ad
1211 1428 1293 1493 alio-

137 1555 211 1597 rum
238 1532 386 1599 locorum
414 1533 572 1597 iudicium
599 1532 823 1616 proficeretur.
833 1532 858 1615 ¹)
913 1533 998 1598 Nam
1028 1555 1113 1617 saepe
1144 1536 1185 1600 ad
1208 1536 1293 1602 hanc

137 1648 285 1706 veterum
311 1641 577 1706 emendationum
606 1649 662 1706 aut
690 1643 789 1707 etiam
819 1641 981 1707 bonarum
1010 1642 1161 1708 codicum
1191 1645 1293 1728 scrip·

136 1758 295 1829 turanum,
324 1770 396 1832 quae
419 1770 526 1834 nuper
546 1755 665 1833 spretae
689 1751 765 1830 sint,
788 1749 1102 1815 commendationem
1126 1757 1159 1816 et
1182 1751 1293 1817 defen·

138 1860 262 1923 sionem
287 1858 412 1941 digredi
436 1881 503 1922 non
526 1858 643 1940 placet,
667 1880 706 1924 ea
727 1858 874 1942 proferre
898 1859 1040 1937 conanti,
1064 1880 1137 1942 quae
1160 1860 1292 1925 aliunde

60 1992 73 2015 ·
137 1968 222 2031 sumi
244 1988 311 2031 non
334 1967 479 2051 possint,
508 1967 795 2050 reprehensionem
818 1973 852 2032 et
874 1966 1130 2050 exagitationem
1153 1967 1292 2033 eliorum

137 2077 269 2154 vitanti,
305 2075 368 2139 nisi
405 2096 478 2158 quae
517 2076 586 2139 sine
622 2075 741 2139 damno
778 2075 885 2139 omitti
913 2096 978 2138 non
1007 2096 1104 2157 posse
1132 2076 1291 2142 videatur.

136 2182 286 2267 Persaepe
316 2189 427 2248 autem
456 2190 489 2247 et
516 2190 615 2248 antea
638 2181 718 2246 mihi
740 2182 918 2261 acciderat,
950 2188 1002 2262 ut,
1030 2204 1103 2266 quae
1125 2182 1205 2247 mihi
1228 2185 1292 2267 ipsi

138 2299 197 2356 aut
219 2292 331 2356 statim
353 2292 458 2375 ipsius
481 2291 546 2356 loci
568 2291 675 2355 forma
698 2291 892 2356 subiecisset
911 2296 968 2355 aut
985 2291 1136 2357 codicum
1153 2292 1293 2374 vestigia

138 2399 325 2482 diligentius
349 2399 574 2478 considerata,
605 2421 644 2464 ea
664 2401 729 2464 iam
753 2406 829 2464 ante
853 2399 894 2464 ab
918 2398 991 2463 aliis
1014 2401 1198 2483 excogitata
1219 2422 1291 2466 esse

139 2507 379 2589 intellegerem,
408 2513 441 2571 st
463 2529 568 2591 nuper
591 2530 658 2572 non
680 2508 729 2573 ita
750 2529 865 2592 pauca,
895 2528 968 2591 quae
991 2514 1066 2573 ante
1090 2507 1211 2573 multos
1234 2514 1292 2574 aot

139 2615 198 2680 salt
205 2637 257 2680 em
279 2614 405 2697 aliquot
427 2636 529 2681 annos
553 2616 795 2695 adnotaveram,
822 2615 874 2680 his
897 2616 1054 2700 proximis
1077 2617 1169 2680 annis
1192 2636 1293 2697 quum

139 2724 180 2789 ab
210 2723 283 2789 aliis
312 2731 383 2788 tum
406 2746 425 2788 a
447 2724 635 2808 Kreyssigio
664 2723 756 2808 (post
784 2730 931 2789 curatam
953 2723 1036 2789 Livii
1059 2724 1237 2790 editionem
1258 2725 1292 2789 in

139 2831 410 2897 adnotationibus
445 2833 487 2897 ad
520 2832 625 2897 libros
655 2831 884 2913 XLI-XLV)
914 2839 947 2896 et
978 2854 998 2897 a
1025 2831 1292 2898 Weissenbornio

138 2946 300 3023 occupata
329 2940 410 3019 vidi,
445 2941 532 3024 quod
569 2941 609 3005 de
637 2941 903 3006 Weissenbornio
938 2961 977 3005 eo
1016 2940 1089 3005 dico
1126 2940 1292 3019 libentius,

138 3048 226 3130 quod
249 3049 283 3112 11
307 3048 379 3113 11111
403 3048 620 3113 dissentiendi
644 3049 684 3114 ab
709 3071 747 3114 eo
771 3071 837 3114 non
860 3070 936 3114 raro
958 3069 1058 3113 causa
1077 3049 1149 3112 erit.
1182 3047 1292 3112 Habet

139 3165 249 3222 autem
279 3156 332 3221 hic
361 3157 505 3241 plurium
536 3158 569 3221 in
600 3157 714 3221 eadem
745 3157 972 3223 emendatione
1000 3156 1194 3238 reperienda
1216 3176 1292 3220 con-

139 3286 256 3330 sensus
290 3264 446 3330 fortuitus
476 3265 563 3347 (quae
592 3265 725 3349 quidem
753 3265 896 3349 aliquam
919 3263 1042 3329 habeat
1065 3264 1235 3328 sententiae
1259 3270 1292 3328 et

138 3373 298 3438 orationis
328 3375 543 3438 mutationem
574 3373 753 3438 notabilem
782 3379 840 3438 aut
863 3394 880 3437 e
904 3373 1053 3437 codicum
1075 3372 1220 3455 vestigiis
1243 3372 1291 3436 in-

138 3487 271 3565 sperata
309 3480 468 3564 emergat)
509 3481 642 3565 aliquod
681 3502 741 3566 per
775 3503 809 3546 se
843 3480 1090 3566 probabilitatis
1123 3480 1290 3544 indicium.

136 3589 253 3671 Itaque
283 3588 421 3654 subinde
450 3589 513 3653 hoc
536 3590 787 3655 commemoravi
809 3591 842 3654 in
865 3590 906 3654 iis
928 3588 1291 3675 maximelemendatio·

137 3689 248 3775 nibus,
285 3719 367 3781 quas
396 3698 462 3763 iam
490 3704 568 3762 ante
596 3695 717 3762 multos
747 3718 852 3762 annos
882 3696 979 3761 amici
1001 3696 1064 3761 mei
1088 3696 1233 3760 iuniores
1256 3696 1291 3759 in

170 3944 186 4010 ¹)
207 3941 327 4013 [Mutari
345 3949 439 3997 tamen
457 3948 558 4013 postea
576 3943 739 4010 consilium,
757 3961 898 4013 quumque
916 3942 1025 4013 collega
1042 3941 1227 3997 amicissimus
1240 3939 1290 3995 Us-

206 4029 313 4098 singius
332 4029 497 4083 benevolum
516 4029 546 4083 11
567 4047 599 4084 11
617 4027 795 4098 exsequenda
813 4029 946 4082 auxilium
965 4028 1121 4094 obtulisset,
1141 4027 1291 4082 coniuncta

205 4133 268 4170 curu
292 4131 325 4168 eo
350 4132 436 4184 opera
453 4115 528 4168 Livii
550 4115 637 4170 libros
659 4132 693 4169 cx
710 4132 773 4169 mea
790 4115 952 4169 recensione
971 4113 1046 4168 edidi
1064 4117 1198 4183 quattuor
1215 4111 1291 4165 volu·

205 4201 327 4254 minibus
350 4198 425 4269 (octo
448 4199 584 4270 partibus)
603 4217 627 4254 a
649 4201 826 4268 reor-1866,
850 4200 929 4255 cuius
948 4201 1067 4268 exempli
1084 4199 1140 4253 vol.
1159 4197 1172 4250 1
1189 4197 1254 4252 fasc.
1276 4201 1288 4249 1

206 4285 277 4352 (libr.
296 4285 379 4352 l-V)
398 4291 426 4339 et
443 4286 483 4353 11,
510 4290 522 4338 l
549 4285 743 4354 (XXI-XXV)
768 4301 857 4356 nuper
879 4286 979 4338 iterum
1004 4283 1072 4339 editi
1096 4288 1174 4351 sunt,
1198 4282 1253 4336 vol.
1277 4282 1291 4335 1

205 4369 353 4426 fasciculus
371 4373 388 4424 2
405 4389 480 4426 nnnc
497 4371 590 4442 ipsum
607 4372 707 4426 iterum
726 4367 915 4438 describitur]

1029 4474 1058 4525 μ
