2994 5108
211 475 275 533 Lib.
292 475 326 530 K
759 464 822 527 238

213 648 417 714 Samnitibus
451 649 565 715 stans?
605 649 691 730 lmo,
730 651 852 734 inquit,
885 652 992 717 victus
1023 657 1133 718 metus
1166 651 1303 717 deorum
1335 655 1370 716 ct

211 759 371 824 memoria
399 758 523 822 occulti
545 759 632 823 sacri
655 758 800 842 diraque
823 759 1076 841 exsecrationis,
1110 781 1184 845 qnae
1205 758 1368 825 hactenus

214 865 376 932 Samnites
405 888 426 931 a
452 865 532 950 fuga
564 867 772 932 retinuerant
800 864 831 950 (ἓ
855 870 873 931 3
898 866 983 953 sqq.)
1018 889 1155 954 quaeque
1187 868 1270 952 ipsis
1302 866 1368 932 illis

211 975 334 1041 verbis:
385 995 459 1039 nec
509 995 746 1059 quemquam
796 981 946 1060 prater
988 975 1136 1043 hostes
1182 980 1370 1042 metuunt

126 1096 199 1166 (197)
217 1089 333 1168 aperto
372 1081 606 1166 significantur.
666 1084 768 1168 Atqui
807 1105 847 1149 ea
879 1085 1085 1169 superstitio,
1125 1104 1199 1167 qua
1232 1083 1369 1149 deornm

211 1199 304 1257 metu
337 1191 499 1257 attonitos
525 1191 664 1257 tenebat
691 1212 753 1256 nec
780 1212 854 1257 cum
881 1190 971 1258 bona
993 1213 1050 1277 spe
1072 1192 1198 1257 alacres
1220 1191 1265 1257 ad
1287 1213 1370 1277 pug-

211 1300 357 1366 nandum
379 1298 522 1365 seniebat
545 1297 576 1382 (§
599 1297 643 1381 4),
670 1298 768 1382 longa
791 1299 834 1365 ab
856 1300 1004 1384 ipsorum
1026 1300 1162 1366 deorum
1183 1300 1216 1365 vi
1238 1299 1371 1365 diversa

212 1416 272 1474 est.
328 1408 417 1473 Deos
450 1407 610 1472 Romanis
643 1414 823 1490 praesentes
858 1408 974 1474 adosse
1011 1416 1044 1474 ct
1076 1407 1187 1474 favero
1214 1407 1369 1494 Papirius

211 1518 452 1599 interpretatus
486 1522 559 1580 erat
593 1521 627 1581 et
658 1515 780 1581 milites
814 1515 975 1581 docuerat
1007 1515 1048 1599 (c.
1077 1521 1134 1597 40,
1170 1520 1209 1581 13
1239 1522 1275 1582 et
1304 1514 1369 1598 14).

210 1623 282 1690 Ηοθ
303 1623 430 1689 Livium
452 1629 599 1688 secutum
622 1643 696 1689 esse
719 1625 880 1707 suspicor,
910 1630 948 1688 ut
971 1625 1057 1690 solet
1077 1624 1271 1709 religionem
1293 1644 1371 1689 cum

210 1734 367 1798 Romanae
394 1732 507 1813 gloria
535 1730 774 1815 amplificanda
798 1732 910 1798 studio
934 1733 1146 1816 coniungere,
1181 1733 1371 1816 scripsisse-

211 1862 289 1924 que:
324 1839 419 1905 Tum
453 1840 531 1905 iam
560 1838 726 1905 deorum
754 1839 1039 1925 hominumque
1066 1842 1184 1906 victa
1211 1841 1250 1905 vi
1279 1840 1372 1905 fun·

211 1949 364 2015 duntur
390 1949 578 2013 linteatae
608 1946 813 2012 cohortes.
865 1947 999 2030 (Victa
1020 1949 1060 2014 ui
1082 1949 1108 2013 P
1131 1955 1166 2015 et
1188 1948 1370 2014 deteriores

209 2059 338 2142 aliquot
360 2064 552 2139 veteresque
575 2053 663 2137 edd.)

297 2164 375 2249 Cap.
398 2169 456 2245 43,
487 2168 526 2228 13
557 2168 709 2247 superest
736 2186 837 2229 unum
865 2165 966 2230 etiam
994 2186 1082 2230 nunc
1104 2164 1371 2231 additamentum

209 2274 410 2354 tollendum,
445 2271 535 2356 quod
567 2272 601 2336 in
635 2272 749 2337 codice
783 2271 963 2358 archetypo
992 2273 1091 2339 huius
1119 2272 1254 2338 decadis
1282 2272 1370 2338 Livii

209 2383 317 2448 verbis
347 2402 420 2446 cum
449 2402 574 2446 summo
604 2382 777 2445 sententia
806 2380 1003 2447 detrimento
1033 2402 1074 2447 ac
1095 2383 1208 2465 potins
1230 2382 1371 2447 interitu

209 2493 370 2557 insertum
393 2494 452 2554 est.
499 2488 548 2553 De
572 2487 772 2554 Samnitibus
806 2490 902 2569 enim,
933 2491 1004 2574 qui,
1039 2511 1140 2573 quum
1169 2489 1303 2573 proeliis
1325 2488 1373 2555 ad

210 2596 394 2664 Cominium
432 2602 466 2662 et
498 2595 708 2680 Aquiloniam
741 2618 807 2661 non
840 2597 1083 2678 interfuissent,
1123 2598 1292 2663 Romanos
1325 2598 1372 2662 ti·

209 2713 334 2772 mentes
358 2704 525 2785 errabant,
548 2705 595 2769 sic
617 2704 787 2769 scribitur:
810 2703 943 2769 Prima
964 2705 1053 2769 lucc
1075 2705 1234 2785 incerti,
1252 2725 1373 2788 quam

208 2818 247 2881 iu
270 2821 428 2900 partem
450 2812 718 2877 intenderent
739 2813 836 2890 iter,
865 2817 1035 2895 repente
1057 2812 1097 2876 in
1120 2811 1254 2895 lugam
1277 2832 1372 2879 con-

208 2928 453 2989 sternantur
488 2920 706 3003 conspecti
735 2919 782 2984 ab
814 2919 1040 3003 equitibus,
1074 2921 1143 3003 qui
1172 2942 1370 3004 egressos

206 3039 327 3097 nocte
361 3030 408 3096 ab
443 3028 593 3113 oppido
624 3027 815 3110 (Aquilonia
843 3028 926 3106 alio,
961 3027 1024 3092 vid.
1056 3048 1084 3098 c.
1107 3032 1165 3109 42,
1192 3028 1227 3111 4)
1256 3028 1373 3095 Sam-

206 3141 315 3205 nites
343 3137 555 3223 persecuti
582 3135 773 3201 vidorant
800 3135 1112 3201 multitudinem
1138 3158 1216 3202 uon
1243 3136 1371 3218 vallo,

207 3270 286 3313 non
314 3245 571 3312 stationibus
600 3243 813 3308 firmatam.
851 3240 1085 3328 Conspecta
1107 3251 1146 3309 et
1168 3265 1216 3308 ex
1237 3247 1372 3312 muris

207 3355 436 3440 Aquiloniae
464 3375 509 3419 ea
531 3350 751 3417 multitudo
775 3358 876 3430 crat,
904 3353 1064 3436 iamque
1088 3353 1213 3418 etiam
1234 3351 1373 3437 legio·

207 3463 331 3527 uariae
354 3461 548 3528 cohortes
573 3458 864 3543 sequebantur.
909 3457 1175 3525 Consternantur
1196 3461 1231 3525 in
1253 3459 1372 3544 fugam

196 3570 366 3650 'homines
400 3591 466 3634 non
499 3568 589 3652 quod
622 3567 870 3650 conspiciantur
903 3567 944 3632 ab
978 3569 1145 3651 equitibus
1169 3567 1275 3653 (quod
1301 3569 1373 3654 ipsi

208 3678 400 3762 plerumque
429 3675 610 3762 ignorent),
644 3674 717 3755 sed,
750 3675 778 3740 si
805 3674 900 3740 valde
928 3675 1036 3740 timidi
1065 3682 1143 3741 sunt
1165 3675 1217 3759 (nt
1238 3675 1275 3741 hi
1297 3683 1374 3743 tum

207 3784 330 3869 erant),
364 3785 453 3870 quod
485 3785 613 3867 equites
640 3782 787 3848 hostium
816 3789 1070 3866 conspexerim,
1105 3790 1178 3864 aut,
1214 3784 1243 3849 si
1265 3786 1373 3870 paulo

206 3895 329 3974 minus,
363 3893 406 3958 ab
440 3891 606 3976 equitibus
639 3891 884 3956 incursantibus
917 3888 1043 3973 (itaque
1077 3892 1178 3956 etiem
1200 3892 1374 3959 Weissen-

207 4001 343 4066 bornius
378 4001 488 4084 potius
516 3999 701 4083 exspectari
731 3998 826 4063 dicit:
862 3999 1100 4082 conspectis
1129 3999 1374 4085 equitibus).

206 4108 395 4173 Ridiculum
418 4107 536 4173 deinde
559 4127 695 4190 prorsus
719 4111 784 4171 est:
819 4107 1033 4189 conspecti
1061 4106 1109 4171 ab
1140 4107 1373 4193 equitibus,

207 4216 278 4300 qui
311 4236 381 4282 eos
414 4214 618 4295 viderant3
656 4215 729 4298 ipsa
766 4213 853 4279 enim
890 4211 962 4278 haec
1001 4220 1052 4279 est
1084 4214 1266 4282 multitudo
1300 4239 1375 4285 non
