2994 5108
679 459 739 520 527
1076 472 1138 525 Lib.
1157 471 1281 526 XXXVI.

134 665 231 722 sam3
248 643 306 708 sed
324 643 484 708 excidisse
501 642 632 706 videtur
649 663 709 706 vox
728 645 925 715 necessaria,
944 666 1045 726 quum
1057 643 1167 707 Livius
1181 645 1283 728 scrip·
1302 659 1371 728 (425)

133 752 245 817 sisset:
267 753 480 816 reservari
503 751 670 812 1111111
694 768 839 812 causan
864 750 1005 829 Achaei,
1029 751 1116 815 Elei
1141 754 1237 821 cet.¹)

218 857 296 942 Cap.
331 863 387 937 45,
425 862 459 922 9:
499 858 629 923 creati
663 868 755 922 sunt
789 857 975 923 consules
1006 860 1040 924 L.
1073 857 1287 923 Cornelius

134 965 272 1050 Sc'ipio
297 972 336 1031 et
358 964 392 1030 C.
418 965 571 1044 Laelius,
600 966 863 1030 intuentibus
887 968 1047 1031 cunctis
1071 967 1119 1031 ad
1143 966 1287 1032 finien-

134 1073 222 1140 dum
258 1095 343 1138 curn
372 1073 571 1138 Antiocho
598 1073 760 1138 belluni.
818 1074 955 1138 Prorsus
983 1075 1139 1139 inusitate
1168 1074 1288 1139 dicitur

134 1182 290 1247 intueri
313 1181 362 1246 ad
385 1181 545 1262 aliquid
568 1181 796 1245 faciendum
820 1201 879 1263 pro
904 1202 951 1258 eo,
977 1182 1064 1264 quod
1088 1189 1139 1247 111
1160 1184 1288 1247 inten-

134 1296 216 1355 tnm
250 1310 355 1367 esse;
395 1309 500 1370 neque
535 1289 567 1351 in
599 1289 633 1352 L.
665 1286 816 1371 Scipione
852 1289 970 1353 saltem
1004 1290 1160 1369 creanda,
1195 1292 1288 1355 cuius

133 1396 225 1464 nulla
248 1417 364 1478 magno
383 1418 445 1480 ope
504 1397 592 1460 fama
615 1406 673 1461 aut
695 1397 898 1478 exspectatio
921 1404 1002 1467 erat.
1028 1398 1085 1462 illa
1108 1419 1188 1463 cura
1210 1397 1287 1463 belli

134 1504 269 1570 finiendi
296 1525 355 1588 per
383 1418 603 1587 sessorem
636 1523 712 1567 narn
740 1502 859 1567 Laelius
888 1504 923 1567 P.
954 1503 1139 1586 Scipionem
1167 1507 1200 1569 in
1230 1505 1288 1568 Hi·

135 1614 253 1697 spania
282 1619 316 1676 ct
343 1610 456 1675 Africa
485 1611 613 1693 egregie
642 1611 778 1674 1111111.
835 1611 872 1674 11
904 1612 1070 1676 codicibus
1099 1612 1287 1692 vulgaribus

136 1721 299 1805 plerisque
323 1718 480 1784 scribitur
503 1716 539 1782 C.
564 1717 713 1782 Laelius
736 1716 971 1796 Africanus,
1001 1720 1087 1800 quod
1111 1739 1288 1801 cognomen

136 1828 253 1893 Laelius
286 1847 391 1909 neque
427 1826 507 1891 alibi
541 1825 642 1890 habet
676 1846 782 1909 neque
816 1846 934 1909 parare
963 1826 1024 1890 sibi
1054 1834 1198 1907 quaestor
1230 1849 1288 1909 po·

121 1924 253 2014 tuerat,
277 1935 481 2017 aeqniparato
504 1954 575 1998 cum
599 1935 672 2016 ipso
695 1935 892 2017 imperat-cre
915 1933 1026 2016 gloriae
1049 1934 1160 2007 titulo,
1196 1934 1283 2017 quod
1302 1948 1373 2018 (426)

136 2049 244 2108 tamen
283 2045 318 2107 in
358 2041 547 2106 Cassiodori
586 2042 682 2107 fastis
724 2043 841 2106 Latius
876 2039 1049 2105 Africanus
1090 2043 1287 2125 appellatur,

138 2150 293 2228 ostendit,
323 2151 388 2214 iam
417 2157 503 2228 tum,
532 2171 632 2233 quum
660 2147 707 2212 illi
737 2148 876 2213 confecti
906 2157 996 2214 sunt.
1028 2151 1074 2213 sic
1097 2151 1129 2212 in
1154 2150 1289 2231 quibus·

139 2257 212 2322 dam
239 2258 321 2322 Livii
354 2257 447 2322 libris
478 2259 638 2339 scriptum
667 2256 778 2319 fuisse.
837 2255 899 2320 Sed
928 2258 997 2320 eius
1026 2258 1197 2340 scripturae
1226 2258 1288 2321 ori·

117 2368 243 2448 ginem
277 2365 424 2431 ostendit
453 2365 479 2427 B
514 2385 578 2428 unc
613 2363 768 2427 adiuncto
798 2384 815 2426 1
845 2362 1167 2429 Drakenborchianis
1197 2366 1289 2429 testi-

140 2473 236 2537 monii
260 2474 348 2538 socio
367 2471 487 2553 (Mead.
507 2471 549 2552 2),
575 2472 607 2534 11
632 2470 752 2552 quibus
776 2470 948 2534 scribitur:
973 2470 1005 2535 G.
1025 2471 1171 2536 Laelius
1189 2471 1289 2536 Afri-

140 2600 277 2645 cannm
312 2580 573 2644 intuentibus
602 2585 664 2643 cet.
720 2578 829 2656 (Quod
863 2579 896 2642 in
927 2580 1069 2644 editione
1097 2580 1291 2662 Moguntina

140 2688 278 2771 primum
307 2686 450 2752 deletum
478 2694 528 2751 est
549 2687 784 2757 Africanus,
820 2707 859 2750 ex
888 2708 927 2751 eo
956 2687 995 2751 de
1020 2686 1129 2752 codice
1152 2687 1186 2751 M
1208 2687 1291 2751 nihil

140 2794 316 2872 conficitur,
345 2792 528 2859 Carbachio
552 2803 585 2859 et
609 2793 744 2859 Gelenio
770 2784 971 2873 tacentibus}
999 2796 1113 2876 itaque
1135 2794 1181 2857 ibi
1204 2795 1290 2858 idem

141 2903 293 2986 scriptum
323 2903 439 2980 fuisse,
473 2901 560 2984 quod
590 2902 624 2965 in
646 2900 688 2976 Β,
724 2900 862 2984 opinor.)
919 2902 1025 2984 Atque
1055 2901 1140 2965 hanc
1168 2901 1290 2965 codicis

141 3007 385 3091 Bambergensis
408 3010 606 3092 scripturam
629 3008 780 3074 omnibus
802 3009 921 3074 litteris
942 3029 1052 3080 ¹veram
1076 3016 1108 3072 et
1130 3009 1290 3090 integram

142 3136 210 3182 1111
240 3126 322 3199 puto
351 3138 411 3180 nec
443 3117 622 3199 quidquam
650 3117 740 3181 ultra
763 3115 981 3198 quarendum.
1035 3115 1105 3179 Hoc
1128 3115 1213 3178 enirn
1238 3114 1291 3179 Li·

142 3224 210 3290 1111
233 3224 322 3297 dicit,
346 3226 380 3288 in
403 3223 554 3289 creandis
577 3223 612 3287 L.
631 3222 784 3306 Scipione
809 3230 842 3288 et
864 3221 897 3287 C.
918 3224 1018 3288 Laelio
1041 3222 1189 3287 homines
1212 3222 1291 3286 belli

144 3350 210 3396 cum
241 3330 402 3397 Antiocho
435 3330 572 3395 finiendi
606 3338 639 3395 11
672 3333 705 3394 11
736 3352 774 3395 ea
803 3353 837 3396 re
867 3331 1012 3395 Africani
1042 3333 1204 3396 rationem
1233 3330 1291 3395 ha-

143 3435 258 3518 buisse,
289 3441 382 3504 cuius
406 3439 492 3503 alter
514 3459 555 3504 ex
576 3439 626 3515 iis,
650 3440 706 3521 qui
730 3438 938 3517 creabantur,
962 3438 1066 3503 frater
1088 3444 1185 3516 esset,
1208 3437 1293 3502 alter

144 3546 216 3611 olim
245 3548 278 3611 in
304 3546 402 3612 rebus
431 3545 583 3627 gerendis
612 3547 721 3611 socius
750 3552 783 3610 et
810 3546 943 3610 adiutor
972 3546 1103 3622 fuisset,
1138 3552 1175 3609 11
1203 3544 1291 3609 credi

143 3659 267 3735 posset,
293 3655 403 3719 neutri
425 3653 518 3718 illurn
541 3673 679 3737 operam
700 3655 734 3719 in
757 3676 796 3719 eo
820 3653 915 3729 bello,
946 3654 1034 3735 quod
1056 3673 1142 3716 nunc
1164 3672 1291 3734 gerere·

142 3764 203 3840 111,
227 3761 467 3845 denegaturum
491 3783 572 3827 esse.

170 4030 195 4099 ¹)
214 4029 278 4101 Cap.
293 4035 336 4099 40,
354 4036 371 4087 4
389 4033 449 4087 sine
466 4033 524 4086 nlla
542 4032 720 4086 dubitatione
738 4031 899 4101 recipienda
918 4040 977 4084 erat
990 4029 1110 4084 Rubenii
1130 4027 1289 4083 emendatio

208 4114 350 4171 Gronovio
366 4123 395 4172 et
404 4116 532 4172 Creverio
547 4118 677 4186 probata:
694 4122 777 4185 quot
793 4133 862 4171 cnm
879 4116 1042 4169 millibus.
1063 4112 1119 4182 [Sic
1133 4114 1189 4166 iam
1202 4112 1288 4166 Lovv.

210 4204 223 4254 l
243 4207 272 4256 et
289 4200 325 4270 3.]
