2994 5108
219 506 281 560 ure.
300 503 399 558 xxrv.
628 464 631 468 ’
769 490 831 552 340

306 677 385 761 Cap.
416 680 470 755 26,
503 680 540 739 10
564 697 636 759 sqq.
660 673 852 759 (postquam
880 677 1039 758 exposita
1067 683 1144 742 sunt
1171 676 1380 743 miserabiles

219 786 398 863 Heracliae,
428 783 581 853 Hieronis
608 782 700 859 filiae,
729 805 789 866 pro
819 804 854 848 se
881 782 1080 868 filiabusque
1109 785 1198 869 apud
1225 785 1380 851 interfec-

221 902 311 960 tores
333 894 452 958 missos
475 891 620 975 preces):
654 890 821 956 Aversis
851 892 1020 957 auribus
1044 893 1272 975 animisque
1295 914 1379 959 cas·

220 1024 322 1067 smne
358 1007 519 1082 tempus
554 1007 812 1064 terrerentur
845 1000 998 1064 ferrum
1034 1000 1232 1083 quosdam
1261 1023 1380 1086 expe·

220 1112 386 1175 dientes
422 1107 632 1186 cernebat,
666 1114 763 1186 tum,
798 1109 964 1174 omissis
992 1131 1065 1193 pro
1095 1130 1135 1174 se
1163 1111 1381 1194 precipue-

220 1217 326 1282 uelis
349 1216 395 1298 (h.
421 1238 459 1293 e.,
483 1215 693 1299 precihus,
720 1216 886 1300 puellis)
914 1223 957 1280 ut
979 1216 1128 1282 saltem
1150 1224 1380 1301 parcerent,

221 1346 340 1391 orare
380 1324 549 1390 institit.
615 1322 669 1388 Sic
707 1324 741 1388 in
775 1323 800 1387 P
834 1325 998 1390 scribitur.
1061 1325 1160 1391 Varie
1199 1327 1380 1409 corrigam,

220 1455 333 1499 omnes
368 1453 485 1516 parum
518 1430 736 1516 probabiliter
764 1432 867 1512 (velut
895 1433 1195 1499 Weissenbornius:
1223 1434 1263 1498 in
1290 1454 1380 1500 cas·

221 1564 305 1608 sum
339 1547 495 1624 questa.
556 1540 609 1604 Ne
649 1547 808 1623 tempus
847 1547 1042 1619 tererent,
1076 1548 1121 1606 ut
1152 1541 1175 1606 f.
1204 1565 1264 1626 qu.
1293 1564 1379 1627 exp.

221 1650 431 1725 cernebat,
455 1655 542 1712 tum
572 1650 649 1726 cet,
679 1646 832 1712 ablativis
862 1649 990 1721 vitiose,
1007 1649 1145 1715 divulsis
1173 1650 1215 1715 ab
1239 1671 1278 1716 eo
1302 1649 1381 1717 sub·

220 1760 321 1838 iecto,
350 1757 393 1822 ad
422 1754 511 1840 quod
540 1757 718 1838 pertinent,
748 1762 792 1821 ut
819 1757 1048 1823 coniunctione
1076 1759 1270 1841 pravissime
1293 1759 1381 1824 inter

220 1889 266 1932 ne
306 1873 466 1949 tempus
501 1871 686 1929 tererent
719 1872 753 1929 et
786 1864 934 1930 ferrum
968 1865 1243 1949 expedientes
1277 1867 1380 1934 inter·

221 1975 355 2058 posita).
412 1972 492 2037 Mihi
527 1979 560 2037 et
594 1972 636 2036 ad
664 1974 804 2056 vestigia
832 1973 953 2038 codicis
981 1974 1129 2058 proxime
1160 1975 1320 2040 accedere
1348 1980 1381 2040 et

220 2083 317 2148 simul
358 2082 533 2165 aptissima
572 2102 644 2146 esse
683 2080 754 2144 haec
792 2081 960 2146 videntur:
1001 2081 1166 2148 Aversis
1205 2084 1380 2149 auribus

221 2191 449 2274 animisque
484 2176 669 2267 adstare,
714 2209 760 2253 ne
799 2196 957 2272 tempus
990 2196 1189 2265 tererent,
1230 2189 1398 2257 ferrum·

221 2299 411 2388 quosdam
441 2298 709 2380 expedientes
740 2297 951 2376 cernebat,
986 2305 1085 2378 tum,
1121 2301 1288 2366 omissis
1318 2306 1381 2365 cet.

221 2407 379 2471 Universe
403 2405 634 2470 interfectores
657 2406 781 2470 aversis
804 2406 941 2471 auribus
964 2406 1134 2471 adstitisse
1154 2407 1266 2472 Livius
1290 2407 1381 2486 dicit,

221 2514 381 2597 quosdam
404 2513 504 2577 etiam
527 2514 655 2594 longius
679 2534 881 2596 progressos.
928 2513 1072 2596 [Incerta
1093 2520 1213 2593 tamen,
1236 2516 1379 2581 maxime

221 2625 253 2687 in
282 2622 463 2699 adstare,
498 2623 659 2687 correctio
689 2629 747 2686 est.
799 2620 923 2687 (lasse
953 2644 1013 2705 pro
1042 2623 1082 2686 in
1112 2643 1276 2687 cassum
1305 2622 1381 2689 bar·

220 2731 335 2795 barum
360 2728 473 2812 est.]¹)

134 2849 204 2917 (276)
311 2840 390 2921 Gap.
404 2843 454 2926 27,
480 2843 514 2901 3:
539 2838 739 2901 Praetores
758 2838 829 2918 (qni
852 2839 986 2902 comitia
1004 2839 1174 2921 Syracusis
1196 2838 1380 2920 habebant)

220 2948 482 3012 dissimulare
511 2946 637 3028 primo
667 2951 707 3010 et
729 2946 929 3010 trahenda
950 2967 993 3009 re
1018 2968 1123 3024 esse;
1153 2953 1376 3029 postrema,

221 3057 320 3120 victi
355 3075 556 3119 consensu
587 3062 624 3117 et
653 3053 897 3118 seditionem
926 3062 1169 3132 metuentes,
1198 3076 1380 3139 pronun·

219 3167 328 3230 tient
360 3185 427 3228 eos
463 3161 645 3246 (Epicyden
680 3169 713 3226 et
749 3161 997 3245 Hippocratem)
1032 3169 1242 3250 praetores.
1305 3164 1381 3230 Non

221 3272 285 3336 dici
309 3272 425 3336 Latine
455 3270 662 3336 trahenda
684 3291 725 3334 re
749 3291 854 3348 esse,
884 3269 941 3333 alii
963 3272 1029 3334 iam
1053 3280 1293 3353 exposuerunt,
1321 3293 1383 3338 nec

220 3381 258 3443 in
288 3378 492 3444 trahenda
519 3400 559 3443 re
589 3399 678 3442 esse
709 3377 812 3459 (quod
842 3379 1093 3460 occupationem
1117 3378 1298 3462 significat)
1321 3402 1384 3465 pro

221 3509 274 3559 eo,
310 3486 400 3570 quod
437 3494 487 3551 est
520 3508 601 3550 rem
629 3486 795 3550 trahere
826 3488 983 3561 conari,
1018 3486 1181 3552 hocloco
1211 3494 1304 3554 recte
1334 3489 1384 3555 di·

221 3602 361 3659 ceretur.
419 3594 602 3677 Scripserat
630 3595 754 3658 Livius:
788 3630 832 3637 —
861 3594 1123 3660 dissimulare
1157 3597 1292 3678 primo
1321 3617 1385 3662 er·

219 3701 424 3767 trahenda
446 3724 503 3781 re3
527 3709 584 3764 set
608 3707 814 3785 postremo
838 3702 935 3781 cet.²)

250 3975 272 4037 ¹)
292 3972 307 4042 ᾗ
329 3977 360 4028 15
388 3974 538 4028 videndum
561 3992 597 4027 ne
620 3974 798 4029 scribendum
820 3974 858 4028 sit
879 3974 1085 4029 festinatum
1110 3973 1138 4027 ll
1159 3977 1386 4046 supplicium.

248 4144 273 4207 ²)
289 4059 422 4212 gaigal&
445 4145 556 4198 9recte
574 4145 700 4199 Roellius
723 4163 775 4214 pro
797 4145 855 4198 his:
883 4161 998 4214 pacem
1024 4145 1104 4201 fieri
1132 4145 1276 4214 placuit
1301 4150 1386 4204 mit·

289 4229 386 4297 tique
409 4245 482 4282 cum
507 4230 555 4284 eis
574 4229 635 4298 (qui
653 4230 724 4284 nulli
742 4232 818 4297 sunt)
836 4231 975 4299 legatos
994 4230 1080 4285 scribi
1098 4231 1203 4285 voluit:
1230 4249 1259 4302 p,
1279 4233 1298 4287 f.
1318 4235 1389 4305 pla·

288 4315 362 4367 cuit
380 4331 451 4367 eum
470 4316 519 4368 eis
538 4316 703 4384 mittique
721 4315 870 4384 legatos.
908 4316 970 4370 Vid.
991 4316 1026 4370 ad
1045 4315 1136 4384 xxn,
1155 4319 1180 4383 2,
1198 4318 1224 4372 6.
