2994 5108
221 467 284 524 Lib.
301 467 363 524 m
771 456 832 519 174

224 639 352 724 (locus
381 639 443 724 al.)
478 640 639 726 scriptum
672 662 744 707 esse
772 640 945 725 probabile
974 648 1025 708 est
1051 663 1160 727 neque
1185 646 1277 707 recte
1305 661 1383 707 cum

222 756 370 835 tempore
393 750 604 833 coniungitur
625 749 717 815 locus
739 749 878 831 alienus,
906 751 963 834 qni
985 751 1073 816 inter
1095 771 1135 816 ea
1156 755 1217 831 est,
1245 755 1384 836 propter

222 878 296 941 quae
328 862 458 942 tempus
492 857 692 924 deteriorem
724 857 854 923 hostem
887 858 984 939 facit,
1017 879 1080 925 neo
1112 859 1245 924 omnino
1277 857 1382 938 locus,

221 966 279 1050 qui
300 966 390 1031 idem
410 972 531 1046 manet,
554 986 629 1031 cum
651 972 797 1051 tempore
819 966 954 1032 labenti.
988 966 1185 1049 Videndum,
1205 987 1248 1033 ne
1271 971 1383 1032 trans·

222 1075 389 1159 positione
410 1072 500 1140 facta
522 1074 624 1140 scribi
647 1073 783 1140 debeat:
811 1096 926 1159 quem
948 1080 1108 1160 tempus
1131 1074 1383 1141 deteriorem

221 1185 262 1248 in
296 1182 382 1248 dies
415 1182 587 1264 faceret,
622 1180 688 1266 [et]
716 1182 822 1249 locis
851 1183 1003 1249 alienis
1033 1185 1121 1249 siue
1148 1189 1383 1269 praeparato

223 1295 515 1358 commeatu-
538 1296 776 1371 morantem,
810 1290 859 1355 ad
887 1291 963 1358 hoc
993 1298 1054 1358 cet.
1098 1291 1184 1358 Num
1206 1290 1385 1357 et-ad

221 1401 296 1467 hoc
323 1421 382 1485 pro
413 1406 453 1465 et
473 1435 517 1444 —
539 1404 579 1465 et
600 1401 709 1465 minus
733 1399 908 1484 diligenter
929 1401 1074 1485 positum
1096 1421 1117 1465 a
1140 1400 1276 1466 Liuiano
1301 1399 1384 1465 scri·

221 1508 322 1574 bendi
344 1528 466 1593 genere
489 1505 656 1573 abhorret.
712 1505 805 1592 (Cap.
831 1511 882 1589 38,
913 1513 931 1574 9
955 1508 1065 1575 codd:
1101 1514 1140 1574 et
1167 1513 1289 1574 aetate
1309 1505 1383 1574 he·

220 1617 339 1683 beret
360 1638 420 1700 pro
444 1615 619 1681 haberet
639 1621 680 1681 et
701 1614 847 1699 atate.)

310 1724 390 1809 Cap.
418 1729 466 1805 13,
501 1728 521 1788 8
545 1723 593 1807 (in
615 1725 766 1790 oratione
788 1724 890 1790 Tullii
912 1725 1114 1790 centurionis
1136 1723 1226 1809 apud
1248 1721 1284 1790 Ο.
1308 1723 1384 1791 Sul·

220 1834 344 1918 picium
374 1830 602 1915 dictatorem):
642 1832 716 1898 Sin
744 1837 879 1898 autem
905 1854 985 1898 non
1012 1839 1124 1898 tuum
1152 1834 1277 1913 istuc,
1311 1832 1385 1899 sed

219 1941 429 2027 publicum
458 1945 524 2006 est
551 1940 781 2022 consilium,
816 1948 857 2007 et
890 1962 1113 2007 consensus
1146 1940 1280 2026 aliqui
1308 1960 1383 2025 pa·

220 2058 345 2131 trum,
374 2072 453 2117 non
477 2048 681 2115 Gallicum
704 2048 856 2115 bellum
885 2070 957 2114 nos
984 2048 1032 2114 ab
1061 2049 1174 2128 urbe,
1203 2069 1225 2114 a
1252 2069 1381 2134 pena-

220 2158 331 2224 tibus
359 2157 517 2224 nostris
545 2157 761 2241 ablegatos
789 2163 921 2238 tenet,
954 2179 1106 2242 quaeso,
1134 2162 1180 2222 ut
1207 2178 1266 2237 ea,
1295 2176 1383 2241 quae

220 2266 366 2348 dicam,
395 2289 475 2333 non
504 2265 756 2332 amilitibua
783 2266 1029 2351 imperatori
1057 2265 1172 2332 dicta
1200 2285 1382 2347 censeas,

221 2375 293 2440 sed
316 2396 337 2440 a
358 2373 479 2459 plebe
502 2374 706 2458 patribus,
735 2395 829 2458 quae,
858 2373 967 2440 sicut
988 2396 1056 2440 vos
1079 2379 1217 2440 vestra
1238 2372 1384 2440 habea·

220 2482 275 2547 tis
300 2482 487 2566 consilia,
509 2483 567 2548 sic
590 2504 630 2548 se
654 2504 726 2548 sua
747 2482 978 2548 habituram
1002 2473 1123 2548 dicat.
1175 2481 1272 2561 Quis
1295 2488 1383 2548 tan·

222 2590 307 2656 dem
336 2598 594 2671 suscenseat,
628 2590 783 2657 milites
810 2612 881 2656 nos
909 2611 1014 2671 esse,
1046 2612 1124 2656 non
1153 2612 1291 2657 servos
1313 2611 1382 2656 ve·

221 2704 345 2779 stros,
379 2698 616 2780 adbellum,
649 2700 790 2766 nonin
813 2699 1003 2764 exsilium
1026 2699 1170 2765 missos
1192 2704 1255 2765 cet.
1309 2698 1383 2765 Pri·

221 2829 310 2871 mum
339 2808 420 2872 satis
443 2808 602 2873 audacter
625 2815 659 2873 et
680 2808 803 2873 rustice
826 2806 953 2872 Tullius
978 2807 1173 2891 simpliciter
1195 2807 1384 2889 denuntiat,

221 2914 352 3000 plebem
392 2936 454 2981 sua
491 2916 682 2981 habituram
721 2915 875 2997 consilia3
916 2915 974 2980 sed
1006 2915 1069 2981 hoc
1101 2915 1259 2997 feramus3
1299 2914 1383 2982 ferri

220 3044 287 3089 non
314 3028 428 3108 potest
455 3025 598 3109 primum
632 3043 852 3089 suscenseo
882 3024 953 3088 sine
982 3024 1050 3090 ullo
1078 3031 1157 3090 ante
1185 3023 1384 3091 Suetonium

221 3131 372 3216 (Vespas.
396 3131 429 3215 5)
459 3133 607 3217 exemplo
636 3154 696 3218 pro
726 3131 921 3215 indignor
949 3153 1024 3197 cum
1056 3131 1185 3198 infinita
1212 3120 1384 3199 sententia

135 3264 206 3332 (147)
225 3241 384 3324 positum,
419 3238 538 3304 deinde
567 3239 672 3305 multo
695 3241 802 3305 minus
824 3240 895 3306 haec
917 3241 964 3305 sic
987 3239 1091 3305 elata:
1126 3241 1217 3326 quis
1245 3240 1384 3324 indig-

221 3355 348 3428 netur,
370 3346 529 3412 milites
551 3370 624 3413 nos
647 3349 1383 3434 esse—,—pugnaturos-,-ctium

220 3457 348 3520 Itomae
392 3455 533 3540 potius
573 3492 618 3503 —
658 3463 824 3522 acturos
867 3463 943 3537 eet,
992 3479 1093 3542 quum
1138 3458 1287 3542 intellegi
1333 3459 1383 3526 sic

221 3563 382 3628 debeant:
416 3585 486 3628 nos
515 3586 586 3647 pro
615 3564 821 3630 militibus
849 3564 995 3631 haberi
1025 3572 1064 3631 et
1092 3572 1285 3650 tanquam
1309 3568 1384 3633 mi·

220 3671 317 3736 lites
340 3672 518 3737 tractari
540 3672 658 3752 velle,
681 3708 725 3717 —
748 3708 786 3719 —
812 3696 857 3740 eo
882 3696 971 3739 esse
994 3676 1135 3755 animo,
1158 3681 1201 3739 ut
1222 3696 1384 3760 pugna·

220 3782 305 3845 turi
328 3781 452 3845 simus
474 3815 527 3860 —,
550 3782 732 3847 —otium
754 3783 882 3848 Romae
905 3783 1252 3867 potius—acturi.
1292 3784 1383 3851 Nam

220 3889 402 3971 indignatio
432 3889 475 3953 ad
502 3889 608 3973 ipsam
629 3888 720 3955 illam
742 3890 946 3956 voluntatem
969 3898 1002 3955 et
1023 3891 1281 3975 postulationem
1304 3914 1383 3979 per·

220 4000 320 4077 tinet,
360 4019 432 4082 quae
465 3998 500 4061 in
533 3996 641 4063 verbis
675 4000 848 4065 omittitur.
911 3998 1050 4064 Sanabit
1081 3999 1153 4065 haec
1186 4005 1219 4065 et
1250 4007 1383 4069 rectam

221 4107 381 4171 orationis
414 4106 554 4170 formam
587 4109 823 4192 sententiaeque
856 4130 1067 4192 progressum
1095 4108 1216 4174 efficiet
1244 4109 1384 4177 sublata

221 4235 288 4278 una
320 4214 433 4278 littera
466 4218 500 4279 et
533 4235 572 4278 ex
605 4236 672 4279 una
698 4237 777 4281 voce
806 4216 903 4281 factae
932 4217 1021 4281 duae:
1056 4238 1209 4302 quaeso,
1242 4223 1289 4283 ut
1324 4240 1382 4302 ea,

222 4343 307 4404 quaa
337 4322 480 4403 dicam,
512 4344 589 4388 non
612 4343 632 4387 a
652 4323 856 4390 militibus
884 4325 1124 4409 imperatori
1153 4326 1265 4391 dicta
1287 4348 1384 4394 cen·
