2994 5108
218 477 283 535 Lib.
300 476 377 541 XXI,
765 461 829 525 282

90 699 92 702 -
220 655 390 728 narratur,
421 670 490 714 non
513 646 643 727 dubito,
672 646 753 729 quin
775 644 976 722 inauditum,
1002 645 1032 710 si
1054 643 1163 710 Plauti
1183 643 1294 711 locum
1315 643 1377 711 du·

219 756 311 822 bium
333 755 496 839 excipias,
525 753 641 821 usitati
662 753 816 820 vocabuli
838 759 872 818 et
893 773 914 817 a
935 751 1027 818 Livio
1050 773 1136 837 saepe
1158 752 1260 836 positi
1283 751 1378 817 abla-

219 865 324 930 tivum
356 863 506 947 genuerit
533 882 551 924 ο
577 863 692 928 littera
725 866 760 926 et
793 859 946 925 secunda
975 859 1206 927 declinationis
1235 859 1377 926 ablativi

219 971 327 1037 forma
353 992 394 1036 ex
421 972 512 1055 ipso
540 970 704 1036 inhaerens
731 969 860 1034 librarii
887 968 996 1034 animo
1025 967 1301 1050 scribendumque
1325 968 1381 1047 eit,

220 1086 259 1146 ut
280 1080 386 1146 estin
407 1078 485 1144 Lov.
505 1082 540 1142 3:
561 1079 601 1142 in
622 1079 710 1161 ipso
733 1075 947 1160 pulvinari.
982 1073 1049 1141 Sed
1069 1075 1239 1142 molestior
1262 1096 1379 1158 super·

221 1192 272 1252 cst
299 1188 332 1251 in
361 1186 424 1251 hoc
453 1186 562 1269 capite
586 1184 762 1252 dubitatio.
812 1183 898 1248 Nam
919 1182 1008 1248 infra
1030 1181 1128 1266 (§·9),
1156 1183 1215 1250 ubi
1235 1204 1379 1250 comme·

220 1299 383 1373 moratur,
423 1313 496 1376 quae
533 1292 759 1376 prodigiorum
792 1290 1076 1375 procurandorum
1109 1311 1212 1357 eausa
1245 1290 1381 1359 decreta

220 1399 375 1485 iactaque
391 1401 467 1480 sint,
490 1399 560 1466 haec
576 1399 744 1484 leguntur:
768 1399 898 1464 Roma
922 1419 1079 1483 quoque
1103 1404 1143 1464 et
1165 1389 1379 1466 lectister-

221 1510 328 1585 nium
356 1507 567 1573 luventati
599 1512 641 1571 et
669 1506 925 1590 supplicatio
953 1505 1002 1571 ad
1030 1506 1151 1571 eedem
1178 1506 1378 1573 Herculis

177 1695 181 1700 p
221 1616 475 1695 nominatim,
510 1613 657 1679 deinde
691 1613 886 1678 universo
919 1612 1069 1698 populo
1103 1614 1215 1679 circa
1243 1615 1378 1680 omnia

135 1737 208 1805 (230)
228 1722 460 1807 pulvinaria
485 1721 652 1787 indicta.
708 1720 818 1787 Unum
846 1720 910 1787 hoc
938 1727 1048 1786 exstet
1075 1721 1263 1805 exemplum
1284 1721 1375 1791 lecti·

222 1830 337 1896 sternii
360 1829 525 1895 Iuventati
547 1829 637 1896 facti.
692 1829 803 1894 Habet
831 1827 956 1911 aliquid
985 1828 1217 1895 admirationis
1240 1835 1316 1904 aut.
1351 1830 1378 1895 si

222 1959 318 2005 voces
346 1937 394 2003 ad
423 1936 544 2004 eedem
571 1936 613 2002 H.
636 1942 670 2002 et
697 1936 741 2002 ad
766 1935 1008 2002 lectisternium
1036 1942 1070 2002 et
1097 1936 1140 2001 ed
1162 1936 1379 2021 supplicatio·

222 2067 295 2110 nem
328 2046 513 2129 pertinent,
547 2044 785 2110 lectisternium
818 2043 861 2108 ad
894 2041 997 2108 cedem
1026 2043 1180 2108 Herculis
1213 2064 1280 2110 non
1314 2046 1380 2128 ipsi

220 2152 357 2219 Herculi
383 2152 524 2232 factum,
553 2159 626 2231 aut,
655 2152 684 2216 si
712 2150 777 2215 loci
805 2151 1005 2216 mentionem
1033 2155 1163 2215 tanturn
1185 2148 1229 2216 ad
1251 2151 1379 2236 suppli·

222 2262 386 2326 cationem
413 2260 578 2344 pertinere
600 2265 771 2342 putamus,
804 2256 874 2323 lraec
906 2258 941 2322 in
975 2258 1092 2323 eadem
1119 2279 1155 2323 re
1181 2256 1381 2325 lectisternii

222 2368 403 2447 Iuventati,
436 2366 687 2451 supplicationis
719 2364 856 2431 Herculi
889 2363 986 2431 factae
1021 2364 1198 2449 separatio.
1255 2365 1381 2433 Verum

222 2475 293 2540 haeo
319 2476 405 2540 inter
431 2474 536 2538 multa
564 2474 631 2538 alia
658 2474 692 2537 in
721 2474 822 2538 sacris
844 2472 1002 2538 Romanis
1031 2473 1146 2556 ignota
1173 2478 1209 2539 et
1235 2473 1382 2541 obscura

107 2650 108 2654 ,
222 2579 430 2666 praetermitti
447 2586 603 2665 possunt;
625 2579 708 2645 illud
725 2581 895 2664 praeterire
913 2600 978 2645 non
994 2601 1139 2664 possum,
1163 2580 1253 2663 quod
1271 2602 1315 2648 ex
1330 2603 1382 2662 eo,

223 2689 311 2775 quod
340 2690 502 2772 sequitur:
536 2689 729 2753 universo
759 2687 913 2771 populo
938 2685 1067 2768 (circa
1090 2688 1222 2753 omnia
1243 2686 1381 2772 pulvi·

223 2797 354 2876 naria,
393 2795 481 2879 quod
515 2797 719 2860 contrarium
753 2800 805 2859 est
837 2795 901 2859 illi:
942 2795 991 2859 ad
1029 2795 1159 2859 eedem·
1181 2793 1381 2871 Herculis

215 2902 494 2984 nominatim),
528 2909 654 2967 certum
683 2907 748 2981 est,
783 2922 983 2984 quamquam
1010 2901 1045 2967 id
1073 2902 1235 2969 neminem
1257 2912 1318 2968 aut
1340 2925 1382 2970 ex

223 3010 305 3074 Livii
328 3010 577 3075 enarratoribus
600 3010 763 3091 attingere
786 3008 881 3074 video
904 3015 963 3073 aut
986 3010 1104 3089 exiis,
1139 3011 1197 3093 qui
1219 3009 1284 3076 hoc
1307 3010 1382 3079 loco

223 3119 274 3183 usi
307 3124 397 3198 sunt,
431 3117 672 3184 lectisternium
704 3115 788 3180 illud
822 3122 856 3180 et
889 3116 1165 3199 supplicationem
1198 3117 1242 3182 ad
1276 3116 1383 3185 aedem

221 3224 373 3289 Herculis
408 3231 537 3290 tantum
570 3225 658 3309 parti
693 3224 808 3307 populi
840 3223 967 3288 indicta
994 3223 1107 3288 luisse.
1164 3223 1262 3307 [Nam
1290 3227 1382 3292 uni·

222 3352 365 3397 versus
393 3334 574 3416 populusv
597 3333 751 3413 coniuges
773 3331 961 3413 liberosque
990 3331 1135 3396 adfuisse
1158 3351 1278 3414 parum
1301 3341 1383 3418 apte

223 3437 411 3521 significat]
461 3440 511 3505 Ea
532 3461 610 3523 pers
634 3459 705 3521 quae
728 3437 853 3517 fuisset,
877 3459 942 3502 non
965 3444 1100 3521 poterat
1123 3438 1235 3503 Livius
1259 3439 1295 3503 in
1317 3439 1383 3506 bac

223 3547 328 3629 pertis
362 3552 395 3610 et
422 3547 565 3611 universi
595 3546 710 3628 populi
739 3546 951 3611 distinctione
979 3551 1106 3625 tacere,
1140 3565 1217 3610 nam
1246 3547 1275 3612 si
1304 3550 1382 3632 quis

223 3652 357 3734 dixerit,
390 3656 462 3738 ipso
492 3653 560 3718 desc
589 3654 719 3717 nomine
742 3654 824 3717 satis
848 3651 1040 3733 significari,
1074 3654 1130 3737 qui
1155 3653 1385 3736 supplicatum

222 3760 336 3840 ierint,
369 3782 486 3843 parum
519 3767 631 3825 tamen
663 3759 726 3825 hoc
758 3758 936 3844 respondet
972 3758 1099 3839 dativo,
1134 3760 1191 3844 qui
1220 3763 1383 3845 sequitur,

223 3868 413 3932 universo
436 3867 604 3952 populo,
632 3866 828 3932 habebimus
852 3873 963 3931 autem
985 3888 1122 3946 nomen,
1152 3867 1180 3932 si
1203 3868 1253 3933 sic
1276 3870 1383 3955 scrip-

223 3976 377 4039 serimus:
401 3974 529 4039 Romae
553 3994 713 4058 quoqne
737 3980 777 4039 et
799 3974 1105 4039 lectisternium
1128 3973 1327 4039 invene-tl
1344 3984 1384 4043 et

222 4080 477 4165 supplicatio
507 4082 556 4145 ad
580 4080 645 4144 ced.
668 4081 708 4144 Η.
732 4082 984 4159 nominatim,
1017 4079 1162 4145 deinde
1186 4082 1383 4150 universo

223 4188 370 4272 populo
393 4194 453 4252 cet.
504 4189 548 4253 Et
570 4196 681 4253 tamen
703 4189 756 4251 vix
779 4189 900 4268 audeo,
930 4187 991 4253 dea
1015 4188 1164 4273 expulsa,
1193 4189 1384 4257 iuventu-

223 4300 300 4358 tem
328 4296 511 4360 Romanam
539 4294 628 4377 (oum
662 4296 901 4361 recentioribus
930 4294 1039 4376 codd.)
1068 4291 1286 4379 substituere,
1321 4319 1384 4364 noc
