2994 5108
689 479 748 538 701
1118 492 1179 547 mu
1199 493 1295 548 xurv.

140 646 245 726 etin
269 663 436 746 templo;
466 665 591 746 opinor,
617 662 743 728 Livium
767 666 955 747 scripsisse:
991 672 1032 729 et
1065 666 1104 728 ln
1138 667 1230 728 urbe
1263 674 1298 729 et
1334 651 1338 668 ’

140 772 179 834 in
210 772 377 855 templc;
411 792 487 836 nam
510 793 569 854 per
591 771 705 836 urbem
728 773 797 837 sine
822 769 922 838 dubio
945 773 1021 857 plus
1044 775 1202 856 temporis
1226 795 1296 837 ver·

142 879 302 944 sabantur
325 900 423 962 qnam
445 881 478 944 in
502 880 625 963 templo
650 888 753 945 erant.
799 879 829 964 [ᾗ
853 886 874 944 4
897 889 978 946 extr.
1007 881 1204 946 vocabulum
1226 902 1296 946 na·

138 1008 205 1052 res
228 993 303 1071 post
327 989 515 1071 praecedens
545 991 759 1054 onerarias
788 1010 909 1054 naves
938 1011 1002 1054 non
1026 989 1132 1055 solum
1155 991 1297 1055 otiosum

139 1103 205 1173 est,
230 1095 287 1160 sed
311 1097 427 1161 vitiose
451 1098 545 1177 quasi
569 1117 643 1161 cum
667 1097 813 1179 pondere
843 1097 954 1179 aliquo
977 1102 1124 1163 extremo
1146 1097 1219 1163 loco
1243 1119 1297 1163 su·

138 1204 345 1286 peradditur.
394 1203 499 1287 lesa]

225 1310 304 1396 Cap.
329 1316 378 1392 30,
405 1319 437 1376 l:
472 1314 563 1379 novi
590 1313 713 1377 duces
741 1314 781 1377 in
805 1314 1046 1416 provincips
1081 1322 1293 1393 venerant,

136 1421 285 1484 consul
307 1421 493 1487 AEmilius
527 1424 565 1486 in
592 1421 883 1500 Macedoniam,
921 1421 1116 1487 Octavius
1151 1421 1295 1487 Oreum

136 1529 186 1593 ad
211 1529 399 1606 classem,
428 1531 598 1593 Anicius
633 1530 671 1593 in
706 1528 930 1613 Illyricum,
965 1531 1028 1595 cui
1061 1529 1294 1595 bellandum

135 1637 330 1702 adversus
355 1638 549 1702 Gentium.
583 1637 706 1702 Patra
729 1637 923 1704 Pleurato
946 1659 1040 1720 rege
1058 1638 1293 1722 Illyriorum
1313 1640 1383 1708 (582)

137 1752 177 1809 et
199 1753 329 1810 matre
351 1746 560 1830 Eurydica
582 1748 746 1829 genitus
769 1746 925 1811 fratres
949 1747 1049 1811 duos
1071 1782 1114 1792 —
1136 1746 1289 1812 habuit.

137 1853 252 1934 Neque
286 1855 319 1917 in
354 1852 517 1919 sententia
557 1855 697 1919 relativa
735 1853 919 1939 imperfecti
962 1856 1122 1938 temporis
1163 1854 1297 1920 verbum

137 1961 256 2043 (erat)
280 1964 389 2028 omitti
411 1963 499 2046 apud
521 1963 737 2046 gerundivum
759 1965 878 2047 potuit,
900 1981 1006 2045 neque
1025 1965 1172 2028 narratio
1190 1971 1298 2028 trans·

135 2067 215 2132 ferri
238 2071 280 2134 ad
305 2070 417 2136 Gentii
439 2093 541 2154 genus
565 2072 810 2156 exponendum,
841 2073 904 2136 nisi
927 2078 1043 2136 notata
1066 2092 1211 2154 persona
1235 2072 1299 2136 sal·

135 2184 203 2241 tem
226 2182 419 2261 pronomine
443 2179 514 2261 (is).
550 2179 628 2245 Sine
641 2179 742 2245 dubio
758 2180 866 2244 Livius
886 2180 1080 2262 scripserat:
1107 2179 1299 2244 Gentium

136 2292 228 2348 erat.
274 2288 428 2352 tentius
452 2297 570 2373 patre
593 2289 788 2355 Pleurato
812 2287 909 2369 cet.¹)

223 2392 303 2479 Cap.
329 2401 379 2478 31,
403 2403 438 2462 ⁷:
476 2396 588 2474 Quod
611 2399 644 2462 si
668 2396 819 2462 clausis
842 2399 977 2481 portis
999 2418 1135 2461 muros
1158 2405 1298 2481 porta·

133 2522 304 2587 rumque
338 2513 476 2571 turres
517 2506 741 2590 dispositis
782 2507 953 2570 armatis
988 2504 1297 2578 defendissent,

134 2631 238 2678 vano
262 2634 347 2678 cum
369 2615 538 2697 incepto
561 2615 774 2681 moenibus
798 2613 1060 2698 pepulissent
1082 2614 1298 2678 Romanos.

136 2718 218 2786 cod.
247 2724 378 2787 turris
403 2723 607 2806 disposita
630 2725 778 2788 armati
809 2723 1104 2788 defendissent.
1147 2721 1297 2787 Scriben-

135 2828 214 2894 dum
239 2831 354 2911 igitur:
380 2832 577 2914 dispositi
612 2832 760 2896 armati
790 2831 1077 2896 defendissent
1100 2838 1162 2893 cet.
1208 2829 1297 2894 Alio·

137 2938 217 3020 quin
241 2938 499 3004 defendisset
522 2939 562 3006 de
587 2940 706 3006 Gentio
729 2960 806 3023 rege
830 2939 954 3004 dictum
976 2937 1111 3018 esset.²)

223 3045 301 3130 Cap.
327 3051 376 3128 32,
400 3054 419 3113 7
442 3049 475 3113 in
499 3049 612 3114 codice
637 3049 683 3113 sic
705 3048 875 3113 scribitur:
899 3048 1047 3112 AEnean
1071 3066 1110 3108 00
1133 3046 1292 3129 equites

136 3150 507 3238 Creantigonensis
546 3157 659 3222 misit
704 3156 752 3221 ad
789 3156 1002 3221 tutandam
1041 3156 1296 3219 maritumam

135 3283 255 3328 amor.
301 3263 441 3332 Videtur
478 3267 593 3331 fuisse:
629 3265 789 3329 AEneam
823 3290 862 3332 00
907 3265 1068 3349 equites
1108 3270 1147 3330 et
1179 3263 1296 3326 freon
1328 3312 1332 3318 Α

135 3371 428 3457 Antigonensis
451 3376 567 3439 missi
590 3372 639 3438 ad
660 3380 683 3437 t.
708 3396 748 3437 m.
774 3394 802 3438 ο.
848 3373 1053 3457 Kreyssigius
1083 3373 1151 3454 (cui
1174 3370 1295 3437 Creon-

135 3479 181 3546 tis
203 3503 320 3547 ncmen
343 3482 495 3564 debetur)
520 3491 552 3547 et
574 3482 860 3547 Weissenbornius
883 3481 1012 3563 longius
1037 3481 1219 3563 arestigiis
1243 3501 1295 3544 co·

136 3589 218 3655 dicis
261 3591 443 3656 discedunt.
489 3591 602 3655 Misit
642 3598 680 3654 et
713 3592 825 3655 missi
860 3590 940 3654 alibi
974 3610 1105 3673 quoque
1138 3590 1171 3652 in
1200 3587 1294 3652 Vind.

136 3696 283 3763 confusa.

136 3891 361 3903 ο--ι-ῄ--ρ

162 4008 185 4074 ι)
204 4007 220 4078 5
242 4013 273 4064 13
291 4011 437 4067 Liuianum
457 4030 513 4066 non
531 4017 587 4066 est:
607 4012 648 4066 ad
662 4010 796 4064 auxilia
810 4009 1058 4065 Parthinorum
1073 4010 1202 4064 iunctis
1219 4009 1293 4076 (cod-

204 4096 357 4164 iuventa)
386 4100 519 4154 duobus
547 4096 715 4163 millibus,
745 4097 795 4151 sed
822 4096 1012 4163 adiunctis,
1039 4096 1092 4150 nisi
1118 4095 1194 4151 forte
1217 4097 1294 4151 aliud

206 4182 302 4237 subest
320 4186 346 4252 (e
364 4184 615 4239 Parthinorum
633 4184 816 4237 iuventute
835 4182 1015 4236 adiunctis
1034 4183 1060 4236 d.
1079 4201 1115 4235 m.

157 4264 188 4334 ¹)
208 4265 262 4336 [§3
281 4271 393 4324 barbari
412 4269 532 4324 nominis
547 4266 639 4323 forma
653 4273 763 4322 retenta
781 4267 933 4334 (Clausal
951 4285 968 4321 a
984 4267 1107 4334 latere,
1127 4285 1185 4321 non
1199 4267 1293 4321 Clau·

205 4356 280 4410 sala
297 4355 420 4418 latere)
440 4355 560 4423 aequalia
578 4352 664 4408 efficit
682 4353 816 4408 orationis
834 4353 960 4406 membra
978 4353 1021 4406 bie
1038 4355 1130 4421 posito
1149 4369 1171 4406 a.
1206 4354 1292 4422 1864]
