2994 5108
99 473 102 479 ¹
205 482 267 538 Lib.
287 482 333 538 Ν.
753 471 815 534 110

206 677 283 722 non
319 656 512 735 sancitis,
545 677 592 720 ne
626 654 711 720 cet?
744 653 865 719 Verum
892 654 1036 722 alienum
1064 677 1199 741 prorsus
1227 655 1270 721 ab
1297 654 1362 722 hac

207 763 448 848 significatione
488 768 539 828 est
577 760 820 828 conferendi
853 763 998 830 verbum.
1060 763 1178 848 Itaque
1210 761 1361 830 Drakon

205 871 362 939 borchins
385 877 517 956 etpost
540 892 614 937 eum
636 870 694 936 alii
716 878 870 938 enarrant
898 871 1018 938 simul
1046 878 1085 938 et
1106 872 1246 940 eodem
1267 878 1362 939 tem·

206 1002 304 1065 pore
332 979 449 1046 ferre.
507 977 571 1044 Sed
594 985 815 1064 praeterquam
838 980 926 1067 quod
948 981 1012 1066 ipsi
1035 980 1247 1062 confitentur,
1279 981 1362 1047 nun·

206 1109 305 1173 quam
338 1090 386 1154 sio
419 1089 566 1173 positum
599 1087 664 1171 legi
697 1089 1005 1173 pervagatissimum
1038 1090 1182 1155 omnium
1213 1087 1361 1170 verbum,

207 1196 453 1274 obliviscuntur,
476 1196 617 1279 primum
640 1194 833 1277 conferre,
857 1197 885 1262 si
906 1197 955 1263 ita
978 1197 1151 1279 diceretur,
1175 1195 1362 1282 significare

206 1303 326 1371 debere
360 1302 479 1369 simul
513 1303 639 1388 (plures
673 1309 731 1369 aut
764 1326 837 1370 cum
866 1304 955 1388 aliie)
981 1302 1107 1387 ferre,
1140 1327 1210 1372 non
1240 1302 1362 1371 simul

206 1412 333 1493 aliud,
370 1412 487 1478 deinde
517 1411 599 1476 nihil
625 1412 815 1479 huiuamodi
837 1412 918 1496 fingi
939 1434 1039 1498 posse
1062 1415 1096 1478 in
1119 1414 1203 1480 certi
1224 1417 1258 1480 et
1280 1411 1363 1498 legi·

204 1523 278 1587 timi
316 1543 395 1587 usus
435 1520 534 1586 verbo
575 1519 772 1601 (technicum
807 1520 1004 1605 appellant);
1042 1522 1107 1587 nisi
1139 1521 1226 1588 forte
1260 1521 1363 1588 etiam

207 1628 426 1696 conscribo
456 1635 489 1693 et
517 1627 688 1693 condico
712 1649 782 1694 esse
806 1629 958 1709 scribo,
992 1628 1082 1696 dico
1105 1636 1306 1714 praeterea
1329 1635 1364 1695 et

206 1738 326 1805 similia
347 1736 510 1820 fingimus.
561 1734 685 1816 (Nihilo
709 1736 847 1803 meliora
868 1737 1042 1803 Emestius
1064 1737 1107 1803 ad
1131 1736 1219 1803 Suet.
1244 1734 1362 1804 Claud.

206 1847 271 1931 38.)
327 1844 513 1929 scripserat
540 1843 665 1908 Livius:
701 1841 779 1908 Cur
807 1846 913 1910 enim
940 1866 1018 1911 non
1046 1845 1184 1926 fertis,
1217 1866 1267 1911 ne
1297 1850 1362 1912 cet.

205 1956 251 2022 Ut
283 1954 460 2038 aliquoties
489 1973 529 2016 ex
557 1973 634 2017 non
664 1971 737 2018 con
764 1958 877 2017 natum
905 1957 956 2018 est
982 1974 1071 2034 con,
1105 1953 1212 2019 altera
1234 1952 1364 2038 syllaba

205 2065 328 2130 extrita
350 2061 405 2143 (de
428 2083 493 2145 qno
517 2080 636 2143 genere
660 2059 767 2124 dicam
789 2060 833 2125 ad
846 2060 959 2142 XLIV,
982 2065 1033 2141 27,
1058 2060 1101 2143 1),
1124 2063 1171 2127 sic
1193 2062 1363 2128 interdum

205 2194 245 2237 ex
278 2192 357 2237 non
386 2175 445 2234 aut
474 2188 545 2232 con
575 2169 794 2252 geminatione
823 2174 936 2234 natum
964 2174 1120 2234 estnon
1147 2190 1236 2249 oon,
1270 2158 1364 2237 ielnt

205 2278 291 2363 apud
314 2275 506 2342 Ciceronem
528 2276 622 2341 Tuec.
646 2275 683 2356 V,
708 2280 758 2357 33,
787 2279 829 2341 94
856 2297 931 2341 non
955 2283 1218 2343 contemnunt
1240 2277 1365 2344 scribe-

204 2386 304 2452 batur
331 2406 391 2469 pro
421 2390 697 2464 contemnunt,
730 2384 821 2468 quod
848 2383 1032 2468 Tregderns
1063 2405 1116 2451 me
1144 2390 1282 2452 anctore
1310 2406 1364 2452 re-

205 2495 323 2574 stituit,
347 2501 380 2559 et
395 2515 456 2578 pro
474 2490 555 2557 (laec.
575 2495 625 2572 24,
650 2495 690 2556 67
708 2513 767 2576 pro
786 2497 907 2557 antea
923 2495 1228 2559 commemorari
1247 2514 1363 2561 omnes

203 2603 332 2667 codices
355 2601 480 2667 habent
501 2621 614 2683 prave:
639 2606 761 2665 antea
783 2622 859 2665 non
882 2602 1199 2667 commemoravi.

134 2725 188 2793 (91)
293 2707 372 2794 Cap.
393 2715 421 2788 5,
447 2713 465 2771 3
489 2707 537 2790 (in
560 2705 708 2773 Canuleii
733 2706 912 2790 oratione):
938 2706 1050 2788 Quid,
1073 2709 1216 2788 sinon,
1241 2728 1365 2793 quan·

203 2827 284 2884 tum
316 2818 407 2883 istae
440 2819 553 2882 minae
587 2816 780 2882 adversus
813 2814 948 2899 plebis
981 2837 1222 2883 consensum
1250 2817 1365 2884 vale·

202 2935 308 3004 rent,
343 2924 405 2989 bis
440 2925 518 2989 iam
552 2924 712 3007 experti
746 2924 919 2989 essetis?
954 2922 1016 3002 Qui
1050 2926 1084 2989 in
1117 2924 1177 2990 tali
1211 2926 1365 2992 oratione

203 3032 296 3118 (post
329 3032 402 3097 illa:
443 3040 484 3095 tu
526 3031 665 3096 statim
706 3036 959 3097 sacramento
999 3033 1184 3099 iuniores
1218 3033 1365 3118 adiges

203 3140 303 3222 ceti)
337 3142 386 3204 ita
419 3142 604 3222 interrogat
634 3138 760 3221 (quid,
796 3140 828 3203 si
863 3159 940 3203 non
969 3143 1131 3223 experti
1161 3139 1364 3226 essetisi),

203 3251 231 3313 is
255 3247 434 3332 significat,
469 3246 616 3311 futurum
645 3245 784 3311 forsitan
812 3244 929 3327 fuisse,
964 3254 1000 3312 ut
1022 3247 1209 3332 indigniora
1231 3255 1265 3315 et
1287 3271 1365 3333 gra·

202 3358 296 3421 viora
317 3354 448 3433 fierent,
478 3376 550 3437 quae
579 3355 744 3419 sententia
766 3353 808 3419 ab
831 3354 988 3421 hocloco
1011 3355 1122 3422 aliena
1144 3364 1210 3436 est,
1239 3358 1273 3422 in
1296 3376 1364 3443 quo

202 3463 355 3527 tribunus
389 3463 504 3526 inanes
539 3461 720 3526 adversarii
753 3462 857 3526 minas
892 3482 963 3527 esse
996 3463 1155 3544 ostendit3
1189 3464 1225 3530 id
1253 3464 1365 3550 dupli-

204 3573 286 3636 citer
314 3571 440 3635 usitata
467 3560 573 3634 forma
600 3568 671 3633 fieri
699 3575 848 3652 poterat,
877 3577 934 3634 aut
956 3570 1206 3654 interrogando:
1241 3573 1363 3655 quid?

203 3700 281 3744 non
303 3678 532 3762 -experti
555 3677 683 3742 estis?
716 3682 774 3742 aut
796 3677 857 3742 sic:
894 3679 1012 3760 quasi
1033 3699 1112 3744 non
1133 3683 1365 3763 —experti

203 3788 365 3852 essetis.
427 3785 535 3870 Atque
575 3784 638 3850 hoc
671 3784 714 3849 ad
749 3783 878 3851 codices
912 3785 1016 3850 multo
1050 3788 1188 3870 propius
1222 3787 1364 3854 accedit.

163 3910 170 3925 ⁴
204 3893 269 3959 Sed
292 3895 348 3978 qui
371 3894 547 3959 vitabimus
570 3913 685 3958 eornm
708 3898 951 3975 argumentum,
981 3894 1036 3977 qui
1060 3892 1179 3975 dicent,
1205 3894 1364 3962 Latinam

203 4002 474 4068 consuetudinem
502 3999 689 4085 postulare,
725 4008 762 4065 ut
792 4001 827 4064 in
859 3999 924 4064 hac
957 4001 1117 4066 orationis
1144 4001 1252 4068 forma
1281 4005 1365 4070 sori·

202 4111 316 4176 batur:
341 4110 458 4192 quasi
481 4129 557 4172 non
579 4107 803 4190 -experti
828 4107 945 4172 sitis?
977 4107 1139 4193 Equidem
1161 4131 1228 4176 non
1249 4108 1364 4193 rideo;

202 4239 279 4283 nam
302 4217 386 4282 alius
408 4216 537 4299 generis
560 4215 608 4279 illi
630 4215 695 4280 loci
718 4220 810 4293 sunt,
844 4215 878 4278 in
905 4214 1025 4297 quibus
1055 4224 1173 4301 aperta
1195 4223 1248 4284 est
1270 4239 1363 4286 com-

202 4326 335 4408 paratio
369 4345 443 4389 cum
471 4323 660 4388 condicione
688 4321 766 4388 ficta
794 4320 853 4402 (eo
882 4322 1013 4389 animo
1041 4329 1080 4389 te
1108 4326 1230 4392 velim
1261 4348 1363 4411 ease,
