2994 5108
742 471 805 532 429
1184 485 1246 539 Lib.
1264 486 1351 540 xxx.

198 677 332 740 prorsus
359 677 512 741 perverse
541 657 574 720 in
601 656 674 739 ipsa
701 656 820 740 proelii
848 658 1039 722 narratione
1068 658 1154 722 inter
1181 659 1267 741 regis
1298 680 1352 723 ca-

199 784 270 829 sum
304 770 338 830 et
371 785 532 830 caesorum
565 771 799 849 captorumque
827 785 998 830 numerum
1026 767 1191 850 interponi
1220 765 1351 831 brevem

198 872 290 937 illam
312 872 353 939 de
371 870 464 938 Cirta
485 871 749 957 hominibusque,
773 873 829 954 qui
853 893 891 937 eo
909 873 1122 958 perfugerint,
1145 875 1351 954 sententiam,

198 979 343 1045 nondum
376 987 633 1045 commemorata
665 980 744 1062 fuga
778 1003 817 1045 ex
852 982 922 1045 acie
956 983 988 1045 in
1017 982 1090 1065 ipsa
1118 988 1228 1046 castra
1256 981 1288 1065 (ξ
1317 988 1351 1047 5:

199 1109 276 1172 quo
304 1088 496 1172 perculsa
522 1110 614 1172 rege
644 1091 791 1154 amisso
820 1095 906 1168 cet).
963 1089 1048 1154 Nam
1077 1090 1166 1173 quod
1189 1091 1352 1155 Weissen-

198 1195 334 1261 bcrnius
356 1198 535 1281 praeparari
559 1198 620 1275 ait,
647 1218 719 1279 quae
743 1194 759 1279 ἓ
783 1201 801 1261 6
825 1203 859 1260 et
881 1197 1036 1281 deinceps
1058 1204 1243 1279 narrentur,
1271 1200 1354 1264 mira

198 1325 274 1371 vero
297 1325 337 1369 ea
359 1310 411 1370 est
433 1306 647 1388 praeparatio,
682 1311 720 1369 ut
746 1305 876 1369 initium
903 1306 1101 1370 narrationis
1130 1306 1172 1371 ab
1201 1309 1276 1391 ipsa
1304 1307 1353 1372 di-

200 1412 328 1478 rnlsum
362 1418 395 1478 et
429 1414 600 1498 aliquanto
628 1433 730 1497 supra
757 1418 937 1476 retractum
967 1413 1052 1478 alius
1080 1415 1129 1479 rei
1152 1415 1353 1499 exponendae

202 1520 348 1586 ordinem
370 1522 599 1604 interrumpat.
656 1521 761 1585 Recta
788 1522 899 1585 omnia
927 1527 1023 1585 erunt
1051 1529 1084 1586 et
1110 1521 1207 1586 facile
1236 1522 1353 1586 decur-

200 1634 286 1709 rent,
320 1631 350 1694 si
378 1629 559 1694 clausulam
588 1629 679 1693 illam
707 1628 858 1697 undecim
880 1629 1053 1693 verborum
1076 1651 1115 1694 ex
1138 1629 1256 1712 proelii
1277 1650 1352 1694 nar-

200 1738 327 1802 ratione
350 1737 534 1802 detractam
557 1757 617 1801 suo
641 1736 714 1800 loco
737 1738 989 1819 reposuerimns,
1018 1735 1082 1801 hoc
1104 1736 1217 1801 modo:
1239 1772 1283 1781 -
1305 1738 1353 1802 ad

201 1844 360 1910 Laelium
383 1843 650 1929 pertrahitur.
688 1842 823 1908 Caedes
846 1844 884 1908 in
909 1866 952 1908 eo
975 1844 1136 1928 proelio
1160 1880 1202 1888 —
1226 1851 1353 1911 certa-

201 1958 284 2017 tum
311 1952 456 2018 inerat.
511 1952 595 2016 Non
617 1951 710 2035 plus
735 1950 761 2012 V
784 1951 913 2016 millia
933 1987 977 1997 —
999 1958 1158 2036 captum
1181 1959 1257 2032 est,
1282 1955 1353 2017 im-

200 2066 296 2145 petu
323 2062 364 2125 iu
392 2066 531 2125 castra
552 2059 673 2137 facto,
703 2079 780 2140 quo
798 2059 1074 2123 —multitudo
1106 2081 1145 2124 se
1171 2061 1353 2126 contule-

201 2174 272 2234 rat.
297 2166 373 2249 (Hic
395 2168 513 2253 proelii
535 2168 684 2231 narratio
707 2166 836 2246 finitur,
859 2173 1052 2249 sequuntur,
1075 2189 1147 2251 quae
1164 2174 1242 2252 post
1259 2190 1354 2252 proe-

200 2275 279 2341 lium
313 2283 389 2341 acta
423 2282 515 2354 sunt,
548 2275 644 2339 initio
679 2280 775 2357 capto
806 2295 826 2338 a
854 2276 1024 2339 notatione
1057 2274 1138 2354 loci,
1179 2296 1244 2356 quo
1280 2283 1355 2341 acta

201 2383 300 2465 sunt.)
351 2382 465 2448 Cirta
498 2388 618 2467 caput
647 2383 763 2464 regni
791 2381 987 2466 Syphacis
1017 2389 1118 2461 erat,
1157 2404 1282 2464 eoque
1311 2405 1354 2449 se

200 2492 344 2575 ingens
373 2491 573 2557 hominurn
601 2490 778 2555 contulit
805 2491 874 2554 vis.
926 2490 1143 2555 Masinissa
1166 2498 1226 2556 cet.
1247 2542 1251 2551 .
1271 2490 1352 2556 Tam
1371 2503 1441 2573 (350)

200 2599 377 2665 manifesta
398 2620 451 2664 res
474 2605 540 2677 est,
574 2605 612 2663 ut
639 2598 693 2661 vix
715 2597 955 2662 dubitationem
980 2598 1167 2663 habituram
1192 2621 1262 2664 esse
1286 2621 1356 2664 cre-

200 2706 285 2773 dam.
319 2707 456 2772 Accedit
478 2708 579 2788 igitur
600 2706 663 2770 hoc
687 2705 872 2789 exemplum
895 2704 1038 2789 plurium
1062 2706 1158 2770 simul
1182 2707 1356 2772 verborum

202 2836 264 2887 sna
290 2815 368 2880 sede
396 2821 562 2880 motorum
591 2821 625 2879 et
647 2816 680 2878 in
704 2813 847 2878 alienum
870 2813 1039 2877 illatorum
1061 2813 1104 2878 ad
1129 2834 1182 2892 ea,
1213 2835 1284 2896 quae
1313 2814 1357 2878 ad

199 2921 294 3002 VIII,
327 2928 375 3003 10,
407 2926 446 2987 13
469 2928 503 2986 et
525 2922 633 2999 XXII,
666 2925 720 3001 10,
751 2925 908 2985 3notata
931 2927 1016 2985 sunt.
1074 2919 1168 3004 [Quae
1191 2921 1355 2986 Weissen-

195 3030 337 3096 bornius
367 3036 485 3096 contra
508 3030 664 3113 disputat,
693 3051 830 3113 prorsus
854 3029 966 3093 inania
989 3035 1074 3092 sunt.
1131 3028 1265 3106 Quidni,
1297 3031 1354 3113 qui

194 3136 325 3203 Cirtam
347 3137 513 3221 fugerant,
546 3139 738 3220 ignorarent
765 3159 874 3220 regem
903 3144 979 3219 post
1006 3157 1096 3200 suam
1120 3135 1247 3218 fugam,
1281 3157 1353 3200 cum

183 3242 400 3330 iugientibus
424 3247 542 3311 ceteris
566 3245 783 3327 obequitaret,
809 3247 962 3329 captum?
993 3243 1127 3309 Orosius
1151 3243 1241 3322 nihil,
1265 3243 1355 3326 quod

188 3353 244 3419 ad
265 3352 352 3419 hanc
374 3374 444 3418 rem
466 3355 641 3437 pertineat,
664 3351 790 3434 habet]
825 3353 928 3417 Paulo
952 3358 1028 3435 post
1045 3350 1075 3433 (ἕ
1089 3350 1121 3432 8)
1140 3351 1228 3434 quod
1250 3373 1355 3436 nuper

183 3482 218 3525 «e
252 3459 422 3526 codicibus
454 3466 633 3525 retractum
667 3460 954 3525 Weissenbornius
987 3461 1088 3524 tacite
1122 3461 1243 3524 tenuit:
1283 3481 1355 3524 nec

175 3568 320 3633 :minis
347 3588 418 3632 nec
444 3567 652 3634 suadendo
676 3575 769 3633 ante
792 3568 934 3646 valuit,
964 3588 1080 3649 quam
1102 3590 1172 3632 rex
1193 3569 1354 3632 vinctus

173 3676 240 3740 in
269 3683 536 3759 conspectum
565 3676 686 3740 datus
717 3681 829 3740 esset
852 3676 926 3758 (pro
949 3681 1024 3751 est,
1055 3676 1143 3759 quod
1167 3677 1354 3758 superiores

164 3773 399 3863 labebant),
432 3789 594 3867 repugnat
623 3786 787 3848 constanti
812 3784 895 3847 Livii
924 3785 957 3847 in
980 3783 1043 3847 hac
1066 3785 1225 3847 orationis
1249 3783 1356 3847 forma

175 3891 291 3973 (non
315 3897 408 3956 ante
430 3926 474 3936 —
496 3890 624 3974 quam)
648 3891 894 3971 consuetudini,
924 3897 958 3956 et
979 3890 1076 3955 facile
1100 3891 1354 3975 frequenterque

168 4003 445 4065 *commutantur
473 4005 533 4065 est
562 4006 595 4063 et
624 4008 729 4064 esset
760 3999 932 4082 (sequente
962 4000 1144 4082 praesertim
1171 3998 1207 4080 t).
1263 3997 1355 4062 Idem

165 4107 355 4173 mendum
377 4127 396 4171 e
418 4106 490 4172 cod.
508 4106 702 4190 Illoguntino
725 4108 758 4171 in
782 4108 943 4172 editiones
966 4129 1026 4191 per
1044 4106 1244 4171 Gronovium
1266 4106 1356 4170 venit

162 4204 256 4280 lib.
286 4213 438 4294 XXXIV,
472 4219 507 4294 8,
538 4218 572 4278 2:
605 4235 677 4279 nec
710 4221 805 4280 ante
839 4215 1108 4293 abstiterunt,
1143 4235 1258 4297 quarn
1291 4235 1355 4278 re·

174 4323 323 4387 lnissa
346 4322 394 4387 ab
417 4322 598 4388 tribunis
621 4324 870 4389 intercessio
895 4327 1020 4402 esset;
1044 4321 1298 4404 Bambergensis
1322 4328 1354 4385 et
