2994 5108
633 488 694 551 css
1017 528 1018 531 ι
1050 482 1123 557 'usu
1139 500 1239 557 mur.

82 671 254 740 ⁴subibant.
299 672 397 755 (Tum
418 681 507 740 recte
528 673 659 756 Lipsius
682 679 716 739 et
736 673 945 740 Perizonius:
975 681 1014 740 et
1041 676 1083 739 iu
1103 673 1240 740 fronte

87 783 264 847 extremi
286 788 328 848 et
350 803 396 847 ex
417 781 649 863 lateribus.)

176 888 253 974 Cap.
280 895 372 970 11‚9
405 889 460 972 (de
494 888 706 956 Cassandreae
742 890 1017 975 oppugnatione):
1055 889 1152 968 Hoc,
1172 890 1239 957 ubi

87 996 320 1083 perfectum
343 1019 431 1065 esse
454 1019 554 1083 opus
576 998 781 1065 militibus
803 999 1035 1064 nuntiatum
1058 998 1239 1079 est‚·cla·

88 1126 235 1172 morem
252 1107 420 1173 alacres
442 1105 592 1189 gaudio
613 1114 782 1191 repente
805 1106 975 1186 tollunt,
999 1105 1097 1172 aliis
1118 1115 1239 1191 parte

57 1213 177 1280 alia
207 1216 248 1283 iu
281 1215 420 1281 urbem
453 1216 691 1299 irrupturis.
734 1213 808 1281 Non
835 1214 1093 1299 ali0s‚·opinor‚
1126 1217 1238 1282 nescio

87 1342 182 1406 quos,
205 1323 263 1390 sed
286 1344 321 1390 se
342 1325 434 1408 ipsos
456 1323 640 1407 irrupturos
662 1323 834 1408 putabant.
857 1322 969 1390 (lodex
985 1323 1117 1389 vitiose:
1141 1324 1238 1390 aliis

87 1428 356 1516 inrupturum.
401 1431 535 1515 Opinor,
557 1431 685 1497 Livium
707 1432 893 1516 scripsisse:
916 1431 1078 1512 tollunt
1102 1437 1140 1495 ut
1162 1433 1238 1498 alii

86 1547 207 1624 parte
241 1539 323 1606 alia
355 1541 395 1605 in
426 1539 567 1605 urbem
599 1540 815 1623 irrupturi.
860 1539 945 1605 Nam
978 1539 1141 1624 particule
1169 1541 1238 1625 opi-

85 1649 196 1715 nionis
218 1648 306 1734 (quse
328 1656 447 1715 eventu
470 1646 592 1729 caruit)
621 1647 721 1713 index
742 1649 796 1713 rix
823 1648 938 1714 abesse
959 1654 1083 1732 potest,
1111 1649 1146 1714 in
1168 1649 1237 1715 vul·

86 1765 166 1842 gata
198 1758 332 1840 quidem
363 1758 528 1841 scriptura
560 1755 651 1821 nullo
684 1757 792 1823 modo.
837 1755 934 1840 [Alii
965 1791 1009 1803 -
1030 1757 1237 1841 irrupturi

82 1865 154 1931 'iam
176 1863 419 1949 Gronovius.]¹)

174 1972 255 2059 Cap.
282 1978 331 2053 13,
355 1979 389 2039 7:
423 1973 665 2058 Euphranor
693 1972 819 2054 (Persei
842 1972 933 2055 dux),
956 1973 1095 2039 soluta
1116 1974 1235 2039 unius

86 2082 203 2148 urbis
226 2081 424 2165 (Meliboeae)
447 2081 679 2161 obsidione,
702 2081 1003 2147 Demetriadem
1033 2081 1235 2165 extemplo

86 2190 216 2271 ducit3
239 2211 310 2285 nec
331 2196 413 2256 tum
434 2192 592 2256 moenia
613 2189 742 2271 modo,
765 2188 834 2256 sed
857 2210 975 2273 agros
997 2190 1120 2256 etiam
1142 2210 1235 2257 con·

85 2295 272 2365 fiderunt
298 2319 341 2364 se
369 2319 390 2364 a
417 2298 762 2384 populationibus
794 2299 902 2364 tueri
933 2319 1066 2383 posse.
1111 2298 1236 2365 Praeter

82 2405 266 2474 barbarum
298 2408 382 2473 illud
415 2407 680 2475 confiderunt
713 2408 813 2473 etiarn
841 2408 1012 2473 sententia
1039 2424 1104 2473 non
1132 2407 1235 2474 cobse-

85 2521 198 2581 rentes
220 2523 254 2582 et
286 2516 450 2601 particula
482 2521 565 2581 tum
597 2514 707 2581 mendi
739 2510 896 2581 indicium
929 2513 1064 2582 faciunt.
1109 2514 1234 2582 Codex:

81 2621 203 2689 ¹ducit
235 2625 520 2690 noctemuenia
546 2623 661 2690 modo
689 2632 751 2690 cet.
795 2623 920 2690 Locum
941 2622 1133 2690 lacunosum
1154 2645 1237 2704 esse,

87 2731 179 2814 quod
199 2732 315 2817 aliqua
332 2752 371 2798 ex
388 2739 483 2816 parte
499 2731 786 2798 Weissenboruius
805 2731 991 2814 suspicatus
1010 2738 1092 2812 erat,
1115 2732 1238 2799 Forob-

87 2838 236 2906 bammsr
267 2841 430 2907 intellexit
462 2841 599 2923 eiusque
632 2841 710 2905 olim
744 2838 828 2905 hanc
860 2837 928 2905 fere
956 2838 1062 2913 ,iuuisse
1084 2840 1237 2907 formam:

86 2945 387 3014 Demetriadem
421 2948 621 3033 extemplo
656 2947 780 3013 ducit.
831 2947 957 3014 Nocte
986 2949 1145 3013 moenia
1176 2949 1238 3014 iu·

87 3058 187 3137 trat,
220 3061 460 3139 tantamque
494 3057 687 3123 fiduciam
709 3054 835 3137 (tantos
858 3054 1019 3137 animosi)
1052 3056 1238 3122 incolen-

86 3162 199 3230 tibus
226 3161 341 3245 fecit,
368 3171 410 3230 ut
439 3187 515 3232 non
537 3165 692 3231 moenia
712 3163 845 3244 modo,
874 3162 945 3230 sed
966 3183 1086 3247 agros
1115 3165 1238 3230 etiam

78 3271 342 3336 colliderent
374 3293 415 3338 se
448 3272 832 3359 apopulationibus
858 3273 971 3337 tueri
997 3293 1128 3356 posse.
1172 3272 1239 3357 Ap-

86 3387 184 3464 paret
205 3382 326 3446 erroris
350 3400 450 3447 causa
470 3382 504 3445 in
527 3381 690 3447 moenium
711 3373 873 3446 vocabulo
896 3379 947 3445 bis
970 3381 1089 3463 posito.
1133 3380 1238 3447 Nocte

87 3486 205 3553 urbem
227 3487 423 3574 Euphranor
444 3490 597 3569 intravit,
630 3495 668 3554 ut
700 3489 866 3554 Romanos
889 3486 1077 3553 obsidentes
1098 3488 1237 3555 falleret.
1279 3565 1281 3568 .

87 3592 158 3661 Sub
187 3595 288 3662 finem
322 3599 440 3681 capitis
474 3597 506 3680 (ξ
542 3596 596 3678 12)
628 3596 797 3662 scribitur:
841 3594 895 3659 De
936 3594 1110 3662 Eumene
1144 3617 1238 3679 rege

85 3701 207 3788 longe
240 3706 403 3772 diversa
434 3705 617 3771 tradunt.
662 3703 875 3770 Desideratus
897 3702 1098 3785 subiectum;
1131 3725 1238 3790 neque

89 3887 316 3903 ——·-———-——

111 4007 139 4076 ¹)
157 4006 186 4078 [θ
204 4011 221 4063 6
238 4011 311 4065 mira
328 4011 404 4082 apud
419 4012 531 4067 Livium
549 4009 741 4080 inaequalitate
759 4010 894 4065 scribitur
917 4010 957 4064 ad
984 4007 1127 4063 eandem
1145 4026 1234 4064 oras-

157 4093 362 4173 situdinem,
383 4114 447 4166 qua
465 4101 619 4153 veterem
636 4114 782 4166 murum,
801 4113 868 4150 nam
886 4094 960 4164 apud
977 4091 1105 4148 Tacitum
1122 4092 1239 4150 serenda

156 4176 276 4235 fortasse
304 4185 391 4249 esset;
417 4200 587 4251 quemquam
611 4183 687 4252 apud
710 4199 773 4237 eum
791 4197 903 4250 quoque
921 4180 1081 4248 suspicarer
1099 4178 1196 4234 addito
1216 4196 1238 4232 ιιι

156 4265 335 4320 notissimam
353 4268 488 4321 orationis
507 4266 627 4321 formam
644 4266 845 4322 restituendam
863 4282 933 4334 esse,
962 4264 996 4319 de
1019 4282 1074 4333 qua
1098 4265 1156 4321 dixi
1173 4272 1240 4335 post

156 4349 228 4404 ulios
246 4352 373 4407 breviter
390 4351 426 4405 sd
444 4350 500 4406 Cic.
518 4350 583 4406 Fin.
602 4352 625 4419 Ι,
644 4354 679 4406 49
696 4368 722 4421 p.
741 4354 775 4407 at
794 4349 929 4419 (Galat.
946 4348 962 4419 ξ
980 4351 1031 4405 323
1048 4368 1076 4404 n.
1099 4349 1240 4420 l).186t]
1294 4427 1298 4435 ⁸
