2994 5108
766 493 827 554 592

221 686 256 743 et
280 680 343 760 34),
366 679 590 763 quaternionis
620 676 724 741 XXVI
753 676 832 742 folia
859 683 1015 760 quattuor
1037 676 1148 740 media
1165 674 1292 757 (XLIV.
1308 676 1377 757 35),

221 794 313 869 quat.
337 787 460 851 XXVII
494 787 557 852 duo
591 787 700 851 media
733 785 857 865 (XLIV,
886 786 950 866 40),
979 793 1068 868 quat.
1098 783 1236 848 XXIIII
1265 792 1379 849 extre·

224 918 312 959 mum
337 895 462 975 (XLIV,
486 894 551 976 46),
574 901 664 976 quat.
688 893 778 958 XXX
796 894 862 960 duo
880 899 1026 959 extrema
1044 892 1154 971 (XLV,
1180 897 1229 971 14,
1251 899 1285 957 et
1308 894 1378 974 21),

228 1011 318 1087 quat.
343 1003 480 1067 XXXIV
503 1005 643 1086 primurn
667 1002 774 1082 (XLV,
798 1001 867 1083 39),
890 1023 978 1079 nunc
1001 1001 1093 1065 deest
1115 1002 1215 1065 etiam
1238 1007 1379 1084 quater-

223 1113 278 1176 nio
302 1113 401 1191 alter,
425 1134 442 1176 e
465 1133 529 1194 quo
552 1111 710 1193 Gryuaeus
740 1111 890 1176 ediderat
919 1111 994 1175 libri
1016 1110 1090 1174 XLI
1118 1111 1228 1193 capita
1255 1132 1378 1175 norem

221 1218 309 1300 (quae
333 1241 352 1283 a
375 1221 481 1303 primo
505 1218 734 1300 numerantur)
758 1240 861 1301 usque
883 1219 926 1282 ad
948 1218 1018 1282 haec
1036 1218 1136 1282 verba
1153 1220 1272 1302 capitis
1296 1221 1378 1284 noni

221 1329 358 1391 extremi
393 1325 748 1410 (§10):[edic]tum
783 1347 888 1391 cous.
919 1348 968 1392 sc.
1003 1327 1204 1391 adiectum
1238 1335 1320 1406 est,
1356 1349 1379 1392 a

221 1435 341 1517 quibus
364 1456 449 1501 nuuc
473 1437 574 1501 codex
597 1437 720 1518 incipit.
765 1436 882 1519 Itaque
911 1436 944 1499 in
972 1435 1036 1499 illis
1064 1456 1180 1499 novem
1208 1435 1377 1518 capitibus

220 1545 387 1626 scriptura
409 1566 476 1608 una
498 1545 630 1628 Grynaei
659 1543 723 1609 fide
751 1542 914 1624 nititur¹).
959 1543 1067 1626 Atque
1090 1544 1248 1625 Grynaeus
1274 1566 1378 1626 quum

219 1653 267 1716 sic
289 1651 349 1717 hos
373 1653 475 1718 libros
499 1653 670 1730 edidisset,
695 1659 732 1716 ut
756 1651 838 1715 Livii
867 1653 1048 1716 orationem
1077 1649 1295 1715 describendo
1319 1651 1377 1716 de·

220 1768 391 1843 praeatum
413 1762 563 1844 plurimis
586 1762 668 1826 locis
698 1762 888 1825 coniectura
911 1767 1052 1824 mutaret
1080 1759 1126 1839 (in
1151 1781 1216 1842 quo
1238 1761 1376 1843 negotio

221 1876 341 1951 praeter
374 1870 536 1933 minorum
570 1876 604 1934 et
636 1868 785 1932 facilium
813 1869 1004 1933 mendorum
1033 1890 1135 1952 prope
1169 1867 1375 1932 infinitorum

220 1979 456 2042 correctionem
488 1980 587 2042 etiam
615 1979 767 2059 graviora
795 1986 829 2041 et
856 1977 1044 2041 obscuriora
1072 1977 1213 2058 plurima
1241 1979 1374 2059 egregio

220 2088 368 2150 acumine
403 2093 436 2150 et
464 2089 646 2179 sagacitate
676 2085 825 2164 sustulit,
858 2087 891 2149 in
924 2086 998 2149 aliis
1032 2083 1198 2149 aberrasit
1226 2086 1373 2167 vitiaque

220 2193 452 2276 interpolando
475 2194 580 2274 auxit)
603 2214 663 2257 nec
686 2200 805 2271 tamen,
828 2194 916 2275 quod
938 2193 1026 2256 illius
1046 2194 1155 2258 aetatis
1174 2213 1245 2257 mos
1265 2195 1373 2257 minus

220 2302 427 2385 postulabat,
451 2302 529 2383 quid
563 2304 595 2365 in
624 2302 735 2366 codice
758 2310 940 2384 repertum,
970 2301 1049 2383 quid
1078 2323 1097 2365 a
1125 2322 1159 2364 se
1189 2301 1373 2383 profectum

222 2417 316 2483 esset,
341 2410 511 2488 indicaret,
535 2416 727 2493 oportuerat
744 2410 880 2493 pridem,
903 2416 1077 2494 postquam
1096 2408 1288 2492 diligentius
1305 2410 1372 2474 haec

221 2524 255 2580 et
278 2518 433 2581 minutius
452 2520 588 2581 tractari
608 2525 726 2602 coepta
742 2526 827 2595 suut,
851 2518 995 2583 codicem
1013 2539 1087 2581 cum
1105 2518 1203 2582 editis
1216 2518 1372 2583 collatum

221 2625 355 2705 eiusque
381 2628 579 2708 scripturam
598 2627 772 2708 diligenter
789 2626 983 2691 adnotatam
1001 2647 1082 2705 esse,
1105 2634 1143 2690 ut
1160 2635 1289 2691 certum
1310 2625 1376 2690 elfi-

222 2741 351 2796 ccretur
374 2735 562 2816 praesidium
582 2743 615 2798 et
634 2736 751 2797 veteris
769 2735 1005 2799 emendationis
1023 2734 1207 2798 iudicandae
1230 2742 1263 2797 et
1287 2754 1375 2797 noia·¹

221 2842 395 2905 tentandae.
431 2843 469 2906 Ei
495 2845 541 2906 rei
566 2865 666 2925 quum
690 2864 793 2924 usque
818 2843 859 2905 ad
881 2851 994 2906 nostra
1012 2864 1113 2926 prope
1132 2851 1285 2925 tempora
1305 2864 1375 2925 pam·

221 2951 280 3013 tim
304 2950 471 3014 homiuum
497 2952 623 3015 incuria
647 2950 840 3027 obstitisset,
865 2953 986 3034 partim
1011 2973 1123 3015 eorum
1147 2953 1297 3033 pravitas
1321 2958 1378 3013 aut

221 3058 357 3134 uiridia,
383 3061 437 3141 qui
462 3060 647 3123 huiusmodi
677 3058 850 3123 thesauros
879 3058 1063 3123 littera-rum
1095 3060 1233 3122 utilitati
1266 3059 1377 3122 deberi

182 3184 190 3198 ·
222 3167 419 3247 ignorabant
443 3169 549 3250 iisque
576 3168 844 3239 committendos,
874 3169 929 3248 qui
952 3175 1041 3232 recte
1065 3169 1105 3230 iis
1129 3169 1178 3231 uti
1202 3176 1236 3231 et
1259 3168 1380 3231 vellent

223 3282 255 3337 et
278 3284 430 3357 possent,
461 3278 583 3357 primus
621 3275 666 3337 Is.
692 3274 834 3357 Theoph.
864 3276 1086 3359 Kreyssigius,
1123 3277 1245 3359 partim
1279 3298 1380 3359 quum

223 3382 400 3445 editionem
422 3383 504 3445 Livii
527 3382 758 3446 Ernestianam
777 3390 929 3464 quartum
954 3385 1053 3466 (Lips.
1075 3386 1305 3466 1823-1827)
1328 3408 1374 3451 re·

222 3489 398 3571 petendam
421 3497 561 3566 curaret,
585 3492 706 3573 partim
730 3513 831 3573 quum
854 3493 1013 3555 minorem
1036 3491 1117 3554 Livii
1141 3493 1324 3558 editionem
1347 3496 1382 3575 (a

222 3595 435 3661 Tauchnitzio
459 3619 487 3661 a.
515 3603 595 3661 1828
618 3600 824 3682 impressam)
843 3601 1030 3679 adornaret,
1054 3622 1134 3664 usus
1154 3608 1205 3666 est
1223 3605 1382 3687 scipturis

224 3705 346 3768 codicis
380 3727 400 3769 a
433 3705 605 3788 Kopitario
646 3706 735 3771 facta
770 3708 947 3773 collatione
976 3713 1118 3774 enotatis
1148 3714 1382 3794 permultaque

221 3834 333 3877 earum
357 3835 428 3896 ope,
453 3814 604 3878 adhibita
627 3818 727 3879 etiam
751 3817 791 3881 ad
815 3818 936 3881 codicis
959 3820 1096 3900 vestigia
1121 3822 1232 3901 sagaci
1253 3823 1383 3887 coniec-

133 3932 207 4003 (486)
225 3927 300 3984 tura.
319 3924 446 4004 egregie
463 3924 622 4002 restituit,
648 3924 775 3986 addidit
793 3925 940 4005 quaedam
959 3926 1048 3990 Imm.
1072 3927 1245 3994 Bekkerus
1265 3931 1383 3996 eadem

245 4191 269 4256 ¹)
288 4190 422 4245 Extrema
442 4211 504 4261 pars
524 4194 587 4246 libri
606 4194 669 4246 XLI
688 4195 743 4248 iam
762 4201 827 4250 ante
845 4197 1038 4261 interciderat,
1058 4217 1140 4267 quam
1160 4202 1251 4256 codex
1271 4204 1379 4259 Vindo-

290 4278 422 4330 bonensis
442 4280 564 4346 scriptus
584 4290 634 4345 est,
654 4281 682 4333 in
702 4299 756 4349 quo
775 4283 822 4334 illo
842 4283 905 4335 loco
931 4301 1023 4351 neque
1046 4283 1113 4338 lolia
1137 4287 1240 4342 desunt
1266 4296 1296 4344 et
1320 4291 1384 4345 sub·

290 4363 406 4429 scriptio
433 4364 520 4416 solita
538 4366 658 4433 ponitur.
