2994 5108
683 462 741 520 541
1055 469 1117 523 Lib.
1137 469 1288 523 XXXVIII.

137 644 326 718 cedebatur,
351 643 410 708 sed
440 644 546 708 locis
570 640 626 723 d.].
656 642 792 706 Videtur
812 642 972 707 excidisse
1006 641 1198 724 operibus
1232 651 1289 707 aut

137 752 253 818 similis
276 772 348 815 uox.
394 749 490 815 Certe
514 750 647 832 vulgata
671 751 834 833 scriptura
856 771 922 814 nou
945 755 1036 813 recte
1058 747 1206 827 habet.¹)

221 858 301 942 Cap.
332 863 361 938 9,
391 862 409 920 3
443 859 548 921 oratio
582 858 629 920 sic
657 857 923 940 interpungeuda
957 862 1024 919 est:
1059 856 1148 919 Haec
1182 877 1290 920 mora

135 967 239 1050 (quod
262 967 352 1050 capti
374 965 416 1029 ab
439 965 667 1029 Acarnanibus
685 965 870 1029 AEtolorum
887 963 989 1045 legati
1009 963 1117 1044 erant)
1135 964 1290 1029 iniecta

134 1083 198 1141 cst
231 1075 336 1156 paci,
368 1095 486 1155 quum
515 1074 592 1136 iam
615 1073 927 1137 Atheniensium
958 1070 1289 1153 Rhodiorumque

134 1184 278 1265 legati,
303 1182 371 1263 qui
393 1180 440 1244 ad
464 1181 764 1263 deprecandum
788 1201 858 1262 pro
882 1181 934 1243 iis
952 1186 1160 1253 venerant,
1185 1179 1289 1262 apud

136 1290 347 1358 consulem
382 1296 530 1353 essent.
553 1268 557 1276 ⁴
582 1272 835 1371 Amynander
871 1308 1091 1370 quoque-
1123 1296 1291 1353 venerat

135 1401 175 1464 in
197 1405 337 1463 castra
360 1396 540 1460 Romana
563 1403 623 1460 cet.
670 1396 828 1459 Vitiosum
853 1402 903 1459 est
926 1395 1026 1458 enim:
1061 1393 1185 1471 Quum
1213 1396 1289 1460 iam

135 1542 178 1553 -
200 1511 357 1582 essent,
391 1504 466 1568 Am.
502 1524 662 1586 quoque
693 1509 862 1567 venerat
896 1502 969 1585 (pro
1003 1502 1142 1580 ienit).
1188 1502 1289 1568 Paulo

135 1623 212 1680 ante
246 1611 277 1695 (ᾗ
312 1613 344 1694 2)
378 1632 442 1676 nou
467 1612 581 1675 debuit
614 1618 706 1674 recta
735 1611 857 1674 codicis
880 1609 913 1673 ll
945 1610 1109 1692 scriptura
1143 1611 1289 1693 (iurgio

136 1721 307 1805 excepti,
326 1740 445 1802 quam
464 1718 530 1783 diu
553 1740 635 1782 rem
657 1718 910 1796 traherent).
935 1718 968 1780 in
986 1737 1051 1798 qua
1068 1717 1155 1781 idem
1173 1725 1224 1782 est
1243 1719 1290 1782 in·

136 1827 372 1913 terrogationis
389 1827 489 1890 verbo
505 1826 697 1908 indignandi
717 1833 750 1890 et
769 1826 927 1908 (querendi
947 1825 1102 1889 subiectae
1120 1847 1209 1903 usus,
1226 1846 1290 1907 quo

139 1937 260 2003 dicitur
282 1936 407 1999 irasci
436 1934 583 2010 alicui,
608 1954 678 1997 cur
707 1934 855 2003 faciat,
880 1938 913 1997 et
942 1940 1157 2015 correptus
1192 1955 1290 2013 sum,

139 2066 207 2111 cur
235 2041 498 2119 ambularem,
528 2041 699 2118 similiave,
724 2065 744 2107 a
766 2040 1032 2105 Weissenbornio
1063 2043 1225 2124 corrumpi
1255 2049 1287 2105 et
1306 2047 1377 2118 (439)

138 2173 211 2217 cum
244 2150 426 2232 vulgarium
462 2150 611 2213 codicum
640 2150 754 2229 (etiam
777 2149 817 2229 B)
847 2151 1156 2231 interpretamento:
1186 2150 1289 2230 quod

137 2281 218 2326 rem
241 2258 455 2323 traherent
471 2258 517 2320 sic
542 2256 686 2335 conflari,
710 2264 747 2320 ut
768 2258 876 2321 fieret:
901 2256 1007 2340 quod
1031 2262 1108 2318 tam
1127 2255 1192 2319 diu
1209 2278 1289 2322 rem

141 2367 357 2433 traherent
385 2385 457 2447 quae
481 2372 532 2428 est
555 2365 628 2445 ipsa
649 2384 734 2428 verae
759 2365 931 2448 scripturae
954 2363 1129 2428 enarratio.

219 2473 298 2557 Gap.
325 2476 374 2550 15,
398 2475 416 2534 9
441 2473 488 2547 (iu
511 2471 732 2554 descriptione
762 2473 888 2536 itineris
918 2470 974 2535 Cn.
998 2470 1111 2534 Manlii
1135 2469 1290 2536 Vulsonis

136 2604 196 2667 per
218 2580 364 2659 Asiam):
387 2579 485 2643 Inde
508 2581 547 2642 iu
571 2600 704 2662 agrum
728 2579 1043 2663 Sagalassenum
1070 2615 1108 2623 —-
1131 2586 1291 2643 ventum

135 2697 207 2756 est.
253 2686 403 2753 Colunt
436 2687 599 2757 Pisidae,
634 2688 753 2768 louge
788 2688 930 2770 optimi
965 2686 1072 2750 bello
1105 2688 1290 2768 regionis

134 2799 228 2863 eius.
274 2793 397 2872 Quum
420 2813 465 2858 ea
486 2816 550 2859 res
567 2797 720 2859 animos
748 2796 864 2873 facit,
883 2802 966 2858 tum
988 2797 1072 2877 agri
1096 2793 1278 2859 fecundi·

134 2884 198 2971 tas
222 2909 262 2968 et
284 2901 502 2967 multitudo
525 2901 728 2968 hominum
760 2913 798 2970 et
830 2905 937 2967 situs
959 2939 1002 2947 —
1024 2902 1148 2966 urbis.
1191 2901 1290 2992 Con·

135 3012 198 3078 sul
226 3046 265 3057 -
298 3009 409 3074 misit
431 3016 492 3073 cet.
537 3008 730 3074 Necessario
765 3010 972 3074 scribendum
996 3009 1109 3085 fecit,
1133 3018 1169 3074 ut
1192 3032 1212 3075 a
1234 3032 1291 3074 no-

162 3231 187 3297 ι)
206 3229 271 3298 Cap.
292 3232 321 3295 7,
344 3232 361 3282 9
385 3229 443 3294 (ubi
462 3230 557 3297 agitur
574 3229 608 3282 de
628 3230 757 3283 cuniculo
777 3232 828 3284 sub
847 3247 926 3283 muro
945 3230 1103 3284 Ambraciae
1123 3247 1139 3283 s
1156 3229 1291 3284 Romanis

205 3312 281 3379 acto)
307 3314 388 3367 unice
412 3331 507 3367 verum
533 3320 577 3367 est
599 3313 760 3382 fulturis,
792 3315 865 3384 quod
890 3314 1020 3368 Gelenius
1044 3332 1078 3368 ex
1095 3315 1125 3368 M
1143 3332 1194 3384 pro
1218 3314 1289 3367 fur·

203 3398 293 3452 culis
321 3399 453 3452 restituit.
499 3399 611 3465 Famis,
643 3417 701 3453 non
728 3402 813 3454 modo
842 3400 1005 3466 furculis,
1038 3417 1083 3453 res
1111 3416 1169 3454 non
1195 3401 1290 3468 magni

202 3482 350 3553 ponderis,
378 3482 462 3538 foruli
487 3485 622 3537 similiave
641 3486 775 3554 suspendi
793 3490 926 3555 possunt;
954 3485 990 3538 ad
1008 3503 1133 3551 murum,
1161 3486 1290 3539 cuniculo

202 3566 276 3621 intra
310 3567 410 3636 ducto,
449 3570 644 3624 sustinendum
681 3570 962 3640 suspendendumque
995 3588 1065 3639 opus
1100 3576 1144 3626 est
1177 3571 1291 3624 maioris

204 3653 300 3721 operis
329 3653 477 3708 fulturis
506 3672 540 3708 ex
563 3656 690 3709 trabibus
716 3660 744 3709 et
766 3657 926 3709 tabularum
947 3654 1034 3708 firmis
1058 3657 1240 3726 compagibus
1264 3661 1293 3709 et

204 3738 344 3792 columnis
363 3739 464 3808 ligneis
484 3740 614 3808 (osdtoa;);
639 3758 685 3794 cas
704 3750 841 3813 δριίσμαια,
859 3742 974 3794 nomine
991 3740 1095 3794 Latino
1113 3741 1155 3794 illi
1174 3757 1290 3809 prorsus

205 3824 398 3890 convenienti,
426 3824 560 3893 Polybius
585 3825 710 3894 appellat
733 3824 770 3892 V,
797 3829 814 3877 4
838 3831 866 3879 et
889 3825 926 3892 V,
956 3828 1005 3879 100
1028 3827 1057 3879 in
1081 3825 1219 3878 similibus
1242 3825 1288 3877 de·

204 3907 407 3976 scriptionibus
431 3916 656 3980 oppugnatarum
680 3911 804 3978 urbium,
831 3912 921 3978 ipsam
949 3916 1043 3964 autem
1066 3928 1125 3965 rem
1149 3919 1290 3964 διασιυλοῡι·

170 4012 174 4021 ·
204 4004 281 4058 τοῖχος
301 3992 449 4065 (ὑπορυχθὶν
467 4004 508 4050 καὶ
526 3996 682 4069 apparare).
724 4000 854 4067 Στὴριγγας
877 3996 924 4049 alii
947 4013 999 4064 pro
1023 3999 1116 4056 στύλοις
1134 3993 1290 4063 appellanb3

204 4075 262 4130 vid.
273 4076 474 4147 Wesselingius
494 4082 530 4134 ad
538 4081 621 4135 Diod.
634 4080 688 4136 Sic.
698 4080 804 4147 XVIII,
827 4084 868 4133 70.
900 4080 997 4149 Neque
1019 4081 1048 4134 in
1066 4079 1226 4133 huiusmodi
1245 4097 1291 4148 ap-

203 4160 358 4231 pellatione
377 4165 595 4235 machinamenti
610 4167 762 4236 quidquam
779 4166 888 4219 minimi
902 4166 1035 4219 momenti
1051 4166 1136 4219 habet
1149 4164 1289 4220 dubitatio

204 4262 223 4300 a
240 4245 472 4303 Drakenborohio
490 4257 575 4317 mota,
601 4251 676 4320 quod
694 4250 835 4306 fulturae
854 4251 992 4305 vocabulo
1012 4249 1148 4318 (legitime
1166 4248 1242 4303 facto
1261 4254 1291 4303 et

204 4329 281 4400 apud
299 4330 445 4388 Horatium
463 4337 571 4409 posito)
589 4337 685 4390 Livius
703 4337 770 4390 alibi
788 4353 853 4390 usus
872 4353 929 4389 non
948 4336 1094 4404 reperitur.
