2994 5108
206 515 268 571 Lib.
286 514 320 570 X.
753 501 817 564 234

207 688 308 769 bitur,
330 687 382 753 his
406 688 529 754 verbis:
559 693 599 754 et
621 687 787 753 deorum
810 686 935 752 etiam
957 685 1236 753 adhibuerant
1259 705 1364 770 opes,

207 798 290 862 ritu
329 796 504 879 quodam
543 794 793 862 sacramenti
831 800 996 861 vetusto
1029 793 1145 860 velut
1175 794 1365 861 initiatis

206 905 420 971 militibus.
482 904 611 969 Deinde
649 904 757 989 ipsam
795 903 844 968 rei
884 902 1139 987 descriptionem
1172 904 1221 969 sic
1253 902 1365 968 Livius

208 1014 353 1080 orditur:
394 1012 562 1079 Dilectu
595 1034 668 1097 per
702 1033 815 1077 omne
850 1009 1054 1077 Samnium
1086 1009 1231 1076 habito
1263 1032 1366 1077 nora

206 1123 309 1205 lege,
337 1128 390 1203 ut,
413 1122 482 1205 qui
504 1121 708 1186 iuniorum
731 1141 809 1186 non
833 1120 1101 1185 convenisset
1123 1117 1171 1184 ad
1193 1119 1365 1202 impera·

207 1236 337 1294 torum
361 1229 548 1308 edictum,
572 1229 721 1314 quique
743 1228 906 1293 iniussu
929 1227 1103 1309 abisset,
1134 1234 1258 1311 eaput
1279 1226 1365 1292 Ioui

207 1343 416 1403 sacratum
449 1344 555 1417 erat,
588 1343 672 1402 tum
706 1337 913 1402 exercitus
943 1337 1070 1402 omnis
1098 1335 1365 1422 Aquiloniam

207 1452 271 1512 est
298 1446 492 1511 indictus.
548 1445 619 1510 Iam
642 1452 798 1530 apparet,
828 1445 984 1511 mendum
1007 1443 1103 1525 illud,
1133 1442 1220 1527 quod
1243 1444 1278 1508 in
1301 1465 1365 1511 ss·

206 1559 365 1620 eratum
388 1561 478 1619 erat
501 1555 632 1634 eminet,
660 1555 826 1619 levissima
848 1553 972 1635 Sigonii
994 1551 1251 1638 interpolatione
1273 1551 1364 1635 (sac.

207 1661 328 1746 esset)
355 1663 410 1726 rix
436 1669 597 1746 tanquam
623 1660 789 1746 pellucido
817 1661 888 1726 velo
913 1660 1161 1741 obumbratum,
1195 1662 1365 1746 pertinere

206 1772 307 1836 etiam
337 1771 380 1835 ad
408 1777 507 1851 tum3
541 1791 648 1855 neque
678 1772 763 1835 enim
791 1769 855 1835 hoe
883 1769 958 1835 loco
988 1768 1093 1835 ullum
1121 1768 1286 1835 eiusmodi
1313 1775 1367 1836 est

204 1880 239 1944 in
272 1880 432 1963 temporis
465 1879 635 1944 notatione
670 1879 829 1944 orationis
857 1877 1005 1961 pondus,
1039 1883 1079 1943 ut
1106 1878 1262 1943 ablativis
1291 1877 1366 1961 (di-

204 1986 314 2054 lectu
336 2020 381 2032 —-
402 1986 562 2069 habito)
592 1993 672 2052 tum
702 1985 880 2070 superaddi
908 1987 1066 2070 potuerit.
1122 1986 1194 2053 Hoc
1222 1986 1366 2066 invento,

204 2096 259 2159 vix
281 2095 430 2162 dubitari
451 2101 578 2179 potest,
608 2095 686 2178 quin
710 2102 799 2159 erat
821 2115 959 2179 prorsus
981 2093 1165 2160 tollendum
1188 2095 1241 2173 sit,
1270 2093 1365 2160 addi·

204 2210 275 2269 tum
304 2202 392 2286 (cum
421 2205 511 2285 gravi
540 2203 705 2268 oblivione
735 2201 1005 2284 constructionis)
1035 2201 1078 2267 ad
1101 2203 1287 2268 orationem
1310 2223 1366 2268 ex·

204 2312 373 2396 plendam,
407 2334 509 2396 quum
538 2311 675 2377 verbum
697 2332 718 2375 a
738 2310 831 2377 Livio
860 2310 1006 2395 positum
1035 2311 1082 2376 sic
1112 2317 1201 2377 esset
1224 2310 1366 2378 distrac-

205 2427 293 2500 tum,
327 2427 365 2485 ut
392 2419 469 2485 inde
491 2426 685 2485 nasceretur
707 2425 805 2498 tum,
840 2441 880 2484 ex
909 2426 1114 2484 sacratum
1142 2425 1223 2485 tum
1252 2427 1366 2486 autem

205 2527 394 2593 faciendum
418 2534 667 2606 sacraretur,
695 2526 759 2592 hac
782 2528 955 2593 sententiae
978 2527 1100 2593 forma:
1134 2526 1300 2593 Dilecto
1321 2562 1367 2574 --

205 2634 352 2701 habito
387 2658 491 2701 nova
518 2637 624 2720 lege,
656 2641 713 2715 ut,
749 2636 815 2718 qui
843 2669 888 2680 -
914 2657 992 2701 non
1021 2635 1287 2700 convenisset
1312 2670 1368 2716 -,

206 2750 330 2827 caput
362 2743 449 2809 Iovi
488 2751 745 2822 sacraretur,
785 2745 993 2808 exercitus
1034 2744 1163 2808 omnis
1198 2749 1260 2808 cet.
1322 2742 1368 2809 Et

206 2860 443 2918 sacraretur
466 2853 677 2917 scribendum
700 2874 783 2932 esse,
807 2854 907 2917 etiam
929 2851 1196 2916 Weissenbomio
1219 2853 1253 2916 in
1276 2873 1367 2917 men·

205 2968 272 3025 tem
301 2963 429 3027 venisse
451 2961 557 3027 video.
613 2960 741 3025 Deinde
770 2960 885 3024 eodem
916 2961 1024 3044 capite
1048 2958 1064 3042 ἐ
1089 2964 1125 3039 6,
1159 2958 1217 3025 ubi
1240 2959 1365 3025 editur:

208 3071 275 3153 qui
311 3091 351 3134 se
385 3070 426 3135 id
461 3090 620 3134 sacrum
653 3074 796 3153 petere
831 3066 1085 3133 adfirmabat
1119 3090 1165 3134 ex
1198 3073 1368 3135 vetusta

206 3175 449 3243 Samnitium
471 3177 683 3261 religione,
711 3199 779 3242 nou
803 3176 929 3256 dubito,
959 3177 1038 3259 quin
1061 3182 1223 3260 perpetuo
1247 3176 1367 3244 Latine

204 3285 410 3368 loquentium
432 3307 493 3350 usu
517 3285 557 3350 de
579 3285 768 3350 renovando
792 3286 930 3369 antiquo
953 3286 1107 3349 instituto
1129 3283 1240 3349 Livius
1263 3286 1368 3370 scrip·

206 3394 287 3458 serit
313 3401 512 3479 repetere.
569 3394 710 3476 (Ibidem
744 3393 826 3457 mire
854 3413 901 3457 ex
927 3391 1036 3458 libro
1066 3397 1205 3457 vetere
1232 3391 1367 3458 linteo

205 3500 314 3566 lecto
351 3501 632 3567 sacrificatum
666 3502 802 3582 dicitur,
837 3501 931 3583 quasi
960 3522 1000 3565 ex
1027 3521 1095 3566 non
1122 3500 1210 3566 lecto
1239 3500 1367 3567 sacrifi·

206 3609 274 3674 cari
308 3611 470 3693 potuerit;
511 3609 702 3690 videndum,
742 3630 783 3674 ne
819 3609 931 3674 Livius
972 3609 1142 3693 scripserit
1176 3630 1220 3673 ex
1254 3608 1366 3676 libro

204 3723 340 3782 vetere
370 3717 502 3782 linteo
533 3724 662 3796 teoto,
697 3725 735 3782 ut
769 3717 811 3782 ad
844 3717 1035 3798 religionem
1065 3717 1264 3802 pertinuerit
1293 3737 1367 3803 spe·

204 3826 270 3891 cies
292 3825 370 3890 libri
393 3825 497 3891 linteo
521 3827 611 3891 teeti.
659 3825 766 3908 1861.)

290 3930 371 4017 Cap.
402 3937 459 4014 39,
494 3938 529 3998 6:
560 3933 630 4019 (Sp.
654 3932 796 4000 Carvilio
827 3932 1012 3999 Cominium
1040 3933 1213 4000 obsidente
1242 3931 1279 3997 L.
1303 3931 1366 3998 Pa·

203 4042 309 4124 pirius
342 4042 385 4107 ad
419 4042 631 4125 Aquiloniam
670 4041 844 4127 pervenit.)
899 4040 961 4105 Ibi
1001 4039 1366 4125 aliquamdiunec

205 4155 409 4214 cessatum
427 4150 474 4215 ab
493 4151 615 4215 armis
633 4157 697 4215 est
713 4172 843 4233 neque
861 4149 1023 4214 naviter
1043 4153 1281 4234 pugnatum
1304 4147 1365 4214 la·

205 4257 402 4322 cessendo
432 4258 611 4341 quietos,
645 4257 950 4323 resistentibus
974 4255 1169 4336 cedendo,
1203 4256 1366 4323 commi·
