3000 5116
692 494 754 557 227
1185 509 1248 565 Lib.
1266 509 1301 564 X.

148 700 222 746 sens
257 686 291 745 et
318 679 500 764 perlectum
535 678 707 745 indicativi
734 685 864 762 tempus
893 680 1067 746 scribendo
1097 682 1300 765 distinguere

145 787 305 868 volumus,
329 789 418 872 quod
440 788 523 854 Livii
545 788 690 853 editores
711 786 839 852 faciunt
861 787 917 870 (-
940 810 1047 872 neque
1070 791 1156 854 enim
1177 791 1300 874 ignoro,

147 896 226 979 qnid
247 896 481 962 Lachmannus
504 896 547 961 ad
568 897 698 961 Lucret.
721 919 753 980 p.
778 900 840 961 128
862 897 1040 961 tradiderit
1064 897 1132 980 —),
1156 897 1300 963 scriben-

146 1002 223 1070 dum
246 1012 298 1071 est
326 1005 477 1070 adiicit
505 1003 670 1087 (adicit).
720 1004 831 1070 Etiam
854 1025 884 1069 c.
908 1008 958 1084 37,
988 1010 1028 1069 14
1051 1004 1214 1086 (auctor
1241 1014 1301 1072 est

144 1112 360 1178 -scribit
387 1148 430 1159 —
452 1112 621 1195 adiecit)
657 1112 768 1177 Livius
802 1119 860 1177 aut
894 1112 1043 1178 adiicit
1075 1115 1210 1198 scripsit
1242 1122 1301 1179 aut

144 1220 305 1287 adiecit
325 1240 386 1306 pro
409 1222 563 1305 praesenti
584 1222 706 1305 posuit.
763 1216 814 1302 [In
837 1220 953 1285 eadem
975 1242 1010 1285 re
1034 1230 1180 1286 erratum
1203 1229 1254 1287 est
1276 1223 1300 1302 Ι,

144 1333 200 1411 41,
232 1333 248 1393 1
273 1335 308 1395 et
330 1334 386 1408 48,
416 1333 449 1408 3,
482 1328 540 1393 ubi
563 1328 849 1394 Weissenbornius
879 1330 912 1392 in
940 1330 1041 1394 tertia
1068 1330 1211 1395 editione
1235 1331 1300 1395 de-

144 1438 248 1504 iecit
275 1459 335 1522 pro
362 1438 518 1523 praesenti
546 1437 655 1520 accipi
681 1436 766 1516 vult,
796 1435 876 1502 alibi
905 1435 1050 1501 delicit
1079 1438 1208 1517 scribit,
1237 1438 1301 1502 hoe

144 1545 232 1613 libro
256 1567 284 1611 c.
309 1549 358 1625 37,
384 1550 433 1611 14.
478 1541 956 1628 vid.Adv.crit.11p.352.]
1003 1544 1033 1628 (ᾗ
1057 1549 1076 1609 7
1098 1552 1188 1610 16616
1212 1545 1300 1612 Sies-

143 1653 248 1739 byeus
281 1660 325 1720 tu
352 1659 431 1738 post
458 1658 502 1718 nt
529 1654 563 1717 in
593 1658 846 1736 acceperunt
879 1652 1041 1717 excidisse
1075 1652 1171 1732 vidit,
1210 1654 1300 1737 quod

144 1763 347 1829 contrarium
370 1761 512 1827 refertur
535 1761 578 1825 ad
599 1761 665 1825 illi
688 1761 851 1842 antiqui
873 1762 1052 1845 patricii.
1100 1760 1206 1842 1861.)

230 1867 311 1954 Gap.
349 1872 401 1950 10,
443 1874 462 1933 2
501 1869 573 1951 (ubi
607 1868 647 1932 de
680 1868 830 1951 Nequino
866 1868 1000 1933 obsesso
1035 1868 1158 1951 agitur)
1193 1870 1298 1934 audeo

144 1979 324 2063 suspicari,
360 1977 488 2042 Livium
522 1978 692 2061 scripsisse
720 1983 866 2042 tantum:
899 1977 1137 2060 praesidium
1170 1998 1299 2042 arma-

143 2091 227 2150 tum
255 2106 298 2150 sc
326 2086 438 2151 intra
465 2087 624 2151 moenia
646 2090 893 2168 accepturos
917 2085 1181 2165 confirmant,
1214 2107 1298 2151 non:

143 2193 259 2258 intra
287 2195 445 2259 moenia
473 2201 515 2259 et
541 2214 693 2271 muros,
728 2213 894 2275 quumque
918 2214 1050 2257 muros
1073 2214 1174 2276 supra
1196 2195 1299 2277 scrip·

142 2306 215 2366 tum
237 2306 341 2381 esset,
376 2301 495 2368 deinde
518 2323 558 2367 eo
581 2303 616 2365 in
638 2301 822 2366 orationem
844 2302 970 2366 inserto
994 2301 1143 2366 additum
1166 2323 1239 2366 esse
1262 2309 1300 2366 et

143 2407 435 2491 (quemadmodum
468 2430 495 2474 c.
526 2414 577 2489 6,·
595 2409 638 2490 3).
694 2409 819 2474 Saltem
851 2430 1016 2490 nusquam
1049 2409 1137 2494 apud
1172 2410 1299 2474 Livium

143 2515 266 2582 aliosve
301 2538 408 2601 prosae
443 2518 601 2583 orationis
631 2519 807 2601 scriptores
837 2518 995 2581 moenia
1024 2525 1063 2581 et
1091 2520 1192 2583 muri
1222 2538 1299 2584 con·

142 2625 334 2707 iunguntur,
363 2626 517 2708 quodque
539 2626 634 2690 video
656 2646 715 2689 nos
738 2624 886 2707 ablegari
909 2625 953 2689 ad
974 2625 1071 2690 huius
1093 2625 1171 2690 libri
1194 2647 1221 2690 c.
1249 2631 1297 2706 17,

141 2736 162 2796 7
186 2739 221 2797 et
242 2737 299 2813 45,
332 2736 385 2812 12,
414 2733 439 2797 11
460 2731 525 2797 1661
547 2733 722 2817 perspicue
745 2731 925 2813 declarant
954 2755 1020 2798 non
1043 2735 1196 2815 coniungi
1219 2734 1298 2815 haec,

140 2839 200 2906 sed
233 2841 376 2906 alterum
407 2862 468 2925 pro
501 2840 607 2906 altero
641 2842 815 2906 nominari.
872 2841 1009 2922 Vergilii
1042 2848 1296 2927 ceterorumque

139 2955 317 3033 poetarum
339 2947 408 3013 alia
430 2955 481 3014 est
503 2947 684 3029 licentia.¹)

228 3055 308 3141 Cap.
335 3060 389 3136 13,
419 3063 440 3120 4
468 3056 669 3122 instantibus
693 3057 834 3122 comitiis
859 3057 1087 3122 consularibus
1111 3057 1158 3139 (in
1181 3080 1210 3122 a.
1235 3062 1298 3123 297

138 3187 170 3231 6.
188 3162 280 3248 (ihr.)
296 3164 385 3230 fama
408 3171 526 3230 exorta
549 3171 714 3244 narratur,
738 3164 898 3230 Etruscos
917 3165 1145 3249 Samnitesque
1170 3188 1298 3232 summa

135 3275 172 3343 vi
193 3273 319 3339 bellum
340 3293 476 3358 parare:
497 3273 699 3356 —itaque
723 3275 806 3338 suis
830 3273 1117 3356 sociorumque
1138 3275 1296 3342 viribus

136 3402 386 3465 consurgere
407 3380 548 3448 hostes
571 3380 620 3445 ad
642 3380 800 3462 bellum,
824 3387 863 3446 et
880 3381 1191 3466 haudquaquam
1208 3386 1299 3468 pari

136 3489 442 3573 defungendum
471 3510 561 3554 esse
590 3491 824 3554 certamine.
881 3488 955 3567 Qua
977 3491 1146 3555 sententia
1167 3491 1298 3557 haud·

136 3619 340 3683 quaquam
360 3619 433 3683 par
454 3597 519 3662 hoe
541 3603 706 3662 certamen
726 3597 865 3676 dicatur,
887 3619 1024 3682 prorsus
1041 3620 1107 3663 non
1125 3600 1297 3685 intelleg0;

135 3707 345 3791 comparatio
378 3706 464 3771 enim
498 3725 571 3769 cum
604 3705 772 3789 superiore
806 3705 893 3771 bello
923 3705 975 3787 (ut
1007 3707 1052 3770 sit
1083 3707 1294 3792 haudqua-
1312 3725 1383 3795 (191)

164 3942 189 4011 ¹)
207 3941 320 3999 Eodem
346 3943 440 4013 capite
462 3941 479 4013 ὅ
502 3944 520 3997 6
541 3944 684 3999 renovabo
711 3943 741 3997 in
768 3947 933 3998 transcursu
955 3944 1142 3998 necessariam
1166 3943 1297 4000 Glareani

206 4027 411 4083 coniecturam:
439 4027 497 4083 sed
521 4044 578 4082 661
596 4028 684 4083 talia
702 4028 764 4098 (pro
783 4028 861 4095 alia)
883 4028 1076 4083 molientes.
1112 4028 1169 4084 Sed
1189 4046 1297 4100 vereor,

205 4131 244 4170 nc
265 4113 373 4168 frustra
395 4130 458 4167 eam
480 4113 514 4168 iis
538 4114 746 4181 commendem,
770 4115 819 4182 qui
837 4131 860 4169 c.
882 4118 926 4182 ll,
950 4117 967 4170 3
986 4114 1167 4170 Gronoviana
1184 4115 1226 4169 uti
1243 4133 1294 4171 no·

205 4201 328 4267 luerunt,
351 4216 414 4268 qua,
436 4199 550 4255 sublato
567 4205 604 4253 ut
621 4199 780 4269 pertinit,
802 4201 962 4254 restituitur
979 4201 1227 4255 deterruerunt
1243 4218 1296 4271 pro

205 4283 461 4353 deterruerint‚
487 4285 640 4355 potiusque
668 4286 815 4340 soleant
838 4286 1092 4354 tantummodo,
1115 4287 1298 4356 111116161-

203 4370 298 4426 tentia
313 4373 483 4438 voantur,
501 4369 597 4425 omitti
615 4388 633 4425 a
648 4369 731 4426 Livio
749 4371 879 4441 potuisse
897 4371 1086 4427 crediderunt

1018 4475 1066 4528 15*

1306 4524 1433 4800 Ι
