2994 5108
218 484 281 538 uis.
300 483 396 538 xmu
764 472 824 532 696
899 539 901 545 ,

219 693 261 703 -
284 660 425 741 ingens
448 656 630 722 oblatum
652 656 835 719 tulllnr
859 658 1036 722 avaritia
1059 657 1272 721 dimissum
1299 661 1368 718 est.

219 766 278 831 His
302 766 402 848 igitur
425 766 608 847 occupatis,
638 765 871 847 relinquuntur
898 772 1008 830 temen
1031 766 1065 828 in
1088 764 1152 830 hoc
1176 765 1284 847 capite
1306 763 1372 828 alia

134 879 204 948 (577)
223 873 370 956 quaedam
405 872 608 956 corrigenda.
657 872 802 938 Primum
836 872 905 957 56,
937 872 996 937 ubi
1029 872 1069 938 de
1103 873 1217 937 Persei
1252 878 1369 936 conatu

220 982 333 1046 Gallos
357 982 399 1046 ad
418 981 608 1046 societatem
627 981 793 1046 alliciendi
812 983 931 1063 agitur,
950 982 1071 1046 editur:
1095 983 1186 1065 ipse
1205 977 1371 1061 (Perseus)

123 1129 130 1135 -
220 1112 343 1173 equos
367 1088 641 1173 phalerasque
670 1095 710 1154 et
739 1091 894 1172 sagula,
924 1089 1068 1155 donum
1100 1086 1369 1172 principibus,

219 1199 325 1263 ferre
349 1206 387 1263 et
411 1219 548 1280 parum
571 1198 674 1275 auri,
698 1197 803 1280 quod
832 1200 942 1264 inter
971 1219 1126 1282 paucos
1151 1197 1372 1274 divideret,

220 1315 291 1384 cet,
314 1307 428 1371 vitiose
452 1326 590 1388 parum
612 1326 672 1387 pro
696 1326 749 1382 eo,
773 1306 863 1390 quod
886 1314 936 1372 est
958 1305 1137 1390 paulum,
1170 1305 1291 1388 posito.
1334 1301 1369 1366 ln

220 1416 331 1480 codice
355 1421 407 1480 est
433 1434 594 1496 parvom
622 1415 712 1477 auri
746 1413 833 1497 (ipsa
855 1416 993 1498 antiqua
1015 1415 1191 1497 scriptura,
1217 1433 1317 1496 quam
1338 1417 1372 1475 et

220 1523 299 1588 alibi
321 1522 484 1587 interdum
507 1522 539 1586 in
563 1542 728 1605 aequom,
758 1543 898 1604 equom
928 1522 1001 1588 aliis
1030 1522 1186 1586 librarius
1208 1518 1372 1600 serravit),

219 1631 308 1714 quod
330 1631 477 1712 quamvis
500 1651 560 1713 pro
584 1630 787 1695 substantivo
811 1630 850 1694 de
872 1652 972 1714 parvo
991 1650 1126 1694 numero
1144 1637 1186 1710 et
1201 1630 1299 1712 copia
1319 1648 1369 1692 ror

218 1761 290 1803 rum
314 1741 358 1804 sit
381 1739 589 1819 (inusitatum
612 1737 885 1820 essesignificavi
908 1739 1052 1805 Gramm.
1076 1731 1147 1801 Lat.
1173 1736 1189 1819 ἓ
1211 1741 1273 1800 285
1296 1736 1316 1800 b
1338 1736 1371 1799 in

219 1847 388 1930 margine),
421 1854 531 1912 tamen
565 1847 676 1929 sperni
710 1868 774 1912 non
809 1846 920 1926 debet,
950 1845 1065 1930 [quum
1089 1846 1280 1929 ,praesertim
1302 1845 1371 1927 ipse

219 1956 332 2021 Cicero
356 1954 447 2019 Verr.
471 1954 529 2034 Ill,
554 1959 615 2019 130
645 1975 888 2039 perparvum
918 1976 962 2019 ex
985 1954 1076 2018 illis
1099 1953 1231 2018 lucris
1260 1953 1371 2017 adse

219 2064 431 2146 pervenire
455 2061 598 2144 dixerit]‚
631 2084 696 2127 non
732 2064 834 2146 magis
857 2084 956 2146 quam
984 2064 1125 2128 alterum
1154 2062 1252 2139 illud,
1284 2059 1370 2145 apud

220 2171 409 2237 Ciceronem
431 2175 465 2236 et
487 2172 692 2254 antiquiores
710 2192 774 2236 non
792 2173 898 2236 minus
916 2173 1121 2250 inusitatum,
1138 2169 1229 2252 apud
1248 2170 1372 2234 Livium

219 2287 336 2362 quater
358 2281 498 2358 omnino,
521 2280 584 2343 nisi
606 2255 712 2356 fallor,
735 2281 893 2361 positum.
917 2281 1100 2362 exiguum
1123 2300 1198 2343 cum
1222 2278 1370 2360 genetiuo

219 2388 418 2471 (exiguum
436 2386 516 2450 diei
539 2386 593 2465 IX,
608 2391 658 2466 42,
672 2392 700 2467 6,
725 2389 912 2470 exiguum
934 2389 1061 2471 spatii
1079 2386 1182 2465 XXII,
1209 2392 1368 2465 24,8‚es

220 2497 347 2579 campi
365 2494 559 2572 xxviia,
579 2498 607 2574 e,
622 2517 674 2558 ex.
693 2497 886 2578 temporis
905 2496 972 2576 xi,
992 2496 1100 2576 1111),
1118 2476 1371 2572 -iamuuu,

220 2608 238 2666 7
262 2604 294 2667 si
318 2602 413 2686 quid
437 2603 631 2686 exiguum,
655 2625 721 2669 non
744 2626 803 2687 per
825 2626 859 2668 se
883 2607 1072 2688 exiguum
1095 2603 1227 2680 dicitur,
1253 2603 1369 2668 deinde

219 2720 327 2776 autem
362 2711 449 2794 apud
473 2711 639 2789 Ovidium,
674 2711 828 2776 Senecam
862 2712 917 2792 (de
947 2712 1039 2776 Brev.
1064 2713 1128 2776 Vit.
1157 2712 1197 2792 1),
1233 2712 1370 2776 Plinium

219 2829 409 2903 utrumque,
432 2821 525 2884 alios.
572 2821 656 2884 Nam
684 2841 849 2902 parvum
872 2821 1086 2902 sanguinis
1112 2821 1269 2885 Lucanus
1293 2821 1370 2884 dixit

218 2930 259 3006 ΙΙ,
296 2933 369 3007 128,
405 2950 568 3011 parvum
601 2929 798 3010 temporis
834 2927 956 2992 Seneca
989 2928 1073 2992 Med.
1098 2933 1170 3003 5393,
1207 2951 1369 3012 parrum

221 3039 279 3101 sui
307 3037 394 3102 idem
418 3038 512 3101 Herc.
537 3037 608 3101 Oet.
632 3041 704 3113 elo,
739 3037 956 3119 parvulum
991 3039 1191 3119 temporis
1224 3039 1369 3102 Valerius

220 3146 304 3208 Max.
334 3145 358 3222 Ι,
383 3150 411 3223 7,
436 3150 463 3224 7,
492 3147 671 3226 eodemque
695 3147 849 3227 pertinet,
873 3145 962 3226 quod
993 3167 1052 3227 pro
1077 3167 1130 3218 eo,
1167 3146 1258 3227 quod
1290 3145 1368 3229 apud

220 3251 410 3318 Ciceronem
444 3259 476 3316 et
509 3254 711 3336 antiquiores
744 3253 864 3316 dicitur
897 3252 1021 3334 paulo
1051 3252 1190 3334 plures
1223 3256 1366 3334 (maior,

220 3362 304 3438 oet),
322 3361 433 3424 Livius
452 3363 551 3425 etiam
569 3382 691 3443 parvo
716 3360 854 3442 plures
884 3361 966 3424 dixit
984 3360 1036 3439 (X,
1060 3366 1110 3438 45,
1133 3360 1186 3442 11)
1208 3361 1366 3444 quomodo

220 3467 359 3531 Plinium
393 3469 551 3532 llaiorem
586 3477 619 3533 et
654 3468 795 3533 Gellium
828 3469 955 3533 locutos
990 3469 1095 3532 lexioa
1130 3469 1365 3547 (lemonstrant3

221 3575 358 3655 (Plinius
382 3577 481 3639 etiam
505 3577 649 3657 exiguo
673 3585 766 3658 post
794 3578 918 3658 habet).
964 3576 1033 3641 Nec
1062 3579 1110 3640 ita
1134 3578 1280 3643 difficilis
1303 3584 1363 3640 erat

220 3684 261 3746 ad
285 3683 353 3746 haee
371 3685 532 3747 transitus
551 3684 592 3747 ab
611 3686 659 3761 iis,
684 3706 756 3767 quae
773 3686 860 3767 apud
880 3707 992 3748 omnes
1010 3687 1231 3767 reperiuntur,
1252 3704 1363 3769 parvo

221 3797 455 3870 contentae,
479 3814 651 3856 summas
676 3793 919 3875 voluptates
944 3795 1140 3876 consequi
1167 3816 1306 3878 parvo.
1327 3792 1361 3855 si·

220 3899 359 3963 milibus.
406 3899 595 3980 Sequuntur
619 3899 648 3981 (ξ
668 3901 700 3981 9)
724 3900 792 3964 haro
816 3900 855 3964 de
879 3901 995 3965 iisdem
1014 3900 1136 3965 Gallis:
1161 3903 1253 3967 Haec
1275 3923 1360 3967 man·

221 4006 316 4071 data
338 4007 387 4071 ad
410 4029 477 4071 eos
501 4030 618 4090 quum
641 4009 889 4090 pertulisset
922 4010 1155 4090 Antigonus
1190 4011 1358 4075 adiecis·

221 4123 382 4196 setque.
407 4117 600 4196 perviam
629 4125 779 4197 quanta
808 4118 980 4181 omnium
1008 4128 1245 4199 praeparata
1278 4135 1358 4183 cura

220 4222 327 4302 regis
352 4225 472 4306 copia
496 4224 752 4288 multitudini
776 4225 898 4303 foret,
934 4225 1168 4309 quibusque
1199 4223 1356 4291 muneri·

220 4326 295 4391 bus
332 4332 540 4413 principes
575 4333 842 4397 advenientes
872 4335 1016 4411 vestie,
1053 4337 1222 4417 argenti
1255 4350 1356 4417 equo·
