2994 5108
684 480 745 542 679
1107 492 1169 549 Lib.
1187 494 1285 550 XLIV.

137 664 334 749 Weissenb]
349 666 503 732 Extremo
516 686 645 748 quoque
657 666 766 750 capite
779 663 809 748 (ξ
821 668 859 729 la
871 671 905 730 et
915 664 967 747 13)
975 665 1100 750 aliquid
1109 673 1159 733 est
1165 667 1284 734 mendi.

137 772 195 840 Sic
207 775 292 840 enim
309 794 397 840 nunc
413 774 583 843 scribitur:
602 773 770 856 (Romani)
789 772 969 856 degressi
987 776 1026 839 in
1049 795 1212 859 campus
1230 777 1286 841 in·

136 882 452 949 terHeracleum
470 890 509 948 et
525 881 766 947 Libethrum
781 889 1005 965 posuerunt
1022 889 1161 949 castra
1177 883 1286 967 pedi·

136 997 235 1071 tum,
258 1011 425 1075 quorum
447 1011 541 1075 pars
558 991 684 1056 maior
700 990 880 1056 tumulos
897 990 1079 1072 tenebat;
1101 991 1161 1057 ibi
1177 991 1285 1058 vallo

136 1097 226 1180 (cod.
249 1098 371 1180 valle)
394 1100 522 1183 campi
544 1119 702 1183 quoque
725 1105 891 1182 partem,
914 1098 982 1164 ubi
1004 1120 1125 1182 eques
1147 1100 1286 1165 tende-

137 1213 217 1286 ret,
257 1207 622 1291 amplectebantur.
678 1205 743 1274 Sed
780 1227 885 1291 neque
918 1206 1099 1291 peditum
1132 1215 1287 1292 separata

135 1321 248 1381 castre
279 1336 436 1400 umquam
469 1315 676 1400 ponebantur
698 1313 800 1397 (quod
830 1315 857 1380 si
884 1313 993 1394 fieret,
1029 1315 1155 1400 pedites
1177 1323 1286 1383 castra

136 1424 288 1507 posuisse
317 1423 515 1504 dicerentur,
549 1445 614 1489 non
647 1421 817 1507 peditum),
852 1429 885 1488 et
912 1431 1099 1508 repugnant
1131 1425 1286 1508 proxima,

135 1551 212 1613 quae
234 1531 349 1597 eadem
372 1539 482 1598 eastra
504 1534 612 1616 campi
638 1537 766 1616 partem
793 1530 965 1616 complexa
998 1552 1069 1598 esse
1093 1533 1285 1614 ostendunt3

136 1647 210 1706 tum
227 1641 510 1723 perversissimum
529 1646 581 1706 est
602 1640 669 1719 ibi,
694 1638 791 1723 quod,
815 1637 1069 1723 quorefaratur,
1092 1660 1159 1706 non
1176 1640 1285 1721 habet,

135 1749 202 1814 nisi
224 1747 313 1814 dieas
334 1749 369 1813 in
391 1748 524 1814 tumulis
546 1754 674 1832 partem
691 1749 798 1832 campi
815 1747 900 1814 vallo
918 1747 1187 1833 comprehensam
1204 1769 1284 1815 esse.

136 1853 279 1940 opinor,
302 1857 484 1939 peditum
505 1876 623 1923 nomen
645 1861 780 1940 propter
801 1856 984 1922 subiectam
1005 1856 1286 1941 equitis-mentio·

136 1984 213 2030 nem
235 1963 385 2031 additum
407 1985 477 2030 esse
499 1964 541 2030 ab
564 1963 684 2048 aliquo,
708 1965 761 2029 cui
783 1984 849 2030 non
871 1966 952 2031 satis
974 1971 1069 2045 esset,
1093 1986 1133 2031 ex
1154 1965 1228 2049 ipsa
1248 1986 1286 2031 re

136 2071 297 2153 intellegi,
329 2073 487 2139 maiorem
510 2072 600 2139 illam
622 2079 804 2140 castrorum
825 2079 955 2158 partem
977 2072 1109 2157 pedites
1125 2073 1280 2154 tenuisse,
1298 2075 1372 2144 (562)

135 2201 244 2263 eoque
267 2182 386 2247 omisso
409 2181 616 2246 scribendum
638 2202 725 2247 esse:
760 2171 988 2266 posuerunt
1016 2188 1171 2262 castra,
1195 2202 1285 2266 quo·
1417 2208 1420 2219 ·

136 2309 221 2355 rum
249 2310 342 2374 pars
369 2290 497 2355 maior
526 2287 706 2355 tumulos
734 2289 916 2370 tenebat3
949 2289 1046 2354 allbl
1069 2289 1127 2372 (ab
1150 2288 1215 2356 alio
1238 2289 1286 2355 la·

135 2399 223 2479 tere)
247 2398 353 2463 vallo
377 2397 507 2481 campi
529 2416 686 2480 quoque
709 2403 880 2481 partem,
907 2398 977 2470 ubi
1000 2419 1121 2483 eques
1143 2398 1286 2465 tende·

137 2513 217 2586 ret,
241 2505 604 2590 amplectebantur.
645 2503 789 2589 [Potius:
818 2507 895 2571 ima
917 2506 1018 2572 valli
1040 2507 1171 2591 campi
1193 2526 1285 2592 quo-

136 2636 213 2702 que
236 2621 393 2700 partem
414 2649 456 2661 —
479 2612 851 2698 amplectebantur,
875 2619 949 2681 aut:
983 2615 1059 2681 imo
1088 2614 1198 2681 vallo
1222 2621 1283 2681 cet.

137 2728 230 2790 1864.
274 2723 424 2803 Lacuna,
448 2710 748 2807 quam'Vahlenius
771 2724 904 2802 statuit,
927 2723 1097 2789 nonsatis
1120 2731 1211 2789 certa
1235 2723 1285 2787 in·

135 2833 224 2899 dicia
246 2832 398 2898 videntur
421 2829 517 2912 esse]

223 2939 303 3024 Cap.
327 2944 356 3018 6,
379 2943 408 3004 2.
454 2939 515 3004 Hic
537 2937 643 3018 locus,
677 2958 773 3020 quem
801 2937 958 3023 Gryneeus
987 2936 1082 3004 valde
1111 2937 1286 3004 infeliciter

133 3048 362 3133 interpolavit,
391 3045 560 3112 Belrkerns
590 3054 624 3111 et
650 3045 934 3113 Weissenbornius
967 3045 1082 3126 telem,
1116 3045 1223 3131 qualis
1251 3045 1285 3110 in

134 3157 249 3223 codice
272 3163 425 3240 corrupte
449 3156 593 3238 scriptus
616 3161 676 3231 est,
706 3153 918 3238 reliquerunt,
942 3153 1064 3220 additis
1086 3159 1215 3219 tantum
1237 3153 1285 3219 la·

136 3286 229 3331 cunae
251 3265 347 3344 notis,
371 3263 434 3329 etsi
456 3284 523 3329 non
545 3283 681 3346 prorsus
702 3261 921 3345 redintegrari
942 3267 1070 3347 potest,
1093 3260 1182 3345 quod
1203 3282 1285 3328 non·

135 3374 229 3441 nulla
249 3370 450 3455 exciderunt,
472 3378 584 3436 tamen
606 3370 768 3449 insignem
785 3370 904 3454 recipit
926 3369 1188 3437 emendationem
1210 3389 1285 3435 cum

133 3482 274 3549 alterius
295 3479 360 3546 loci
383 3480 585 3545 correctione
607 3498 675 3545 non
696 3479 803 3543 minus
825 3478 948 3561 insigni
970 3478 1187 3544 coniunctam.
1222 3474 1284 3543 Co·

135 3590 219 3656 dicis
242 3589 329 3654 enim
351 3589 518 3671 scriptura
538 3586 728 3652 huiusmodi
751 3592 815 3652 est:
839 3584 1003 3668 (Perseus,
1026 3587 1143 3652 nuntio
1167 3586 1207 3652 de
1230 3606 1285 3655 ex·

135 3699 243 3766 ereitu
264 3697 412 3761 Romano
435 3716 494 3779 per
515 3700 643 3760 montes
671 3695 704 3759 in
726 3692 953 3760 Macedoniam
974 3693 1130 3760 traducto
1155 3698 1283 3778 pertur-

134 3806 248 3888 batus)
282 3802 449 3870 subinde
483 3824 552 3887 per
574 3803 746 3886 aliaquee
774 3801 863 3885 (edd.
891 3823 961 3887 per
990 3802 1072 3868 alia
1104 3801 1283 3884 aliaque;
1408 3845 1410 3849 .

91 3913 235 3991 ⁵„smila
259 3912 387 3998 potius:
422 3932 492 3995 per
514 3911 598 3976 alia
619 3916 740 3996 atque
764 3909 897 3992 alia)¹)
928 3910 1078 3994 pavida
1107 3908 1285 3976 consilia

135 4080 365 4096 ,,-..-.-.

160 4184 184 4254 ¹)
201 4183 298 4239 Alius
325 4183 495 4254 aliusque,
525 4183 631 4238 aliter
657 4182 830 4251 aliterque
858 4180 934 4251 apud
959 4179 1069 4236 Celsum
1096 4183 1125 4235 et
1146 4177 1281 4234 Senecam

203 4268 267 4340 (ΕΡ.
285 4271 327 4338 88,
346 4272 388 4339 et,
417 4269 446 4339 Q.
465 4267 497 4323 N.
520 4268 555 4336 11,
573 4270 615 4335 32,
637 4271 664 4333 7,
687 4267 726 4323 IV
751 4266 829 4338 praef.
849 4266 893 4333 22)
920 4271 949 4321 et
973 4263 1094 4321 fumasse
1116 4262 1282 4335 spedulias

203 4357 358 4428 reperitur3
386 4357 455 4412 boni
489 4356 641 4424 scriptores
670 4353 758 4409 elius
785 4358 886 4422 atque
912 4351 1019 4418 alius,
1046 4350 1151 4406 aliter
1182 4355 1284 4418 etque
