2994 5108
688 472 748 532 537
1071 482 1132 536 Lib.
1151 482 1291 536 XXXVII.

226 651 305 736 Cap.
331 657 422 733 58,8
455 656 524 733 (ubi
555 663 766 738 comparatur
795 655 955 738 proelium
990 654 1032 719 ad
1060 655 1295 738 Thermopylas

139 781 212 825 cum
236 760 324 825 bello
343 762 377 825 in
394 761 475 826 Asia
492 784 511 826 a
530 763 565 826 L.
586 762 738 845 Scipione
756 762 877 844 gesto):
909 768 1037 843 quota
1055 764 1158 827 enim
1178 768 1294 846 parte

138 868 285 931 virium
309 889 472 933 suarum
495 871 553 934 ibi
578 871 635 951 (ad
657 869 906 953 Thermopylas)
926 870 1135 935 dimicavit
1157 871 1295 935 Antio·

139 975 259 1040 chus?
305 975 348 1039 In
372 977 468 1041 Asia
491 978 721 1060 (probabiliter
743 977 1041 1042 Weissenbornius:
1065 978 1293 1061 Magnesiae)
1338 1059 1343 1069 ι

139 1084 389 1148 totiusilsiae
407 1091 615 1150 steterunt
635 1087 759 1163 vires,
784 1085 1199 1151 abultimisOrientis
1222 1108 1295 1151 om-

140 1192 249 1255 nium
272 1193 693 1274 gentiumoontractis
712 1193 894 1256 auxiliis.
930 1192 984 1257 Sic
1001 1194 1125 1275 primus
1140 1192 1294 1258 Gelenius

143 1298 262 1377 edidit,
296 1321 397 1382 quum
431 1307 507 1363 aute
542 1300 824 1365 circumferretur:
859 1300 908 1363 ab
944 1300 1076 1363 ultimi
1112 1300 1294 1365 Orientis

140 1406 344 1489 partibus,
362 1412 506 1471 testatus
519 1407 731 1491 ”partibus
744 1409 776 1471 in
794 1409 897 1471 veteri
916 1409 1082 1490 scriptura
1100 1429 1165 1472 non
1185 1408 1294 1488 addi“;
1401 1389 1403 1393 ’

141 1520 252 1578 cetera
274 1514 397 1596 ipsisne
421 1514 473 1579 his
497 1515 618 1579 litteris
640 1517 674 1579 in
698 1514 891 1590 diluerint,
915 1536 979 1578 non
1003 1514 1092 1578 dicit.
1137 1515 1185 1578 Ac
1208 1536 1294 1597 par-

141 1619 252 1685 tibus
271 1621 415 1704 quidem,
439 1622 526 1704 quod
545 1644 605 1687 nec
623 1623 649 1686 B
668 1643 728 1686 uec
745 1620 1050 1686 Drakenborchiani
1067 1621 1197 1700 habent,
1220 1620 1287 1686 fru·
1305 1628 1382 1697 (436)

140 1734 209 1793 stra
233 1728 415 1794 Gronovius
439 1729 613 1804 defendere
637 1737 774 1794 conatus
798 1736 858 1794 est.
892 1728 1005 1810 Neque
1027 1736 1137 1792 tamen
1159 1750 1295 1811 prorsus

145 1842 273 1901 certum
297 1844 356 1915 est,
379 1836 515 1907 Livium,
548 1845 586 1902 ut
613 1837 758 1902 ultima
782 1837 1003 1919 Hispaniae,
1034 1835 1219 1914 Euboea,
1248 1837 1295 1899 sic

142 1942 287 2007 ultima
309 1943 493 2009 Orientis
517 1966 576 2027 pro
601 1946 745 2009 ultimo
769 1945 938 2009 Oriente
969 1943 1106 2018 dixisse,
1142 1944 1294 2024 quoniam

142 2047 289 2115 Orientis
317 2072 435 2116 nomen
469 2052 616 2117 nondum
646 2052 709 2116 hac
732 2059 829 2117 atate
853 2058 967 2133 aperte
1001 2057 1098 2114 certa
1131 2057 1294 2114 terrarum

141 2160 246 2241 partis
259 2158 532 2241 significationem
549 2161 660 2238 habet,
681 2181 753 2243 quse
774 2159 874 2223 dividi
894 2159 941 2222 sic
960 2159 1074 2240 possit.
1110 2157 1173 2221 Pro
1197 2157 1294 2221 ulti·

142 2267 214 2330 mis
225 2268 260 2329 in
273 2266 408 2330 dimidia
418 2266 486 2330 fere
499 2267 889 2331 Drakenborchianorum
902 2266 1051 2330 codicum
1066 2272 1161 2346 parte
1174 2265 1293 2344 (Voss,

141 2372 214 2438 Lov,
244 2379 270 2452 1,
293 2379 323 2452 4,
342 2373 448 2438 lllead.
468 2376 622 2456 utroque)
646 2374 780 2439 ultimi
804 2374 970 2451 scribitur,
994 2375 1027 2436 in
1046 2372 1072 2436 B
1095 2380 1221 2436 autem:
1246 2372 1293 2435 ab

140 2481 276 2545 ultimi
310 2480 496 2546 Orientis
530 2482 570 2544 in
606 2483 781 2546 omnium
809 2488 870 2545 cet.
917 2482 954 2545 In
984 2480 1103 2545 ceteris
1138 2479 1232 2544 codd.
1255 2481 1295 2543 in

140 2595 198 2681 aut
210 2588 378 2653 sublatum
391 2609 462 2653 esse
475 2589 603 2653 videtur
616 2597 673 2653 aut
685 2589 727 2653 ab
740 2591 790 2668 iis,
804 2591 859 2672 qui
873 2588 1092 2661 contuleruut,
1110 2610 1175 2652 non
1194 2588 1293 2651 adno-

110 2717 114 2723 ’
138 2701 255 2760 tatum.
289 2696 326 2758 ln
346 2703 486 2759 mentem
506 2695 584 2760 mihi
603 2699 700 2774 venit,
720 2699 751 2760 in
772 2719 810 2761 eo
829 2718 1003 2779 superesse
1021 2697 1192 2775 vestigium
1210 2716 1294 2758 verae

138 2805 310 2886 scripturae
328 2802 524 2879 huiusmodi,
546 2825 618 2885 quae
631 2826 696 2868 una
715 2808 826 2873 littera
848 2805 889 2885 (s)
906 2805 1080 2884 geminata,
1100 2824 1167 2867 una
1179 2803 1294 2867 addita

138 2909 294 2975 efficitur:
317 2911 365 2975 ab
388 2910 523 2974 ultimi
548 2910 731 2974 Orientis
756 2912 845 2975 sinu
870 2933 966 2976 omn.
995 2912 1175 2993 gentium
1199 2931 1293 2974 con-

135 3020 290 3084 tractis
313 3017 494 3083 auxiliis.
542 3018 595 3083 Sic
614 3039 686 3082 eam
704 3026 833 3100 partem
852 3019 961 3082 Livius
980 3017 1179 3100 significaret
1196 3017 1293 3094 Asiae,

135 3125 193 3191 nbi
224 3125 361 3191 ultimus
389 3132 553 3190 terrarum
581 3126 656 3190 finis
691 3126 732 3190 ad
762 3126 927 3190 Oceanum
963 3128 1158 3190 sinuaretur.
1203 3123 1293 3187 Nihil

134 3238 247 3298 temen
270 3232 457 3314 adfirm0.¹)

135 3359 366 3370 ——---—.

203 3415 275 3468 isse
293 3417 410 3485 dicitur,
435 3436 498 3486 quae
518 3419 586 3485 sint,
611 3437 668 3473 non
687 3422 833 3489 intellego,
862 3422 912 3475 sed
929 3422 1014 3486 nihil,
1040 3420 1114 3488 quod
1132 3419 1229 3472 melius
1248 3419 1292 3483 sit,

204 3503 364 3570 excogitare
388 3519 509 3571 possum.
548 3503 694 3572 [Mendum
718 3507 746 3559 in
770 3507 956 3573 substantivo,
983 3523 1041 3559 nou
1065 3507 1094 3558 in
1118 3505 1204 3557 uerbo
1231 3520 1291 3557 esse

196 3592 332 3653 appetem
360 3605 424 3641 nam
447 3606 536 3657 neque
558 3592 666 3645 multa
689 3592 834 3659 congiaria
857 3592 1005 3658 quisquam
1029 3591 1082 3644 hac
1108 3594 1191 3644 aetate
1214 3589 1292 3641 dedit

203 3674 232 3722 et
249 3671 325 3738 quod
343 3672 377 3725 de
395 3690 521 3742 magna
538 3681 638 3744 parte
656 3677 833 3730 hominum
853 3675 977 3741 additur,
1004 3676 1168 3743 singillatim
1186 3674 1290 3728 multos

203 3753 285 3808 donis
304 3757 454 3826 obligatos,
473 3776 530 3813 non
548 3761 659 3829 plebem
679 3762 858 3816 conciliatum
877 3760 1025 3829 significat.
1061 3760 1162 3814 Fuitne
1181 3759 1293 3812 multa

201 3854 215 3890 ο
244 3841 336 3908 tepla
366 3844 463 3908 regie
490 3845 688 3900 habuerat?
720 3847 800 3901 Corte
829 3845 905 3899 dona
929 3864 944 3899 e
969 3845 1067 3914 praeda
1091 3845 1170 3912 regia
1192 3859 1289 3895 manu·

202 3923 313 3992 hiisque
331 3927 518 3994 significatur.
557 3929 643 3998 isra]

158 4009 168 4040 ¹
248 4010 400 4065 linhis:
454 4014 694 4066 eulaneu
1014 4032 1030 4066 o
1102 4011 1293 4066 eciereii

174 4006 184 4075 l
203 4005 379 4163 Griumphi
402 4031 583 4152 subditicium
602 4032 670 4152 essdl
680 4021 948 4167 tddllaa,qudrllliii
970 4032 1210 4152 illamsdirationis
1234 4027 1290 4148 Gr·

197 4195 272 4231 mam
294 4179 401 4234 includi
424 4183 503 4235 nullo
528 4185 614 4237 modo
639 4189 746 4252 potest,
773 4185 844 4238 vidit
862 4184 1026 4238 Gronovius.
1071 4182 1206 4235 Additum
1229 4186 1293 4246 est,-

201 4269 233 4316 nt
256 4264 472 4320 admouerentur
495 4268 636 4336 legentes,
663 4287 880 4337 nequaquem
904 4287 967 4338 pro
993 4268 1108 4338 specie
1128 4283 1200 4319 esse:
1229 4282 1273 4319 ne

199 4363 370 4416 quaquam
388 4355 494 4417 tanta,
514 4359 647 4420 quauta
664 4354 878 4409 conveniret
896 4355 1037 4424 speciei.
