2994 5108
549 503 609 564 627
984 520 1045 575 nio.
1064 517 1149 576 xnu.

35 691 122 752 tans
145 708 164 751 a
186 687 466 768 fundamenta,
490 711 567 772 qua
589 690 743 772 singuli
765 693 999 759 transirent.
1043 694 1151 760 Maee-

35 814 88 858 am
111 796 246 878 paulum
269 799 433 863 exstitisse
451 819 470 862 a
487 798 709 877 fundamento,
733 798 880 883 profecto
898 824 964 868 non
980 823 1063 886 opus
1081 811 1152 868 erat

35 903 86 985 ici,
120 906 176 970 sed
204 906 311 988 qualis
340 907 458 971 semita
490 905 621 986 luisset3
655 928 716 971 nec
739 914 815 991 apte
838 909 924 973 inter
946 912 1096 976 semitae
1119 920 1152 976 et

35 1034 84 1079 ua
116 1015 337 1099 interponitur
371 1018 410 1078 de
443 1015 587 1079 maceria
616 1015 781 1098 paulum
804 1025 969 1083 exstans
992 1039 1012 1082 a
1034 1019 1151 1099 fund,

35 1123 99 1187 rasi
120 1125 264 1188 maceria
287 1123 487 1187 transierint.
522 1122 558 1187 ln
582 1123 693 1188 codice
716 1125 884 1190 scribitur:
909 1129 1150 1193 maceriera-

35 1229 186 1296 tblevia
215 1233 398 1296 semitam
421 1231 585 1313 paulum
614 1240 815 1298 extantem
844 1255 864 1298 a
891 1235 1150 1303 fundamento

35 1357 89 1401 ua.
134 1337 239 1402 Scribi
262 1340 362 1420 igitur
385 1339 498 1403 debet:
522 1341 699 1405 maceria
723 1349 810 1406 erat
838 1343 887 1406 ab
910 1343 1004 1406 laeva
1026 1330 1072 1408 ad
1096 1364 1151 1408 se·

41 1445 139 1509 itam
162 1447 321 1530 paulum
346 1454 581 1512 exstantem.
616 1449 764 1533 Persaepe
788 1451 821 1513 in
844 1451 957 1515 codice
980 1470 1079 1535 apro
1103 1451 1149 1515 ad

35 1554 167 1620 :ribitur
214 1557 282 1637 (Ab
316 1557 415 1620 laera
449 1558 487 1620 in
523 1558 704 1621 semitam
729 1557 884 1622 Latinum
916 1567 1071 1635 nonest,
1101 1560 1148 1623 ab

35 1678 100 1729 'eva
122 1667 304 1731 semitam
326 1663 551 1745 barbaruml

87 1771 166 1858 Cap.
194 1780 240 1850 16,
266 1778 283 1834 9
309 1773 496 1856 (postquam
520 1773 617 1850 dixit,
652 1773 798 1837 Attalum
827 1773 919 1854 signa
943 1774 1070 1839 dedisse
1093 1796 1148 1839 cu-

36 1881 151 1946 ditatis
174 1881 361 1964 regnandil:
397 1881 484 1959 Quae
518 1888 661 1964 postea
689 1903 764 1945 non
793 1881 982 1947 fefellere
1005 1883 1148 1947 Eume·

35 2011 97 2068 am,
132 1997 187 2068 et,
222 2011 460 2073 quamquam
495 1989 759 2053 dissimulare
782 1998 820 2054 et
848 1992 977 2055 tacite
1000 1990 1147 2057 habere

35 2153 38 2161 .
60 2099 228 2181 patique
248 2105 465 2174 statuerat,
484 2099 674 2162 tamenin
695 2099 819 2180 primo
838 2119 1055 2180 congressu
1072 2121 1147 2163 non

35 2208 264 2290 =mperavit.
288 2207 381 2289 quin
406 2213 466 2269 cet.
513 2205 624 2271 Otiose
649 2213 723 2289 post
746 2205 1009 2271 dissimulare
1033 2214 1070 2271 et
1091 2215 1147 2271 ta-

43 2321 83 2378 te
106 2315 227 2379 habere
252 2314 385 2378 additur
409 2315 575 2398 patique
599 2321 632 2379 et
655 2301 770 2378 vitiose
795 2315 893 2378 etiam
912 2314 1048 2394 dicitur3
1071 2335 1146 2379 nam

35 2443 73 2490 ιω
96 2424 162 2486 iam
184 2422 272 2486 lacta
296 2429 386 2500 sunt,
409 2443 473 2485 non
503 2424 656 2504 patimur,
690 2423 747 2486 sed
770 2422 875 2486 inulta
898 2444 970 2488 esse
993 2424 1145 2506 patimur.

35 2552 82 2596 rm
121 2552 220 2614 prave
260 2537 335 2613 post
376 2552 459 2613 quae
499 2531 631 2614 ponitur
664 2530 712 2594 id.
763 2529 848 2594 Illud
881 2552 1010 2613 quoque
1044 2532 1147 2613 quaeri

35 2646 115 2720 test,
138 2639 307 2703 dicaturne
332 2639 446 2703 Latine
480 2640 606 2704 tacite
640 2637 800 2722 aliquid
834 2638 982 2704 habere
1016 2660 1055 2703 ac
1077 2650 1232 2719 uon(5lt)
1273 2698 1275 2702 .

35 2749 182 2822 icitum,
206 2756 241 2810 ut
264 2748 436 2810 tacitum
454 2746 610 2830 aliquid
629 2756 777 2824 tenere,
801 2746 1043 2831 relinquere,
1061 2748 1147 2830 pati

35 2855 68 2935 Ἱ,
93 2862 121 2936 7,
145 2859 177 2938 5)
201 2864 233 2919 et
258 2855 297 2919 de
321 2877 368 2932 eo,
392 2855 480 2936 quod
503 2856 577 2937 quis
596 2855 666 2937 ipse
686 2855 857 2932 commisit,
880 2856 1053 2919 tacitum
1076 2856 1146 2919 ali·

35 2963 96 3028 sid
124 2965 229 3027 ferre
260 2963 297 3043 (Ι,
323 2969 372 3039 50,
395 2968 424 3038 9,
449 2963 505 3042 ΙΙΙ,
528 2967 577 3040 45,
603 2962 644 3044 6).
691 2960 800 3025 Codex
829 2969 956 3025 tautum
980 2964 1067 3046 pati
1089 2962 1146 3026 hu·

35 3078 70 3152 rt,
94 3092 166 3154 que
191 3071 348 3154 Grynaeus
371 3070 514 3147 addidit,
538 3069 690 3134 mendum
715 3069 892 3134 occultans.
933 3069 1147 3135 Scribendum

35 3189 64 3245 t:
89 3180 351 3245 dissimulare
374 3188 412 3243 et
436 3178 558 3240 tacita
581 3178 711 3240 haberi
733 3179 819 3262 pati
843 3178 1092 3258 statuerat.¹)

84 3287 160 3371 Cap.
189 3293 237 3361 17,
275 3288 369 3367 3(de
403 3287 552 3350 Rammio
586 3283 797 3366 Brundisino)
833 3286 930 3350 verba
964 3287 1010 3350 sic
1033 3286 1145 3351 distin·

35 3396 126 3463 tenda
149 3418 234 3462 esse:
260 3394 441 3479 hospitio
466 3416 626 3476 quoque
650 3401 688 3457 et
711 3394 834 3458 duces
852 3394 1048 3459 Romanos
1073 3417 1146 3459 om-

35 3525 64 3571 as
88 3512 127 3570 et
149 3505 327 3588 legatos,
363 3509 593 3568 exterarum
623 3523 784 3584 quoque
813 3504 993 3585 gentium
1020 3503 1145 3584 insig-

35 3635 83 3692 rS,
106 3613 308 3698 praecipue
331 3613 480 3694 regios,
504 3610 746 3694 accipiebat,
772 3616 805 3675 et
828 3633 887 3695 per
910 3633 944 3675 se
967 3619 1000 3676 et
1023 3633 1062 3676 ex
1085 3609 1101 3694 ᾗ
1126 3617 1143 3675 5

37 3743 131 3788 uces
167 3741 303 3786 omnes
336 3720 549 3802 legatique
583 3718 762 3800 Romani)
792 3726 933 3803 apparet
955 3726 988 3783 et
1010 3741 1049 3783 ex
1071 3719 1143 3783 loco

35 3829 166 3896 ‚nticulae
185 3849 351 3912 quoque.
382 3826 500 3910 (Vulgo
524 3848 666 3907 omnes,
684 3833 723 3892 et
740 3827 899 3910 legatos
918 3833 1144 3890 exterarum

35 4115 97 4179 >In
115 4115 130 4186 ἓ
149 4119 165 4171 5
183 4119 286 4171 iniuria
305 4117 531 4171 Weissenbornio
559 4116 712 4185 probabilis
731 4117 790 4169 visa
818 4122 860 4170 est
882 4116 1047 4181 Heusingeri
1075 4132 1140 4167 eon·

63 4203 171 4257 iectura
199 4203 285 4256 scribi
312 4203 447 4256 volentis:
475 4207 512 4253 ut
539 4217 597 4252 non
624 4202 837 4256 inconsulte.
875 4188 1049 4269 Coepta'res
1073 4204 1142 4265 erat,

61 4288 116 4342 etsi
134 4288 303 4354 inconsulte,
327 4295 421 4340 tamen
440 4287 587 4353 audacter3
615 4288 713 4341 relicta
736 4292 778 4340 est
795 4287 844 4353 ita,
862 4292 894 4338 ut
912 4302 1001 4352 neque
1019 4284 1140 4351 pruden-

61 4373 132 4428 tiam
150 4391 240 4442 neque
259 4373 403 4427 audaciam
423 4373 666 4440 constantiamque
685 4373 821 4426 laudares.

859 4476 908 4525 40⁸
