3000 5116
679 499 742 559 407
1081 508 1144 562 Lib.
1161 506 1289 562 xxvm

134 687 181 743 ἐπὶ
208 692 264 743 τῶν
293 688 412 764 κεράτων
440 689 638 763 παρεμβάλλειν
670 682 847 764 (Hispanos
882 681 915 744 in
951 681 1105 745 cornibus
1140 679 1288 762 ponere),

132 788 380 854 Hasdrubalem
402 796 513 853 autem
536 787 567 871 (ἓ
591 789 623 870 2)
646 797 680 851 τὰ
701 798 791 870 θηρία
814 797 1006 869 προτίθεσθαι
1022 824 1065 833 -·
1085 797 1140 849 τῶν
1163 795 1287 869 κεράτων.

133 896 238 960 Paulo
256 901 334 980 post
353 895 384 979 (ᾗ
402 895 434 977 6)
452 902 542 961 recte
559 897 593 960 in
611 897 704 961 codd.
719 896 916 979 quibusdam
927 917 1010 960 rece.
1025 897 1179 961 scribitur
1198 894 1288 977 (oon-

132 1003 291 1086 iectura):
321 1003 393 1069 ubi
415 1003 495 1068 haec
519 1004 729 1069 obstinate
753 1004 867 1068 credi
890 1004 1192 1082 animadvertit,
1222 1024 1287 1067 non

133 1110 307 1191 credita,
345 1113 380 1175 in
419 1134 483 1195 quo
523 1133 626 1195 prava
662 1114 821 1195 temporis
855 1111 1052 1193 significatio
1087 1118 1153 1191 est,
1194 1117 1287 1175 ortus

134 1240 227 1284 error
256 1240 295 1283 ex
317 1220 536 1301 geminatione
559 1220 678 1283 litteras
701 1239 719 1280 a
743 1218 924 1300 (credia).
974 1219 1144 1284 Postremo
1167 1220 1201 1282 in
1223 1217 1287 1282 fine

134 1328 252 1411 capitis
277 1325 308 1409 (ᾗ
333 1326 396 1408 20),
426 1328 483 1392 ubi
506 1328 677 1392 scribitur:
710 1349 830 1409 eques
859 1327 1040 1410 levisque
1071 1334 1286 1406 armatura,

133 1434 297 1512 velites,
331 1435 626 1499 circumductis
661 1435 739 1499 alis
769 1437 808 1498 in
836 1435 974 1499 latera
1002 1433 1286 1512 incurrebant,

133 1563 268 1625 prorsus
291 1562 312 1605 a
333 1541 416 1605 Livii
440 1541 676 1607 consuetudine
700 1541 857 1606 abhorret
879 1543 945 1619 illa,
975 1542 1128 1624 apposito
1152 1542 1287 1605 velitum

132 1649 304 1727 vocabulo,
330 1649 520 1728 declaratio,
544 1671 616 1732 quae
638 1649 739 1713 fuerit
760 1648 840 1713 levis
863 1657 1047 1727 armatura3
1071 1655 1105 1712 et
1126 1656 1287 1732 praeterea

132 1777 154 1821 a
175 1756 239 1821 levi
263 1764 433 1821 armatura
454 1757 569 1821 velites
593 1759 811 1839 seiunguntur
834 1758 981 1840 proximo
1006 1757 1114 1839 capite
1134 1754 1232 1838 (15)‘§
1251 1761 1284 1820 5:

133 1885 267 1948 pugna
313 1865 498 1948 equitum
537 1865 790 1946 velitumque
831 1871 869 1927 et
908 1863 1008 1926 levis
1049 1871 1284 1943 armaturae,

132 1979 234 2053 atque
258 1973 358 2035 etiam
381 1993 407 2036 c.
434 1977 487 2050 16,
518 1979 552 2051 5,
582 1973 640 2037 ubi
668 1973 817 2037 velites
841 1971 1080 2053 auxiliaque
1103 1972 1284 2053 peditum

132 2079 383 2162 coniunguntur,
407 2081 530 2144 auxilia
552 2080 609 2144 illa
631 2081 711 2144 levis
734 2088 903 2144 armatura
927 2086 992 2159 est3
1015 2080 1177 2143 sociorum
1199 2080 1285 2143 enim

133 2208 174 2252 ea
191 2186 260 2251 fere
278 2188 495 2270 intellegam-3
513 2189 628 2253 velites
640 2189 780 2253 Romani
796 2187 962 2251 interdum
980 2187 1036 2251 illo
1055 2188 1185 2251 nomine
1198 2208 1285 2251 com·

131 2293 381 2378 prehenduntur
399 2295 448 2375 (ut
464 2297 537 2379 ipso
557 2298 665 2379 capite
680 2301 729 2375 16,
742 2297 786 2377 4),
805 2296 885 2360 alibi
902 2318 960 2359 suo
980 2296 1120 2373 nomine,
1138 2316 1285 2358 seorsum

132 2402 176 2467 ab
193 2403 260 2480 illa,
281 2403 462 2484 signantur.
498 2403 615 2486 Itaque
635 2404 844 2468 scribendum
862 2412 926 2468 est:
953 2424 1078 2485 eques
1096 2402 1284 2483 levisque

131 2517 345 2575 armatura
363 2529 404 2571 ac
423 2510 582 2575 velites.
618 2510 715 2592 [Edd.
734 2518 827 2575 rett.:
849 2519 887 2576 et
905 2508 1076 2591 volites]
1106 2509 1170 2574 Sed
1188 2510 1284 2573 simul

130 2639 173 2683 cx
189 2617 246 2681 illo
258 2618 376 2700 capitis
391 2622 429 2681 16
441 2618 513 2682 loco
525 2618 594 2682 leve
606 2621 701 2683 unius
712 2620 831 2683 litterae
843 2619 996 2683 mendum
1007 2618 1171 2681 tollamus.
1195 2615 1279 2680 Nam
1297 2628 1369 2695 (333)

130 2724 179 2791 ibi
191 2723 300 2807 (§4et
313 2725 345 2805 5)
359 2727 405 2789 sic
423 2726 628 2790 scribendum
647 2734 713 2791 est:
732 2728 861 2809 Eques
878 2725 1060 2807 levisque
1079 2732 1284 2789 armatura

128 2852 235 2896 nnnc
257 2831 304 2895 ab
327 2839 452 2914 tergo,
483 2854 585 2896 nunc
607 2832 655 2895 ab
678 2832 886 2897 lateribus
911 2833 1164 2897 occurrendo
1187 2832 1283 2896 fati·

129 2938 257 3023 gabat
296 2940 631 3023 morabaturque,
678 2947 713 3002 et
754 2962 872 3022 quum
918 2940 967 3003 ad
1008 2938 1177 3003 crebros
1217 2947 1282 3004 tu·

128 3046 284 3112 multus
313 3048 430 3128 signa
459 3048 745 3112 subsisterent
776 3085 831 3125 —,
868 3054 1195 3128 supervenerunt
1223 3047 1282 3110 le·

129 3156 292 3238 giones3
314 3153 411 3236 vulgo
435 3155 503 3218 sed
528 3155 693 3233 scribitur,
718 3177 789 3236 quae
808 3156 973 3238 particula
991 3155 1033 3218 ab
1052 3154 1115 3218 hac
1135 3154 1282 3219 eiusdem

126 3264 179 3328 rei
202 3264 451 3328 continuatione
474 3270 507 3326 et
531 3262 666 3326 effectus
690 3262 930 3344 significatione
954 3263 1062 3326 aliena
1085 3262 1178 3342 est.¹)

218 3368 296 3453 Cap.
322 3373 371 3448 18,
404 3375 456 3433 10:
484 3371 702 3434 traiecisse
726 3392 816 3435 sese
839 3372 877 3434 in
901 3370 1097 3434 hostilem
1119 3378 1281 3448 terram,

126 3479 287 3560 regiam
314 3478 353 3540 in
376 3476 498 3542 fidem
521 3479 789 3560 inexpertam.
836 3479 1054 3543 Vehementer
1078 3477 1213 3542 offendit
1235 3478 1282 3542 al·

126 3593 239 3651 terum
261 3585 458 3649 adiectiruni
481 3594 558 3649 ante
581 3587 862 3668 propositionem,
890 3588 923 3649 in
952 3586 1122 3669 anaphora
1145 3608 1281 3668 praeser·

124 3695 206 3771 tim,
237 3694 390 3777 positum.
446 3692 585 3758 Videtur
613 3692 728 3757 fnisse:
757 3695 796 3757 in
825 3693 1019 3758 hostilem
1048 3701 1212 3773 terram,
1241 3695 1282 3757 in

124 3802 285 3884 regiam
308 3799 511 3883 (Syphacis),
539 3802 579 3864 in
601 3800 725 3865 fidem
748 3803 1013 3884 inexpertam,
1038 3802 1132 3864 etin
1155 3807 1230 3883 post
1253 3821 1281 3861 ιιι

122 3908 347 3976 intercidisse.
1192 3898 1196 3903 ’

125 4045 353 4058 ..αι-..-

155 4110 180 4178 1)
201 4108 267 4177 Gap.
288 4112 333 4176 13,
356 4112 373 4162 8
390 4109 578 4178 supplendum
595 4111 690 4178 potius
708 4112 890 4164 instarent
907 4110 1019 4176 (fessis
1039 4107 1279 4176 Carthaginiensi·
