2994 5108
223 467 286 520 Lib.
304 466 404 520 XXXI.
769 457 832 516 464

224 637 382 715 veniet,
421 658 535 720 prave,
575 638 689 702 addita
722 638 886 702 sententia
919 638 1070 702 relatiua:
1113 639 1258 720 quinto
1285 635 1380 702 inde

224 744 302 822 die,
336 764 452 827 quum
480 744 527 808 ab
553 743 747 810 Corintho
776 752 837 809 cet.
888 744 942 809 Sic
971 745 1056 809 enim
1085 744 1135 809 bis
1163 744 1251 810 idem
1279 745 1380 828 signi-

223 851 356 929 ficetur,
384 873 536 934 perverso
561 852 691 931 ordine,
720 852 861 935 primum
885 851 1151 932 demonstrando,
1180 851 1300 917 deinde
1322 873 1381 916 no·

224 956 427 1039 minando.¹)

311 1064 390 1148 Cap.
416 1071 450 1142 9,
480 1071 514 1129 7:
548 1065 696 1133 Moram
732 1074 826 1132 roto
862 1064 1027 1149 publico
1056 1065 1245 1132 Licinius
1280 1087 1381 1150 pon·

224 1174 328 1238 tifex
351 1175 549 1237 maximus
574 1174 738 1252 adtulit,
769 1175 835 1257 qui
857 1174 1031 1255 negauit,
1055 1195 1100 1237 ex
1122 1174 1288 1239 incerta
1310 1194 1381 1258 pe·

224 1282 344 1345 cunia
372 1301 513 1343 vovere
538 1280 701 1360 debere,
736 1282 830 1362 quia
859 1302 904 1345 eu
932 1281 1109 1363 pecunia
1135 1301 1212 1345 non
1240 1287 1382 1363 posset

223 1389 265 1453 in
294 1387 445 1451 bellum
473 1388 565 1451 usui
594 1409 681 1452 esse
705 1389 932 1471 seponique
956 1389 1096 1453 statim
1119 1386 1291 1453 deberet
1318 1395 1381 1452 cet.

224 1496 326 1559 Recte
357 1493 526 1559 Creverius
560 1495 593 1559 in
628 1495 690 1560 hac
719 1497 883 1579 scripturn
911 1494 1105 1560 infinitivum
1133 1495 1301 1579 passivum
1330 1515 1382 1559 re·

224 1603 378 1685 quirebet
414 1603 563 1681 (voveri
598 1601 745 1667 debere
778 1600 890 1683 ludos;
924 1623 1029 1685 neque
1063 1603 1150 1667 enirn
1183 1601 1275 1667 aliud
1303 1601 1382 1667 sub·

225 1712 347 1775 iectum
370 1708 445 1791 est).
499 1708 562 1774 Sed
591 1717 751 1793 praeterea
779 1732 843 1775 non
866 1715 996 1774 tanturn
1020 1708 1168 1774 debere
1193 1730 1233 1775 ex
1254 1710 1383 1775 incerte

224 1818 366 1900 pecunia
393 1817 489 1882 ludos
518 1819 628 1881 voveri
656 1818 799 1882 Licinius
828 1816 988 1900 negabat,
1021 1817 1080 1881 sed
1116 1837 1214 1900 posse
1247 1817 1382 1882 omnino

225 1926 316 1990 selva
338 1924 494 2006 religione
519 1925 564 1988 sic
588 1927 712 2006 voveri3
735 1947 795 1990 nec
820 1945 929 2004 causa,
952 1946 1024 2009 quae
1048 1924 1184 1989 additur
1203 1923 1315 2008 (quie
1338 1945 1383 1989 ea

225 2033 398 2116 pecunie
421 2054 498 2096 non
521 2031 689 2115 posset),
716 2040 792 2116 apte
811 2031 963 2097 convenit
979 2033 1140 2114 negetivae
1157 2032 1331 2096 sententiae
1350 2038 1384 2096 et

225 2141 359 2204 incertae
377 2141 533 2221 pecuniae.
568 2139 700 2217 Vereor,
718 2162 758 2204 ne
777 2140 902 2221 aliquid
919 2138 1078 2203 exciderit
1094 2155 1240 2222 veraque
1258 2139 1382 2203 oratio·

224 2249 276 2310 nis
287 2245 393 2310 formu
404 2246 472 2309 huc
484 2246 599 2310 fuerit:
622 2248 788 2329 negavit
805 2268 849 2311 ex
866 2248 1024 2310 incerto
1041 2245 1220 2328 pecunia
1238 2265 1383 2310 vovere

226 2354 367 2431 licere3
398 2372 436 2415 er
461 2359 567 2415 certe
590 2354 717 2416 voveri
741 2354 901 2431 debere,
932 2353 1027 2436 quia
1049 2373 1094 2416 ea
1118 2353 1295 2435 pecunia
1319 2358 1382 2417 cet.

225 2458 364 2541 [Eodem
388 2459 493 2542 cap.§
520 2464 557 2523 10
581 2481 598 2523 e
622 2460 736 2525 Bemb.
755 2461 854 2525 scribi
878 2459 989 2524 debet:
1017 2460 1149 2523 octies
1172 2465 1270 2523 ente
1292 2459 1381 2524 ludi

224 2568 356 2648 magni
376 2574 448 2644 cet,
468 2567 522 2630 ubi
537 2568 658 2631 editur:
677 2561 803 2632 toties
821 2573 923 2631 ente.
949 2565 1179 2649 Epiphonema
1189 2565 1273 2631 illud
1284 2569 1383 2631 inane

225 2680 285 2738 est.
309 2695 367 2736 nec
390 2681 514 2737 rectum
533 2677 655 2739 toties
673 2697 731 2758 pro
751 2696 863 2757 sepo,
887 2672 974 2754 quod
992 2680 1119 2737 rectum
1138 2680 1225 2737 esset
1241 2674 1276 2738 in
1294 2694 1384 2739 com·

224 2783 409 2863 paratione,
445 2803 502 2843 eur
536 2804 599 2845 non
635 2805 720 2846 nunc
756 2804 884 2862 quoque
914 2780 1029 2844 eodem
1057 2779 1154 2844 niodo
1184 2789 1385 2845 voverentur

224 2888 308 2966 ludi;
344 2889 399 2951 cfr.
426 2888 490 2951 Cio.
517 2889 555 2951 de
579 2889 598 2950 l.
625 2911 691 2970 ogr.
716 2888 756 2965 II,
781 2894 808 2965 7,
837 2892 884 2950 17,
943 2885 1066 2950 Contra
1089 2887 1173 2951 Livii
1196 2889 1280 2952 mori
1306 2911 1385 2954 con·

224 2999 310 3060 vonit
344 2995 530 3058 luriusrnodi
565 2995 735 3059 adnotatio
772 3016 811 3058 ex
846 2994 987 3058 alicuius
1022 2993 1196 3058 annalibus
1226 2998 1384 3079 repetita.

225 3103 288 3167 Cir.
314 3104 367 3168 ll'.
393 3107 442 3165 32.
468 3108 501 3163 Q:
526 3104 669 3166 sexies.
718 3101 823 3184 Isos]

312 3211 391 3293 Cep.
430 3215 481 3284 ll,
519 3213 572 3270 12:
613 3211 803 3292 iussique
844 3208 960 3289 (legati
1000 3209 1139 3271 Romani
1179 3208 1383 3290 Masinissae)

223 3318 430 3400 polliceri,
466 3317 499 3378 si
531 3316 625 3395 quid
655 3318 690 3380 ei
718 3317 766 3379 ad
795 3315 1036 3379 firmandum
1066 3316 1385 3400 augendumque

138 3442 209 3512 (369)
229 3445 390 3503 rognum
415 3445 514 3505 opus
539 3445 626 3487 osse
650 3423 891 3495 indicasset,
921 3423 1035 3485 enixe
1060 3421 1101 3485 id
1124 3423 1321 3505 populum
1343 3426 1382 3490 R.

225 3531 367 3592 merito
397 3530 483 3593 eius
507 3536 807 3612 preest-uturum.
855 3530 956 3592 Recte
980 3529 1211 3594 iudicasset
1235 3553 1297 3613 pro
1321 3534 1384 3597 iu·

226 3638 406 3699 dicasset
435 3636 712 3700 eBrestituturn
741 3643 791 3700 est
823 3635 899 3716 (etsi
929 3638 962 3699 in
991 3637 1051 3700 tali
1080 3658 1116 3700 re
1146 3640 1268 3720 exigua
1292 3640 1385 3705 codi-

226 3763 299 3805 cum
324 3744 504 3806 auctoritas
529 3742 609 3821 est),
644 3744 676 3806 in
707 3764 744 3807 eo
774 3745 860 3806 eninr
890 3766 954 3807 uno
983 3742 1130 3808 liberulis
1159 3752 1192 3809 et
1215 3767 1383 3831 propensu

224 3851 373 3913 voluntas
414 3857 498 3915 erut
543 3851 568 3911 si
603 3850 785 3912 trasinissae
827 3850 998 3913 desideriis
1039 3851 1276 3920 satisfacturus
1310 3863 1383 3921 erat

224 3957 365 4038 populus
396 3958 575 4021 Rornsnus.
610 3977 674 4019 non
712 3957 817 4020 solum
854 3976 911 4019 suo
942 3958 1073 4021 iudicio
1133 3958 1190 4040 (Et
1218 3967 1383 4043 proeterea

224 4062 371 4144 alioquin
402 4062 610 4126 scribendum
640 4069 726 4126 eret:
762 4064 793 4125 si
824 4064 920 4145 quid
944 4066 1183 4148 —populus
1207 4067 1245 4130 R.
1271 4068 1382 4134 iudi·

227 4217 360 4226 ..η-ω...-
383 4221 452 4227 .—

252 4290 275 4351 ¹)
294 4288 335 4341 Do
355 4307 376 4342 c.
396 4294 420 4353 8,
439 4294 455 4343 o
474 4293 565 4345 dicum
584 4293 619 4345 ed
638 4292 765 4358 mm
787 4296 825 4356 14,
844 4296 868 4345 4.
