2994 5108
225 478 288 534 nib.
307 477 390 533 XLV.
771 467 831 528 736

226 651 400 716 medium
422 671 556 731 unum,
584 652 750 733 utrique
779 651 917 734 generi
946 652 1175 731 adversum,
1208 650 1376 717 liberta-

226 765 304 824 tem
327 766 365 823 et
388 758 500 842 leges
524 759 729 825 tuebatur.
775 757 854 824 Cod.
876 758 1007 825 media
1030 781 1108 825 una
1129 795 1172 804 —
1194 760 1375 839 adversa,

178 865 181 869 ’
226 888 300 951 quae
322 866 485 933 femininae
507 868 750 933 terminationis
773 869 958 934 constantia
987 867 1076 933 aliud
1100 867 1236 933 subesse
1263 885 1376 950 argius„

226 981 326 1058 quum
344 976 653 1060 praesertimparum
669 984 759 1041 recte
776 997 894 1040 unum
911 996 1036 1059 genus
1055 977 1221 1059 utrique
1239 978 1374 1061 generi

225 1083 318 1164 (nonz
342 1084 438 1149 huic
460 1083 637 1166 utrique)
661 1084 870 1150 adversum
888 1083 1027 1149 dicatur.
1062 1084 1201 1149 Videtur
1220 1085 1374 1149 excidisse

226 1202 341 1258 secta
365 1190 437 1274 [aut
458 1190 575 1275 pars].
621 1192 697 1257 Mox
720 1190 737 1275 ἓ
761 1197 779 1256 5
803 1191 1019 1274 (Secundis
1041 1192 1162 1257 rebus
1185 1192 1287 1258 elati
1308 1193 1375 1258 llo·

224 1321 428 1366 manorum
461 1302 595 1385 partis
629 1302 717 1366 eius
750 1299 950 1382 fautores)
984 1301 1182 1386 pravissime¹
1208 1302 1256 1365 sic
1277 1300 1376 1366 verba

125 1487 127 1490 y
224 1408 430 1474 collocantur
454 1408 735 1489 (Romanorum
763 1409 963 1493 transposito
992 1416 1069 1493 post
1091 1409 1303 1493 participium
1325 1430 1376 1474 co·

224 1516 372 1600 pulatum
390 1537 464 1581 cum
480 1519 610 1582 nomine
632 1515 842 1598 fautores),
865 1518 959 1600 quasi
976 1516 1163 1582 fautores
1185 1516 1376 1582 Romano-

223 1646 309 1689 rum
342 1626 427 1690 eius
461 1626 594 1709 partis
628 1624 862 1707 significentur.
918 1623 1173 1690 Restituendum
1207 1625 1277 1690 sine
1310 1624 1376 1690 ulla

223 1732 445 1798 dubitatione:
471 1733 672 1799 Secundis
695 1732 815 1798 rebus
833 1734 1101 1798 Romanorum
1118 1732 1221 1798 elati
1244 1735 1376 1816 partis

223 1842 310 1907 eius
334 1841 520 1923 (Romanae)
537 1840 730 1906 fautores.
776 1839 869 1922 (Ood.
889 1841 1015 1906 elatis
1039 1842 1376 1906 Romanorumim·

222 1949 380 2033 partis.)
423 1949 576 2032 Sequitur
608 1946 639 2032 (ᾖ
664 1948 697 2030 7)
722 1949 761 2014 de
784 1949 835 2014 his
857 1951 939 2033 ipsis
963 1950 1117 2015 Romanas
1141 1951 1248 2033 partis
1271 1950 1377 2016 fauto-

222 2057 328 2123 ribus:
352 2058 401 2123 Hi
422 2094 466 2104 —
488 2058 708 2142 implevere
732 2079 852 2123 aures
875 2057 906 2121 X
927 2058 1175 2141 legatorum:
1199 2056 1286 2123 Nou
1310 2079 1376 2124 eos

221 2174 392 2244 tantum,
416 2167 547 2248 quise
570 2166 782 2250 propalam
806 2187 876 2249 per
898 2166 1126 2231 vanitatem
1148 2166 1377 2232 iactassent

222 2281 423 2355 tamquam
462 2274 650 2358 hospites
690 2281 729 2339 et
768 2275 917 2339 amicos
955 2273 1112 2353 Persei,
1147 2274 1216 2338 sed
1249 2274 1376 2340 multo

221 2380 363 2467 plures
386 2381 493 2448 alios
518 2403 563 2447 ex
586 2382 750 2448 occulto
773 2382 943 2463 favisse;
977 2382 1161 2465 reliquos
1189 2403 1260 2465 per
1295 2405 1378 2468 spe·

222 2491 322 2555 ciem
345 2490 506 2556 tuendae
539 2490 755 2556 libertatis
788 2492 826 2555 in
856 2490 1048 2556 conciliis
1077 2490 1279 2556 adversus
1308 2492 1377 2556 Ro·

133 2600 365 2669 (618)manos
400 2599 534 2664 omnia
566 2600 825 2664 instruxisse.
871 2597 942 2664 Hoc
971 2598 1104 2682 quidem
1130 2620 1197 2664 non
1225 2599 1377 2684 reliqui

220 2707 330 2770 nescio
355 2707 410 2787 qui
434 2707 569 2790 (praeter
590 2706 716 2772 multo
739 2707 879 2790 plnres
903 2705 1026 2788 alios)
1050 2707 1217 2785 fecerunt,
1249 2707 1308 2773 sed
1332 2706 1377 2770 illi

220 2816 298 2897 ipsi,
328 2816 383 2898 qui
412 2814 538 2879 occulte
568 2814 723 2879 favebant
745 2815 873 2879 Perseo.
918 2814 1102 2879 Durissime
1131 2815 1226 2879 deest
1250 2815 1376 2879 dativus

220 2922 309 3004 apud
332 2922 466 2987 verbum
500 2923 663 2988 favisse.
710 2922 787 2988 Cod.
812 2923 966 3005 reliqui
995 2957 1037 2966 -
1066 2924 1375 2987 instruxissent.

151 3049 153 3052 ·
220 3029 294 3095 Non
318 3040 475 3112 quattuor
497 3033 530 3094 iu
554 3031 682 3096 duabus
700 3031 833 3096 vocibus
851 3031 979 3110 litterae,
1003 3031 1090 3112 quod
1111 3030 1272 3115 Grynaeus
1292 3031 1375 3109 fecit,

220 3139 278 3202 sed
309 3161 375 3202 una
405 3138 564 3202 mutanda
587 3147 672 3202 erat:
704 3138 808 3203 alios
839 3161 885 3204 ex
914 3139 1078 3203 occulto
1107 3139 1262 3204 favisse
1286 3139 1375 3219 regl,

219 3247 281 3322 qul
301 3269 369 3328 per
388 3247 562 3330 speciem
585 3246 744 3311 tuendae
768 3247 979 3311 libertatis
1001 3282 1044 3290 —
1068 3248 1199 3310 omnia
1228 3249 1374 3311 instru-

219 3355 387 3418 xissent.
413 3355 506 3432 Quod
519 3355 665 3435 proxime
685 3352 715 3435 (ξ
728 3354 760 3435 8)
780 3354 950 3420 scribitur:
969 3356 1049 3420 nisi
1066 3355 1215 3419 fractis
1234 3356 1375 3420 animis

218 3464 409 3544 partium,
440 3464 473 3525 iu
503 3464 615 3527 codice
644 3484 703 3546 pro
727 3464 903 3544 partium
932 3471 981 3527 est
1010 3463 1182 3545 aptium.
1213 3484 1274 3527 nec
1305 3485 1375 3547 par·

218 3568 301 3631 tium
335 3571 461 3634 animos
496 3570 602 3653 frangi
626 3570 688 3649 illi,
718 3592 856 3651 quorum
887 3574 994 3635 oratio
1023 3571 1180 3650 refertur,
1216 3572 1375 3647 volebant,

218 3675 277 3740 sed
300 3678 471 3742 contraries
495 3686 552 3743 ant
577 3677 683 3742 dubiae
706 3679 820 3761 partis.
856 3678 893 3742 lu
917 3679 1075 3762 aptium
1100 3680 1252 3762 suspicor
1274 3680 1374 3743 latere

218 3782 426 3863 vocabulum,
463 3806 528 3867 quo
563 3787 723 3869 ancipites
760 3786 800 3867 (οἱ
833 3786 1103 3867 commodaita)
1139 3787 1373 3868 significentur.

218 3893 376 3955 contrarii
398 3893 453 3970 iis,
479 3895 546 3975 qui
570 3894 674 3958 nihil
697 3902 847 3977 praeter
870 3895 1082 3978 imperium
1105 3895 1374 3959 Romanorum

219 4007 465 4080 spectarent.
491 3999 774 4085 [Ancipitumll

305 4105 382 4189 Cap.
410 4111 458 4186 32,
485 4114 502 4172 8
534 4109 588 4190 (de
611 4109 645 4172 L.
670 4109 829 4191 AEmib'o)
866 4110 923 4173 Ab
958 4111 1080 4174 seriis
1114 4109 1236 4174 rebus
1271 4110 1372 4175 ludi·

217 4231 340 4292 crum,
376 4215 478 4298 quod
513 4237 557 4280 ex
590 4217 716 4282 multo
746 4227 838 4282 ante
868 4227 1102 4301 praeparato
1138 4226 1177 4282 et
1205 4219 1245 4283 in
1275 4219 1372 4281 Asiae

219 4320 413 4386 civitates
437 4324 547 4388 etad
575 4346 691 4408 reges
721 4327 873 4405 missis,
904 4326 971 4410 qui
1000 4324 1313 4405 denuntiarent,
1337 4332 1373 4389 et
