2994 5108
220 476 283 532 Lib.
301 475 335 531 V.
767 462 831 537 Ι138

220 649 400 714 stantivum
423 647 701 732 populatores,
723 646 880 712 adiuncto
902 645 1083 731 prasertim
1105 645 1271 728 genetivo:
1306 645 1379 713 Ca-

221 756 388 842 penatis
413 778 433 822 a
440 757 510 838 gri,
535 779 602 841 quo
621 756 777 822 definitur
794 776 905 838 genus,
929 755 1012 820 alios
1036 755 1184 821 homines
1201 754 1302 821 obiici
1319 756 1376 821 de·

221 865 337 944 clarat,
353 886 419 930 non
438 863 570 929 eosdem
587 864 629 929 ad
647 863 875 950 populandum
893 883 1081 943 conversos3
1099 863 1202 947 etqui
1213 869 1378 948 poterant,

222 975 279 1058 qui
302 993 388 1056 aegre
411 979 522 1038 castra
544 978 578 1038 et
599 974 641 1039 ab
664 974 746 1039 urbe
769 978 803 1038 et
825 972 1029 1038 extrinsecus
1052 977 1243 1056 oppugnata
1266 970 1379 1038 defen·

223 1081 350 1162 darant,
381 1081 485 1147 libere
519 1080 642 1147 effundi
675 1082 718 1146 ad
747 1079 950 1164 Capenatem
983 1099 1098 1162 agrum
1126 1078 1378 1164 populandum?

222 1191 306 1255 Tum
327 1212 421 1270 vero,
456 1192 512 1274 qui
541 1211 581 1255 ex
609 1192 682 1274 ipsa
710 1211 822 1273 pugna
844 1189 955 1253 victos
971 1188 1135 1272 persecuti
1159 1195 1253 1254 erant
1275 1190 1378 1272 tergis

222 1299 433 1377 inhaerentes,
467 1297 614 1382 profecto
641 1320 707 1363 non
735 1297 821 1364 forte
850 1295 962 1362 offerri
989 1296 1190 1380 fugientibus
1212 1303 1381 1381 poterant,

222 1429 263 1472 ne
298 1405 410 1472 offerri
443 1406 592 1490 quidem,
632 1407 695 1471 nisi
728 1405 905 1472 admodum
937 1405 1025 1470 lente
1058 1411 1092 1470 et
1125 1404 1241 1471 sedato
1274 1407 1381 1489 gradu

222 1517 324 1581 victos
346 1515 469 1598 fugisse
492 1521 663 1598 putamus,
693 1522 732 1580 ut
759 1516 900 1580 victores
923 1514 1023 1578 etiam
1045 1513 1131 1578 inter
1153 1512 1382 1598 populandum

222 1645 280 1688 eos
308 1623 522 1707 praetergredi
544 1630 693 1707 possent,
721 1644 798 1687 nam
826 1622 956 1688 oblati
985 1620 1150 1703 significat
1178 1642 1218 1687 ex
1239 1622 1381 1689 adverso

224 1733 421 1812 occurrisse,
466 1739 633 1815 postremo
678 1752 814 1814 prorsus
853 1751 953 1814 prave
992 1731 1079 1795 inter
1118 1729 1309 1814 palantes
1347 1737 1383 1797 et

223 1840 493 1924 pabulatores
532 1840 754 1923 interponitur
797 1837 901 1904 forte
942 1838 1081 1904 oblati.
1151 1838 1233 1904 Rem
1272 1839 1382 1923 ipsam

224 1947 503 2032 quemadmodum
536 1948 646 2013 Livius
685 1948 794 2012 animo
829 1947 1129 2037 comprehenderit,
1168 1947 1383 2014 manifestum

223 2063 282 2121 est.
328 2056 475 2122 Victores
499 2078 519 2120 a
541 2056 631 2121 Veiis
659 2055 869 2138 aliquantum
897 2056 996 2140 spatii
1024 2056 1127 2120 victos
1156 2056 1324 2139 persecuti
1345 2058 1382 2122 in

223 2171 348 2243 castra,
388 2186 461 2249 quae
499 2166 563 2250 ipsi
603 2165 757 2229 Veientes
803 2164 975 2247 eruptione
1023 2171 1255 2248 oppugnarant
1294 2162 1326 2248 (ξ
1360 2169 1381 2230 9

223 2280 309 2339 tres
354 2273 560 2338 exercitus
602 2279 635 2337 et
673 2271 690 2356 ᾖ
727 2272 794 2355 13),
833 2273 1019 2352 redierunt;
1067 2271 1185 2338 deinde
1227 2270 1378 2357 Capena·

223 2382 313 2447 tibus
349 2388 383 2446 et
410 2381 548 2446 Faliscis
582 2380 660 2464 fuga
696 2381 893 2446 abeuntibus
921 2381 978 2445 alii
1005 2381 1147 2446 Romani
1174 2402 1214 2446 ex
1241 2381 1381 2449 adverso

225 2495 446 2570 occurrerunt,
476 2490 532 2572 qui
555 2489 716 2554 hactenus
739 2511 854 2573 agrum
878 2487 1081 2574 Capenatem
1103 2488 1254 2573 populati
1276 2496 1382 2570 erant,

224 2597 294 2680 (cir.
319 2619 344 2663 c.
372 2601 419 2679 12,
443 2602 461 2663 5
486 2598 526 2662 de
549 2598 655 2677 simili,
686 2598 763 2662 dum
784 2599 857 2662 Veii
880 2598 1084 2677 obsidentur,
1107 2599 1178 2682 agri
1200 2596 1381 2682 Capenatis

223 2706 461 2790 populatione)
490 2706 714 2790 reliquiasque
738 2728 857 2791 pugna
881 2707 1146 2791 absumpserunt.
1202 2706 1273 2772 Iam
1295 2707 1382 2773 illud

223 2835 355 2899 quoque
379 2823 532 2900 apparet,
567 2816 698 2899 opinor,
732 2814 957 2898 palantium
980 2814 1254 2898 appellationem,
1290 2815 1382 2900 quod

222 2925 293 3009 ipse
322 2924 473 2991 vocabuli
501 2924 691 3007 palantes
719 2922 810 2988 locus
839 2930 915 2988 ante
945 2944 1099 2988 occursus
1121 2924 1321 2989 mentionem
1344 2931 1382 2990 et

222 3034 386 3116 particula
407 3035 485 3097 iam
508 3032 669 3112 ostendit,
703 3032 868 3115 pertinere
897 3033 939 3097 ad
962 3031 1144 3115 Capenates
1167 3038 1201 3097 et
1222 3032 1382 3114 Faliscos,

222 3142 279 3224 qui
303 3163 342 3206 eo
365 3140 495 3206 facilius
518 3140 618 3205 deleti
642 3142 716 3205 sint.
767 3139 841 3205 Non
867 3141 969 3223 igitur
997 3142 1074 3206 iam
1101 3140 1292 3224 palantes
1315 3140 1380 3207 ob·

221 3246 300 3313 lati
324 3257 433 3328 suut,
468 3250 526 3314 sed
549 3250 628 3314 iam
650 3248 891 3332 palantibus
915 3257 981 3329 aut,
1015 3249 1103 3333 quod
1125 3248 1236 3315 Livius
1259 3249 1381 3334 saepius

134 3366 206 3434 (117)
226 3356 320 3435 dicit,
353 3358 553 3441 palatis.¹)
610 3357 794 3442 Saepissime
826 3357 937 3423 Livius
970 3359 1004 3422 in
1036 3358 1168 3441 palatos
1198 3356 1380 3441 (palantes)

250 3577 273 3644 ¹)
292 3577 417 3632 Palans
436 3578 537 3644 octies,
561 3579 584 3631 si
607 3582 685 3632 reete
706 3580 815 3646 notavi,
838 3579 913 3649 apud
931 3580 1043 3634 Livium
1061 3578 1166 3647 legitur
1184 3578 1234 3646 (ll,
1259 3579 1306 3646 26,
1328 3577 1379 3648 lV,

291 3665 337 3731 55,
361 3663 427 3731 VH,
452 3664 492 3729 17,
514 3661 548 3729 X,
572 3665 613 3730 20,
635 3662 709 3732 XXI,
732 3667 764 3718 61
784 3666 837 3732 bis,
859 3665 947 3732 XXII,
970 3668 1012 3731 31,
1034 3663 1134 3731 XXIV,
1157 3663 1211 3732 41),
1233 3664 1380 3734 palatus

288 3749 386 3804 tricies
408 3750 452 3803 bis
476 3748 498 3816 (Ι
505 3789 512 3814 ,
538 3752 580 3815 11,
607 3753 632 3816 1,
658 3750 706 3803 ubi
728 3769 785 3806 non
802 3756 880 3806 recte
897 3751 1030 3805 Hertaius
1050 3767 1065 3804 e
1083 3749 1145 3803 cod.
1164 3749 1329 3805 Florentino
1349 3748 1379 3805 S.

289 3835 377 3889 Marci
395 3834 555 3904 palantes
574 3835 678 3903 posuit,
701 3835 736 3903 H,
761 3839 802 3903 50,
826 3836 875 3905 111,
899 3840 923 3904 5,
946 3837 993 3903 IV,
1015 3837 1049 3890 46
1068 3839 1098 3888 et
1115 3836 1157 3903 58,
1179 3834 1213 3903 V,
1235 3836 1379 3903 asello,

289 3924 314 3988 3,
333 3921 382 3976 ubi
399 3920 572 3975 recentiores
591 3920 703 3975 codices
721 3922 881 3991 palantes
899 3923 1013 3989 habent,
1037 3921 1084 3989 Vl,
1108 3923 1151 3988 42,
1175 3919 1236 3989 VH,
1261 3924 1274 3974 1
1294 3926 1323 3975 et
1342 3924 1376 3975 ll

290 4012 319 4062 et
342 4010 376 4062 86
399 4011 428 4060 et
446 4007 492 4072 373
520 4012 628 4061 ceteros
651 4006 728 4060 locos
751 4014 850 4063 notare
874 4007 995 4077 omitto).
1040 4005 1261 4076 Significationis
1279 4005 1381 4062 discri-

288 4110 353 4146 men
375 4081 484 4146 nullum
507 4095 563 4157 est;
591 4109 661 4159 quos
686 4093 750 4159 VH,
776 4096 819 4161 17,
842 4097 905 4149 Set
922 4093 960 4161 X,
984 4096 1030 4160 20,
1055 4095 1193 4161 bragos
1212 4092 1379 4162 palantes

288 4178 384 4232 Livius
416 4178 498 4247 dicit,
530 4179 644 4232 eosdem
669 4178 776 4247 XXHI,
807 4183 853 4248 42,
888 4183 920 4234 12
952 4196 1057 4249 vagos
1083 4178 1156 4232 sine
1188 4178 1296 4247 signis
1323 4196 1380 4248 pa·

288 4264 379 4319 letos
428 4263 511 4333 Apud
533 4262 696 4318 Sallustium
721 4263 868 4334 (quattuor
885 4266 971 4333 locis,
994 4265 1052 4334 lug.
1074 4266 1118 4330 18,
1142 4266 1189 4332 44,
1212 4262 1321 4332 1466)
1347 4271 1380 4320 et

288 4349 444 4420 Vergilium
463 4354 574 4404 tantum
593 4350 715 4418 palens
736 4352 884 4421 reperitur.
