2994 5108
756 482 820 542 444

126 670 196 741 1361)
215 664 342 749 ltaque,
370 672 590 749 praeterquam
615 666 703 749 quod
725 668 879 745 nescitur,
901 667 1030 731 minora
1052 665 1213 749 quaedam,
1237 687 1311 751 quae
1334 667 1369 732 in

212 774 262 838 ed.
296 772 493 856 Moguntina
533 781 566 838 61
599 774 809 840 Frobeniana
844 775 914 840 sine
947 773 1162 840 adnotatione
1195 780 1370 855 nouantur,

211 883 319 947 sintne
351 903 368 945 6
397 882 510 946 codice
541 882 642 946 ducta
670 903 713 947 an
742 883 932 948 coniectura
959 889 1018 961 aut
1046 883 1146 948 ctiam
1174 903 1256 948 casu
1282 890 1370 963 orta,

212 998 245 1055 61
279 990 368 1073 quod
401 991 435 1053 in
468 991 508 1055 iis
543 1011 687 1073 quoque,
722 1012 794 1074 quae
829 991 956 1055 tradita
990 997 1079 1070 sunt,
1114 997 1263 1055 erratum
1295 1011 1369 1055 esse

211 1105 323 1182 potest
358 1097 460 1181 (quod
497 1099 637 1162 maxime
672 1099 824 1181 suspicor
856 1099 1016 1164 accidisse
1044 1100 1078 1162 in
1108 1099 1261 1183 partibus
1289 1098 1368 1164 hinc

212 1207 353 1289 primum
377 1206 490 1285 editis,
518 1213 556 1270 ut
583 1227 623 1269 ne
647 1205 803 1270 Gelenius
827 1206 960 1289 quidem
983 1207 1093 1287 omnia
1115 1214 1203 1271 recte
1224 1205 1369 1291 legerit),

212 1321 340 1379 certum
375 1320 438 1393 est,
471 1335 537 1377 non
571 1335 678 1397 pauca
711 1315 833 1379 omissa
865 1335 952 1395 essa,
986 1335 1058 1397 quae
1086 1322 1145 1380 aut
1176 1314 1371 1399 simpliciter

212 1423 384 1508 probanda
418 1421 542 1486 suerint
570 1429 629 1486 aut
657 1444 674 1486 6
704 1423 823 1506 quibus
851 1423 990 1505 vestigia
1018 1423 1166 1488 rimando
1195 1421 1371 1505 (quemad-

213 1530 347 1594 modum
370 1528 516 1609 XXXVI,
545 1534 596 1609 25,
626 1535 655 1609 7,
683 1529 843 1611 XXXVII,
874 1536 925 1608 41,
948 1535 967 1594 2
992 1531 1131 1613 aliisque
1154 1531 1238 1596 locis
1258 1529 1371 1596 facere

213 1644 353 1703 conatus
387 1637 473 1718 611111)
507 1659 619 1702 verum
654 1639 725 1702 61111
758 1639 956 1723 1611161111)
1011 1639 1039 1703 E
1069 1638 1181 1703 codice
1209 1637 1371 1704 Bamber-

212 1749 320 1829 gensi,
354 1748 410 1831 qui
444 1752 521 1830 post
555 1745 679 1810 editam
712 1746 788 1810 inde
822 1747 916 1812 initio
950 1747 1061 1811 saeculi
1089 1746 1219 1830 septimi
1248 1745 1372 1812 decimi

212 1856 356 1938 priorem
385 1855 461 1919 libri
486 1852 624 1918 XXXIII
652 1861 782 1937 partem
809 1855 978 1938 neglectus
1006 1855 1170 1932 iacuerat,
1204 1861 1282 1939 post
1309 1874 1372 1938 pa·

211 1986 285 2028 rum
314 1969 504 2028 accuratam
528 1969 561 2027 et
583 1962 699 2026 scitam
724 1963 868 2028 Goelleri
892 1983 1026 2046 operam
1050 1963 1094 2042 (a.
1119 1961 1216 2044 1822)
1238 1961 1285 2027 Io.
1308 1960 1371 2027 Th.

217 2072 424 2156 Kreyssigius
460 2073 493 2134 in
523 2070 668 2135 editione
697 2070 773 2134 libri
803 2068 943 2134 XXXIII
973 2069 1017 2151 (a.
1051 2070 1146 2152 1839)
1175 2071 1374 2137 varietatem

213 2182 384 2265 scripturae
400 2179 454 2243 ad
484 2200 596 2243 omnes
624 2178 726 2242 libros
756 2178 804 2241 sic
826 2179 989 2258 enotavit,
1023 2184 1061 2242 ut
1083 2178 1165 2242 nihil
1187 2177 1375 2244 desiderari

213 2288 375 2353 videatur.
420 2289 449 2351 Α
471 2287 594 2351 codicis
617 2285 813 2370 Mogontini,
837 2287 986 2368 quisine
1010 2286 1109 2353 dubio
1132 2286 1375 2369 Bambergensi

215 2396 385 2478 aliquanto
408 2395 472 2460 fuit
494 2396 677 2479 antiquior,
712 2395 901 2479 propinqua
930 2395 1125 2476 cognatione
1149 2394 1375 2477 Bambergen-

215 2525 282 2568 sem
324 2503 371 2584 (et
410 2502 551 2585 ceteros)
593 2508 769 2568 secernunt
813 2504 955 2586 primum
995 2503 1121 2586 proprii
1161 2502 1296 2586 quidam
1336 2505 1376 2569 in

215 2633 343 2676 summa
381 2611 527 2694 alioquin
567 2611 759 2695 praestantia
802 2610 985 2693 Moguntiui
1026 2631 1066 2676 611
1110 2609 1374 2695 interpolatione

215 2722 312 2797 naevi,
346 2741 484 2803 quorum
512 2719 637 2782 nullum
666 2719 698 2782 in
729 2717 1376 2802 8611116186ηεί(661611616)166113111111

216 2836 267 2894 est
295 2827 342 2909 (111
371 2849 435 2909 quo
465 2848 583 2909 genere
612 2827 694 2890 nihil
717 2829 864 2909 apertius
888 2834 939 2892 est
962 2848 1060 2910 quam
1083 2828 1116 2890 111
1140 2826 1272 2906 XXXV,
1295 2831 1327 2899 4,
1356 2831 1375 2891 3

216 2937 258 3002 ad
281 2937 350 3001 hmo
373 2936 486 3000 verba:
517 2936 673 3018 agmine
703 2936 870 2999 incauto
899 2943 943 2999 ut
972 2938 1080 3000 inter
1108 2941 1281 3018 pacatos
1311 2935 1374 2999 ad·

217 3047 321 3111 ditum
354 3066 472 3128 agros
507 3051 567 3106 aut
595 3045 628 3106 111
657 3043 837 3120 XXXVIII,
868 3047 896 3122 3,
926 3042 1051 3107 ehaee:
1087 3041 1378 3128 Amphilochia

244 3326 270 3393 ¹)
289 3325 421 3379 Gelenius
446 3331 474 3377 et
497 3325 527 3377 in
549 3323 714 3392 praefatione
739 3328 766 3376 et
788 3325 817 3377 in
839 3323 913 3376 notis
938 3323 985 3390 (ad
1008 3323 1069 3389 XL,
1093 3325 1140 3389 39,
1163 3326 1180 3376 8
1205 3327 1234 3378 61
1251 3326 1301 3387 41,
1329 3325 1375 3393 10)

286 3412 420 3478 queritur,
445 3411 492 3478 qui
512 3416 577 3463 ante
596 3427 625 3461 se
643 3408 740 3462 codice
760 3409 801 3461 usi
821 3414 923 3475 essent,
943 3409 1113 3477 scripturam
1133 3410 1208 3462 lectu
1226 3407 1378 3465 difficilem

285 3513 341 3549 non
361 3497 429 3549 satis
449 3513 559 3564 semper
577 3496 668 3564 perite
687 3495 873 3562 diligenterve
892 3493 1074 3562 expedivisse.
1104 3495 1209 3562 Aperte
1228 3495 1378 3548 contraria

286 3581 439 3634 Carbachio
459 3582 568 3644 scribit,
593 3581 686 3634 uthis
704 3585 777 3644 utar,
796 3579 832 3632 ad
850 3578 975 3643 XXXVI,
998 3581 1039 3644 22,
1063 3578 1287 3644 7(amniculo
1306 3578 1377 3647 Gal,

286 3667 391 3720 amnis
415 3667 528 3719 latore
547 3665 646 3732 (1611),),
665 3669 706 3731 24,
725 3667 751 3731 6,
769 3665 895 3729 XXXIX,
914 3667 938 3730 3,
958 3666 1063 3730 aete,
1082 3666 1098 3717 9
1118 3671 1145 3717 61
1165 3666 1208 3730 18,
1226 3666 1252 3718 8.
1280 3664 1375 3718 Inter·

286 3753 351 3806 dum
375 3757 492 3821 propter
515 3753 673 3819 ambiguam
698 3750 838 3818 quandam
857 3749 964 3803 Gelenii
988 3749 1132 3803 scribendi
1154 3749 1325 3803 brevitatem
1349 3755 1378 3804 61

286 3838 450 3891 varietatem
468 3838 572 3891 iniuria
591 3838 750 3891 dubitatum
770 3841 798 3889 et
818 3836 886 3888 olim
906 3841 934 3888 ct
951 3853 1041 3904 nuper
1059 3839 1110 3900 661,
1139 3841 1233 3887 utrum
1252 3851 1293 3900 ea,
1314 3851 1378 3904 quae

286 3942 302 3977 a
326 3941 354 3976 se
377 3929 504 3978 correcta
527 3924 638 3988 scribit,
666 3922 757 3975 codici
788 3918 824 3974 an
853 3921 1021 3975 coniecturae
1050 3920 1215 3972 debeantur.
1262 3918 1317 3986 Qui
1341 3919 1377 3974 ad

286 4015 375 4062 totam
400 4009 507 4064 Gelenii
529 4008 761 4061 consuetudinem
787 4006 953 4072 attenderit,
980 4022 1038 4059 non
1055 4005 1212 4070 dubitabit,
1241 4004 1321 4073 quin,
1344 4009 1379 4059 111

286 4094 401 4162 XXXV,
429 4098 474 4162 23,
504 4097 532 4146 ll
558 4094 712 4161 („Antiqua
739 4093 877 4161 scriptura
903 4091 981 4159 oqui
1008 4088 1088 4143 duo“
1113 4091 1193 4157 cet),
1220 4091 1262 4143 sic
1289 4091 1378 4144 etiam

285 4180 410 4248 XXXVI,
429 4183 470 4246 23,
490 4183 514 4248 7,
537 4179 675 4244 XXXVII,
694 4181 735 4243 53,
755 4181 779 4243 4,
798 4176 957 4242 XXXVIII,
976 4178 1018 4242 28,
1037 4178 1053 4229 8
1072 4181 1101 4229 61
1119 4176 1161 4241 59,
1179 4176 1196 4228 6
1214 4181 1243 4229 61
1261 4179 1278 4228 7
1296 4176 1377 4230 codi-

287 4282 347 4318 cem
371 4272 482 4319 secutus
508 4267 551 4319 sit.
596 4265 650 4319 Est
672 4269 782 4329 tamen,
809 4264 855 4316 ubi
884 4262 989 4315 codicis
1013 4262 1185 4329 scripturam
1208 4261 1378 4315 coniectura

288 4349 412 4403 adiutam
431 4368 488 4405 non
506 4368 615 4419 negem,
634 4357 666 4403 ut
684 4349 742 4414 XL,
764 4351 803 4414 14,
822 4350 839 4401 2
857 4346 1016 4416 (gaudio).
