2994 5108
673 487 736 551 233
1166 500 1229 557 Lib.
1246 500 1281 556 K

126 692 191 756 qno
213 670 298 738 nihil
320 679 372 740 est
393 672 540 753 inanius,
575 677 714 756 agunt3
753 692 819 758 quo
841 672 998 739 tandem?
1032 673 1116 739 Tum
1138 673 1281 758 abrupte

125 779 278 848 additur:
312 780 531 867 expellunt
559 786 621 846 cet.
677 777 796 846 Omnia
817 786 910 847 recta
932 788 1045 864 erunt,
1075 783 1120 864 si,
1150 783 1281 849 sublato

107 874 181 957 'illo
225 895 369 973 agunt,
408 889 655 975 scripserimus:
699 887 900 974 impulsos
945 890 1067 956 semel
1111 897 1281 958 terrore

125 998 282 1081 eodem,
321 1019 399 1085 quo
438 1002 680 1083 coeperant,
720 996 934 1083 expellunt
973 1005 1091 1065 extra
1122 1005 1282 1083 portam

125 1106 368 1194 vallumque.
423 1106 495 1173 Iam
528 1111 682 1191 apparet,
716 1105 848 1172 minime
877 1106 1048 1173 abundare
1075 1107 1177 1172 verba
1204 1129 1281 1192 quo

74 1240 77 1244 ·
126 1223 368 1302 coeperant,
402 1215 579 1282 coniuncta
611 1233 687 1280 cum
719 1213 793 1280 finis
828 1221 862 1280 et
896 1217 1002 1281 exitus
1032 1214 1281 1298 significatione.

127 1322 372 1410 (Coeperant
410 1344 472 1409 pro
506 1328 733 1407 coeperunt
764 1329 855 1390 recte
891 1324 925 1389 in
960 1323 1099 1405 Gaertn.,
1132 1324 1281 1405 Haverc,

127 1433 198 1500 aliis
221 1432 454 1500 emendatione
477 1431 652 1516 scriptum,
676 1429 734 1496 cfr.
758 1452 903 1516 prooem.
926 1455 958 1518 p.
983 1430 1083 1516 38.)¹)

209 1538 288 1627 Cap.
302 1544 353 1622 34,
372 1543 467 1607 leta
485 1539 609 1606 editur:
631 1537 866 1605 Postumius
883 1539 1108 1607 Milioniam
1126 1561 1282 1626 oppug-

129 1670 225 1717 nare
254 1648 429 1716 adortus
456 1648 495 1713 vi
521 1648 649 1733 primo
677 1653 800 1731 atque
823 1649 991 1734 impetu,
1026 1648 1138 1729 dein,
1167 1655 1282 1734 post·

129 1778 243 1842 quam
270 1778 317 1824 ea
343 1777 485 1843 parum
511 1754 807 1842 procedebant,
838 1776 958 1840 opere
987 1777 1032 1822 ao
1059 1758 1191 1824 vineis
1214 1757 1281 1823 de-

127 1886 225 1932 mum
259 1865 461 1932 iniunctis
489 1885 602 1931 muro
631 1864 751 1949 cepit.
807 1864 845 1929 In
873 1864 925 1930 hie
952 1867 1141 1932 necessario
1170 1887 1282 1934 omnes

128 1974 262 2041 ablativi
283 1973 408 2040 autad
429 1973 642 2059 participium
664 1972 834 2039 adortus
856 1974 1032 2059 pertinent,
1062 1974 1152 2059 quod
1173 1996 1282 2058 neque

129 2082 247 2149 addite
279 2103 376 2149 voces
409 2082 562 2148 demum
596 2081 798 2147 iniunctis
832 2103 943 2149 muro
973 2084 1147 2167 patiuntur
1174 2102 1281 2167 neque

128 2190 261 2257 verbum
290 2191 416 2276 cepit,
450 2190 541 2275 quod
571 2189 618 2256 sic
639 2188 726 2255 nude
749 2189 828 2255 addi
850 2192 980 2274 nequit,
1015 2190 1139 2258 autad
1162 2193 1280 2276 oepit,

128 2298 211 2384 quod
234 2298 400 2365 sententia
421 2297 597 2364 manifesto
619 2299 757 2382 respuit.
803 2296 928 2366 Omitto
958 2299 1217 2383 inaequalitatem
1247 2301 1281 2365 in

129 2427 247 2492 opere
295 2413 330 2473 ot
375 2407 507 2473 vineis
551 2406 705 2472 demum
749 2407 950 2473 iniunctis
996 2429 1117 2473 muro.
1178 2409 1283 2474 Recta

129 2515 238 2581 omnia
266 2513 349 2582 fient
369 2514 501 2581 sublato
523 2535 584 2595 ac,
613 2515 703 2599 quod
725 2515 900 2601 Siesbyeus
922 2518 1036 2582 suasit.
1089 2515 1282 2601 Significata

129 2623 342 2710 oppugnandi
379 2623 510 2690 ratione
544 2622 679 2689 additur
712 2623 911 2709 significatio
945 2625 994 2689 rei
1027 2646 1112 2710 aegre
1147 2624 1280 2692 effectae.

127 2729 180 2799 Sic
207 2731 340 2798 demum
368 2737 456 2797 recte
485 2751 608 2817 opere
638 2731 679 2797 de
707 2753 826 2816 genere
855 2732 992 2814 dicitur,
1027 2733 1172 2816 alioquin
1201 2735 1281 2800 scri·

124 2836 261 2906 beretur
284 2838 478 2924 operibus
500 2859 546 2905 ac
568 2840 712 2907 vineis.
756 2840 879 2924 (1875.)

209 2945 290 3031 Cap.
309 2949 359 3027 36,
383 2950 417 3011 7:
441 2945 582 3029 (Consul
604 2948 647 3012 M.
659 2947 793 3031 Atilius)
818 2950 987 3015 obstitit
1008 2950 1176 3035 profuse
1199 2956 1281 3015 teu-

116 3052 322 3123 dentibus
351 3055 435 3121 suis
463 3055 504 3120 in
527 3062 678 3123 castra.
728 3056 870 3123 Eliuse
894 3065 1019 3139 euntes,
1044 3058 1208 3138 cedentes,
1231 3058 1281 3123 iu·

110 3165 269 3247 gientee,
301 3170 436 3230 ruentes
464 3165 554 3245 novi,
588 3163 619 3229 h.
643 3185 689 3245 e.,
724 3165 879 3232 celeriter
907 3174 941 3234 et
963 3168 1033 3233 sine
1056 3166 1124 3232 ullo
1147 3167 1281 3249 ordiue3

106 3271 292 3356 profuse
323 3278 493 3338 ruentes
526 3293 592 3339 non
625 3274 731 3357 magis
764 3275 832 3340 ecio
867 3276 925 3359 qui
959 3277 1039 3356 siut,
1073 3295 1174 3359 quam
1207 3293 1280 3358 quse

103 3377 221 3467 fuga
252 3379 436 3465 profusa3
470 3402 547 3447 nam
580 3381 774 3466 profusus
807 3403 937 3467 semper
970 3382 1013 3448 ad
1046 3384 1173 3468 copiam
1206 3405 1280 3468 per·

99 3490 215 3556 tinet.
278 3487 398 3573 Itaque
432 3489 531 3556 aliter
563 3489 675 3555 Livius
708 3491 857 3575 scripsit;
898 3492 1015 3575 opinor
1047 3490 1150 3558 fuisse
1185 3492 1277 3557 olim:

100 3596 301 3664 obstitit
335 3615 451 3679 prope
484 3597 613 3662 eltnae
646 3598 916 3665 tendentibus
945 3602 1030 3666 suis
1060 3601 1101 3666 iu
1130 3608 1277 3667 castra.

98 3696 225 3786 [Olim
247 3725 374 3790 prope
396 3703 492 3770 fuse
515 3707 730 3791 scripseram3
753 3705 886 3773 effuse
909 3707 1218 3792 Weissenbornius]

207 3811 288 3898 (lap.
313 3816 364 3892 38,
388 3815 407 3877 2
431 3833 503 3896 sqq.
547 3813 586 3879 In
608 3814 765 3881 hocloco
788 3817 937 3900 primum,
968 3823 1006 3881 ut
1028 3824 1140 3882 cetera
1160 3817 1278 3883 melius

86 3920 313 4001 procedant,
340 3921 547 3989 emendanda
569 3924 807 3989 sententiarum
829 3924 995 3990 distinctio
1019 3930 1078 3990 est.
1128 3924 1273 3989 Primum
1293 3938 1363 4009 (195)

91 4030 208 4095 enim
239 4031 391 4096 universe
424 4029 643 4114 significatur,
677 4033 765 4116 quod
792 4040 910 4119 postea
937 4031 1126 4115 singulatim
1156 4031 1278 4097 descri-

100 4190 346 4215 5——

150 4281 174 4351 ι)
189 4282 232 4339 ne
253 4286 301 4354 aa,
327 4287 393 4340 eet
414 4287 461 4353 er,
490 4287 524 4340 15
544 4290 624 4342 reete
646 4287 703 4341 um
721 4288 756 4341 ab
775 4287 837 4341 uus
856 4286 1011 4341 iumentum
1033 4258 1100 4354 0ss
1112 4285 1161 4341 cfr.
1180 4291 1277 4342 umen

188 4386 314 4440 prooem.
331 4388 360 4442 p.
380 4372 413 4427 16
431 4376 460 4427 et
476 4389 505 4442 p.
524 4373 565 4427 ³0.
