2994 5108
208 485 270 540 Lib.
289 483 377 539 XXII.
755 471 818 533 290

208 656 294 721 alter
316 677 337 720 a
358 662 458 738 poeta
484 676 582 720 versu
611 661 748 739 cogente
771 662 830 720 aut
852 677 926 721 cum
948 656 1106 738 singulari
1129 655 1242 737 aliqua
1264 656 1366 738 signi·

208 763 361 828 ficatione
384 764 535 847 scriptus.

294 872 331 936 In
356 892 426 955 cap.
447 875 503 951 10,
535 871 551 953 ἓ
581 875 617 951 2,
645 871 703 936 ubi
732 877 888 937 narratur
917 871 958 936 de
987 879 1064 936 voto
1094 871 1136 936 ob
1162 891 1232 935 rem
1254 869 1365 954 publi-

209 1001 279 1044 cam
314 985 483 1062 suscepto,
524 980 680 1063 quoniam
718 979 752 1043 in
785 978 810 1043 P
844 978 1031 1061 ceterisque
1066 978 1161 1045 bonis
1194 977 1364 1043 codicibus

209 1086 382 1153 scribitur:
408 1087 441 1152 si
463 1107 529 1151 res
553 1109 584 1170 p.
609 1109 640 1170 p.
663 1088 701 1153 R.
727 1085 947 1164 Quiritium
969 1086 1019 1150 ad
1042 1086 1365 1170 quinquennium

208 1189 511 1277 proximum'sic
534 1194 659 1259 uolim
682 1215 848 1276 eamque
866 1194 1018 1259 salvam
1036 1193 1274 1269 servaverit,
1296 1194 1365 1276 pri-

209 1322 299 1365 mum
332 1300 483 1381 efficitur,
517 1303 605 1383 quod
638 1303 767 1386 pridem
799 1303 990 1368 restitutum
1012 1306 1078 1366 est:
1113 1302 1146 1365 si
1169 1321 1235 1366 res
1266 1323 1297 1384 p.
1320 1335 1366 1346 -

209 1408 325 1474 salva
346 1415 512 1474 servata
532 1411 621 1474 erit.
650 1409 777 1475 Deinde
800 1417 912 1476 autem
929 1429 968 1472 ex
985 1409 1043 1472 sic
1060 1407 1180 1472 uelim
1199 1429 1365 1490 eamque

207 1515 246 1580 fit
288 1517 396 1582 sicut
441 1516 558 1581 velim
598 1538 850 1601 voveamque,
895 1517 1049 1597 retractis
1087 1515 1195 1580 tribus
1231 1515 1365 1594 litteris,

208 1623 326 1706 quibus
348 1625 478 1690 omissis
500 1631 615 1691 natum
638 1632 688 1690 θεῖ
711 1645 879 1708 eamque
902 1629 936 1688 et
957 1622 1000 1688 ad
1022 1624 1057 1688 id
1079 1622 1367 1689 accommodatum

208 1738 259 1797 est
287 1733 443 1797 salvam
471 1734 710 1798 servaverit.
760 1731 899 1797 Prorsus
926 1732 1058 1796 incaute
1080 1730 1276 1813 corrigendo
1299 1730 1365 1795 tol-

207 1839 289 1904 litur
317 1861 406 1922 que,
439 1861 608 1925 praveque
641 1839 684 1906 ad
717 1840 835 1904 velim
863 1839 1055 1921 adiungitur
1083 1860 1166 1904 eam
1196 1837 1365 1919 salvam3

207 1946 352 2012 debebat
392 1947 510 2013 saltem
552 1949 617 2013 dici
650 1949 758 2013 sicut
793 1968 876 2013 eam
910 1947 1069 2012 servari
1102 1946 1240 2026 velim,
1275 1965 1366 2011 ser·

206 2061 303 2119 vata
332 2055 420 2120 erit.
482 2055 665 2138 Diligenter
690 2061 814 2139 praetor
843 2054 972 2119 duobus
994 2035 1228 2134 verbis'cavet
1255 2060 1293 2119 ut
1314 2054 1367 2118 ita

207 2169 319 2228 votum
347 2162 577 2245 intellegatur,
611 2162 885 2244 quemadmodum
918 2163 990 2245 ipse
1023 2167 1135 2226 mente
1163 2162 1364 2257 conceperit.

208 2268 333 2351 (1862.)
379 2268 523 2335 *Deinde
547 2269 564 2352 ἓ
588 2274 606 2333 3
629 2268 734 2353 Lipsii
762 2269 1034 2349 emendationem,
1068 2290 1145 2353 qua,
1177 2269 1367 2361 transposi-

206 2377 298 2442 tione
326 2375 430 2457 facta,
460 2398 501 2442 ea
529 2378 788 2459 coniunguntur,
817 2397 892 2461 quae
919 2378 1085 2442 sententia
1107 2383 1141 2441 et
1162 2375 1366 2441 narrationis

207 2491 330 2548 natura
357 2483 521 2550 cohaerent
549 2482 677 2565 (hisce
714 2484 881 2564 duellis,
917 2485 1021 2568 quod
1048 2483 1240 2561 duellum,
1274 2490 1363 2547 tum:

209 2591 356 2656 donum
379 2591 476 2672 duit,
506 2591 614 2676 quod
637 2613 704 2656 ver
726 2586 945 2674 attulerit),
974 2597 1051 2675 post
1073 2590 1274 2657 Gronovium
1295 2608 1366 2655 non

207 2697 457 2779 commendabo,
491 2720 597 2782 neque
630 2700 819 2783 explicabo,
854 2719 954 2783 quam
987 2719 1145 2783 perversa
1173 2697 1255 2776 sint,
1289 2717 1367 2781 quae

208 2808 397 2887 excogitata
425 2813 503 2872 sunt
531 2807 573 2872 ad
604 2806 844 2872 defendendam
873 2805 1024 2872 codicum
1052 2808 1251 2889 scripturam
1275 2805 1368 2870 omni

208 2914 369 2979 orationis
399 2914 464 2998 legi
493 2921 527 2978 et
554 2916 714 2980 iuncturae
742 2920 980 2997 repugnantem
1010 2914 1057 2994 (in
1085 2935 1151 2997 qua
1181 2919 1257 2996 post
1285 2934 1368 2997 apo·

209 3022 304 3087 dosin
336 3023 560 3105 interponitur
589 3023 755 3087 sententia
786 3022 925 3087 relativa
954 3022 997 3086 ad
1023 3042 1142 3087 nomen
1171 3021 1205 3084 in
1233 3023 1369 3104 protasi

208 3131 352 3213 positum
386 3130 528 3205 adnexa,
568 3130 684 3194 deinde
725 3136 836 3194 autem
875 3129 980 3194 altera
1021 3129 1186 3195 sententia
1224 3127 1371 3194 relativa

210 3236 357 3301 adhaeret
378 3238 502 3302 nomini
525 3238 558 3300 in
581 3237 719 3320 apodosi
743 3238 853 3319 posito
877 3236 1146 3317 accommodata),
1168 3235 1258 3300 velut
1277 3237 1371 3320 quod

209 3366 314 3427 nuper
336 3344 630 3422 Weissenbornius,
653 3345 715 3409 etsi
739 3344 878 3423 dubitat,
903 3352 1013 3409 tamen
1034 3345 1120 3409 hanc
1143 3343 1371 3410 confusionem

210 3453 338 3533 antiqui
367 3450 494 3535 aliquid
521 3450 644 3516 habere
673 3458 769 3534 putat
797 3458 831 3515 et
852 3452 992 3517 fortasse
1016 3474 1056 3516 ex
1077 3458 1207 3517 vetusto
1230 3450 1326 3516 fonte
1349 3473 1373 3517 a

209 3560 302 3625 Livio
325 3565 488 3623 retentam
512 3580 596 3637 esse,
631 3560 725 3640 quasi
754 3558 933 3641 quidquam
961 3560 1005 3623 sit
1032 3559 1199 3640 antiquius
1221 3565 1258 3625 et
1279 3565 1372 3625 vete·

210 3688 285 3730 rum
322 3666 535 3731 formularum
563 3667 669 3749 magis
697 3667 866 3749 proprium
896 3686 996 3748 quam
1025 3667 1094 3731 haec
1122 3668 1197 3749 ipsa
1224 3667 1261 3731 in
1291 3665 1373 3733 sub-

212 3774 356 3839 stantivo
379 3775 576 3855 geminando
600 3774 786 3856 diligentia:
811 3774 923 3838 hisce
947 3772 1105 3852 duellis,
1130 3772 1235 3856 quod
1259 3773 1374 3840 duel·

210 3883 289 3946 lum
311 3917 354 3926 —
374 3903 543 3966 quaeque
575 3880 723 3945 duella.
785 3881 935 3960 (Prorsus
969 3881 1114 3946 eiusdem
1148 3881 1281 3963 generis
1316 3903 1374 3947 ex·

212 3988 353 4070 emplum
378 3990 550 4054 sententiae
573 3988 645 4053 loco
668 4009 728 4054 sno
750 3994 848 4053 mota
871 3991 905 4052 in
928 3988 991 4053 hoc
1012 3990 1084 4071 ipso
1108 3988 1193 4052 libro
1217 4008 1244 4052 c.
1270 3993 1323 4069 38,
1352 3992 1373 4052 2

213 4115 232 4158 a
255 4095 406 4160 Creverio
434 4102 468 4161 et
489 4095 760 4160 Drakenborchio
788 4101 939 4161 notatum
962 4102 1027 4174 θεῖ,
1058 4094 1116 4160 ubi
1141 4095 1374 4162 Weissenbor-

213 4204 286 4266 nius
324 4203 445 4268 iniuria
478 4204 739 4268 additamentum
774 4203 908 4267 subesse
942 4208 1052 4286 putat,
1092 4204 1184 4267 cuius
1218 4203 1306 4269 nihil
1339 4206 1374 4270 in

213 4309 324 4372 codice
357 4310 535 4394 archetypo
569 4309 666 4373 huius
701 4309 835 4374 decadis
870 4311 974 4374 simile
1008 4312 1192 4394 reperitur,
1233 4313 1374 4378 tertium
