3000 5116
672 483 734 545 247

121 669 246 736 bentur
273 666 326 751 (in
354 667 449 733 deest
477 669 577 733 etiam
599 669 634 733 in
656 668 725 734 Pal.
752 674 778 750 1,
800 668 902 751 Harl,
924 671 1001 736 Lov.
1028 675 1055 752 1,
1080 671 1121 754 3).
1161 671 1279 757 Itaque

122 777 222 843 facile
246 783 320 842 erat
341 797 381 842 ex
397 776 565 843 Puteaneo
589 778 738 862 exempla
760 778 913 862 colligere
931 785 964 844 et
982 801 1144 864 exponere
1163 802 1280 847 eorun-

124 887 200 952 dem
233 885 367 952 errandi
400 906 570 969 generum,
605 907 678 969 quae
711 887 745 951 in
780 888 899 953 ceteris
933 889 1077 971 antiquis
1111 888 1279 955 codicibus

123 995 348 1080 reperiuntur,
376 1015 454 1059 nam
482 999 516 1059 et
537 1016 566 1059 ι
589 995 623 1059 in
645 993 710 1059 fine
733 1016 847 1060 vocum
870 995 1005 1061 additur
1028 997 1279 1083 detrahiturque

120 1103 203 1187 (vid.
227 1103 271 1169 ad
293 1102 414 1181 XXIII,
439 1107 467 1180 3,
493 1103 535 1184 3),
564 1109 597 1168 et
619 1103 739 1168 litterae
762 1102 848 1169 male
871 1106 1078 1186 geminantur
1100 1112 1158 1171 aut
1180 1106 1280 1172 semel

124 1236 186 1299 pro
210 1212 383 1296 geminatis
405 1211 608 1292 scribuntur,
637 1219 671 1277 et
699 1211 833 1296 syllaba
862 1219 895 1277 et
915 1209 1016 1278 verba
1038 1213 1090 1279 bis
1113 1223 1281 1298 ponuntur
1366 1278 1370 1292 ,

120 1321 243 1406 (etiam
264 1320 358 1399 bina,
390 1327 428 1384 ut
449 1319 561 1400 XXII,
591 1324 647 1400 36,
679 1322 903 1403 aequitum
932 1321 1078 1387 darent
1100 1325 1281 1408 equitum

122 1431 273 1496 darent
301 1435 335 1494 et
357 1428 482 1506 xxm,
518 1432 572 1508 16,
611 1433 664 1510 123
699 1449 775 1493 nam
798 1428 924 1510 xxm,
958 1433 1015 1509 ac,
1050 1436 1205 1512 86130,
1241 1439 1277 1498 11

123 1539 222 1605 simul
245 1537 408 1603 correctio
432 1537 619 1616 adhibetur,
649 1538 777 1602 caedes
799 1559 859 1623 pro
883 1537 987 1603 caede
1011 1547 1043 1604 et
1066 1542 1196 1624 patris
1220 1564 1279 1625 pro

121 1647 263 1735 puris),
292 1653 326 1711 et
347 1667 443 1712 voces
466 1646 508 1711 ad
531 1647 696 1730 proximas
719 1667 808 1724 casu,
836 1667 963 1730 genere,
991 1670 1127 1714 numero
1151 1670 1278 1715 accom·
1296 1663 1366 1732 (207)

122 1756 302 1823 modantur
329 1753 381 1838 (ut
408 1754 533 1834 XXIII,
563 1759 618 1835 33,
651 1758 705 1818 12:
740 1776 823 1819 cum
851 1755 997 1838 quibus
1024 1757 1191 1840 regibus
1220 1780 1280 1843 pro

122 1886 212 1930 cum
241 1862 389 1949 quibus
416 1864 517 1946 regi,
551 1863 608 1928 ubi
636 1862 763 1927 inutilis
791 1869 824 1927 et
846 1863 1019 1928 verborum
1042 1865 1155 1930 ordine
1179 1887 1282 1949 prava

121 1980 175 2041 est
197 1971 457 2039 Weissenbomii
480 1973 679 2052 coniectura,
709 1971 857 2052 XXVIII,
881 1976 931 2052 33,
958 1978 1011 2037 16:
1047 1972 1096 2037 ad
1125 1981 1281 2056 partem

122 2103 267 2169 pugnae
303 2081 561 2164 capessendos
596 2102 656 2164 pro
686 2080 991 2164 capessendam,
1021 2080 1128 2161 XXX,
1159 2086 1215 2162 32,
1245 2086 1280 2146 2;

122 2191 273 2275 quibus
297 2190 478 2255 adversae
500 2209 640 2273 pugnae
662 2187 831 2254 fortuna
853 2189 1003 2255 fuisset
1025 2212 1085 2273 pro
1104 2190 1281 2272 adversa,

121 2308 161 2366 ut
182 2299 208 2365 Ι.
230 2298 420 2364 Perizonius
449 2303 483 2362 et
504 2297 656 2363 Dukerus
686 2298 895 2379 scribendum
918 2298 1084 2380 viderunt,
1117 2300 1282 2366 Weissen-

122 2408 261 2474 bornius
299 2427 409 2492 pravae
449 2407 622 2490 scripturae
659 2412 760 2471 rectae
793 2406 905 2472 formae
940 2407 1090 2491 exempla
1123 2415 1282 2492 tanquam

122 2516 247 2583 similia
268 2516 422 2600 apponit,
444 2514 577 2596 XXVII,
603 2519 652 2595 12,
676 2519 694 2578 2
719 2515 929 2580 detineret
950 2539 1011 2601 pro
1036 2516 1280 2600 detinerent,

121 2624 214 2710 quod
249 2624 399 2709 sequitur
432 2622 720 2707 oppugnaret),
755 2629 789 2687 et
821 2624 940 2689 litterae
969 2632 1002 2690 et
1031 2625 1165 2709 syllabae
1193 2629 1281 2693 omni

122 2755 245 2818 genere
278 2733 378 2797 etiam
411 2733 445 2796 in
478 2732 586 2797 verbis
620 2733 799 2797 notissimis
827 2739 1056 2816 permutantur
1084 2740 1117 2799 et
1145 2735 1282 2800 confun-

124 2841 250 2907 duntur
272 2840 323 2922 (ut
344 2840 454 2922 XXII,
482 2844 538 2921 23,
569 2845 588 2905 9
612 2839 1281 2924 eaucalegiquaeratretectainsti-

120 2953 391 3029 tuiseserant,
425 2971 465 3014 ex
488 2971 562 3033 quo,
597 2949 702 3014 altera
724 2970 824 3013 manu
846 2951 880 3014 in
901 2950 928 3015 P
950 2958 1127 3032 praeeunte,
1161 2952 1195 3015 in
1219 2951 1279 3016 CM

122 3059 246 3125 ceteris
281 3066 404 3123 ortum:
446 3078 578 3140 pauca
616 3058 699 3140 legi
732 3079 809 3142 qua
842 3063 933 3122 erat
965 3065 1081 3125 tecta
1114 3061 1281 3125 institui

122 3173 341 3234 senserant
371 3188 445 3250 pro:
479 3186 609 3250 pauca
637 3165 871 3251 reliquerat
899 3173 1018 3248 tecta,
1047 3169 1086 3232 in
1114 3169 1281 3233 stativis

122 3282 229 3356 erat,
259 3275 348 3360 quod
371 3274 553 3340 Gronovius
581 3273 790 3357 restituit).¹)
840 3276 880 3341 In
910 3298 974 3360 quo
1002 3275 1084 3340 illud
1107 3276 1282 3360 diligenter

121 3383 455 3451 animadvertendum
477 3391 537 3461 est,
560 3383 732 3448 librarium
749 3405 814 3448 non
831 3406 918 3465 raro,
941 3385 1027 3465 dum,
1050 3385 1177 3450 omissis
1193 3386 1282 3451 litte-

123 3515 240 3559 rarum
271 3492 425 3557 ductibus
455 3499 489 3557 et
511 3493 595 3558 aciei
617 3494 809 3573 intentione,
838 3494 980 3578 speeiem
1002 3495 1110 3559 animo
1134 3494 1282 3560 oblatam

123 3601 237 3667 Latini
271 3601 362 3667 verbi
396 3601 560 3685 sequitur,
602 3603 703 3666 etlam
738 3623 813 3666 cum
848 3601 1048 3686 syllabarum
1076 3603 1281 3669 detractione

126 3717 160 3775 et
189 3710 392 3789 adiectione,
427 3730 468 3774 ea
496 3708 658 3789 effecisse,
693 3731 766 3794 quae
795 3716 939 3775 mentem
962 3732 983 3775 a
1003 3732 1081 3776 vero
1104 3711 1201 3793 longe
1224 3711 1281 3776 ab·

122 3817 252 3884 ducant
279 3824 313 3883 et
342 3839 415 3900 quae
442 3839 508 3882 non
536 3819 606 3883 sine
635 3819 727 3902 gravi
754 3826 787 3883 et
814 3819 920 3884 libera
942 3818 1104 3884 medicina
1127 3821 1281 3903 corrigas,

123 3927 226 4010 quale
262 3925 316 4009 (ne
349 3948 442 3992 vero
479 3932 513 3992 et
540 3928 692 4010 praemii
721 3949 761 3992 ex
790 3927 884 3992 initio
915 3927 992 3993 libri
1020 3927 1115 3992 XXII
1142 3949 1281 3993 comme·

126 4056 266 4114 morem,
301 4056 373 4119 quer
405 4034 517 4100 facilia
549 4035 639 4117 sunt)
674 4043 725 4100 est
757 4036 791 4101 in
824 4035 932 4116 XXII,
975 4041 1028 4116 16,
1062 4042 1082 4100 4
1115 4035 1282 4100 fortuna

126 4145 254 4210 minas
277 4164 377 4208 saxa
399 4166 460 4228 pro
478 4145 695 4209 Formiana
717 4165 822 4223 saxa,
846 4144 1054 4209 emendatum
1079 4144 1280 4210 aSabellioo
1350 4207 1355 4216 ,

156 4376 179 4444 ¹)
198 4375 318 4430 Prorsus
336 4375 396 4431 sine
414 4393 498 4431 causa
516 4379 545 4432 et
561 4393 650 4447 prave
667 4376 911 4432 Weissenbornius
929 4376 1018 4431 haud
1035 4393 1143 4447 pauca
1160 4375 1281 4446 scripsit.
