2994 5108
92 47 151 102 bib.
168 45 253 99 XXX.
634 31 696 94 436

89 225 180 283 tasse
210 216 420 282 scribendum
443 222 509 281 est:
531 252 575 261 —
597 216 636 280 in
666 236 802 282 omnes
830 235 952 282 casus
982 236 1080 296 sum,
1110 234 1244 298 quum,

89 348 208 410 quem
230 360 273 371 -
294 331 570 403 tremuerunt,
598 323 664 389 hic
687 321 857 407 cernas]

67 445 77 514 t
181 433 260 518 Cap.
286 437 336 513 32,
361 439 379 498 5
403 432 458 514 (de
481 433 599 497 animis
620 432 776 513 militum,
805 454 905 516 quum
933 432 1096 518 proelium
1116 431 1161 499 ad
1183 430 1245 499 Za·

89 565 177 608 mam
198 542 313 608 inituri
335 541 458 620 erant):
490 540 951 624 contemplantibusque
977 540 1094 607 modo
1122 536 1244 621 susm,

91 651 205 716 modo
240 650 419 716 hostium
453 651 599 727 aciem,
638 670 755 730 quum
794 647 927 714 oculis
967 648 1093 731 magis
1127 667 1245 733 quam

90 760 256 824 ratione
281 765 507 842 pensarent
530 757 654 835 vires,
682 755 801 822 simul
823 756 927 836 laeta,
955 757 1075 822 simul
1096 756 1246 822 tristia

91 866 435 933 obversabantur.
491 864 526 930 Si
555 864 667 930 stolidi
691 864 808 943 oculis,
844 885 909 929 non
932 865 1077 945 ratione,
1109 884 1246 950 pensas·

90 981 164 1040 sent
192 974 292 1051 vires,
326 971 408 1037 nihil
441 972 530 1037 aliud
563 973 627 1038 nisi
661 994 793 1037 suorum
828 978 861 1037 et
893 970 1038 1038 hostium
1066 972 1247 1039 multitudo

91 1083 306 1161 occurrisset;
340 1080 525 1146 mirandum
560 1087 671 1145 tamen
701 1087 802 1161 esset,
835 1100 893 1145 cur
924 1080 1036 1145 Livius
1062 1080 1151 1146 hunc
1178 1086 1246 1147 stu·

91 1212 205 1273 porem
228 1190 536 1254 commemoratione
559 1188 693 1272 dignum
716 1194 876 1271 putasset.
925 1186 990 1255 Sed
1013 1195 1048 1254 et
1068 1208 1142 1271 quae
1163 1210 1247 1274 prae·

92 1297 214 1363 cedunt
247 1302 280 1361 et
313 1318 385 1378 quae
419 1302 618 1378 sequuntur,
653 1295 845 1376 ostendunt,
879 1317 954 1361 eum
985 1296 1049 1362 hoe
1079 1316 1245 1375 narrasse,

91 1406 231 1471 militum
259 1405 376 1470 animis
404 1406 507 1469 totius
535 1404 615 1468 belli
642 1405 778 1487 eiusque
806 1424 941 1469 casuum
969 1404 1162 1470 memoriam
1188 1404 1246 1471 ob·

90 1520 256 1579 versatam
290 1534 362 1579 esse
391 1533 513 1596 eosque
543 1513 631 1577 varie
660 1510 816 1577 affecisse.
872 1510 989 1595 ltaque
1018 1519 1096 1579 ante
1123 1512 1246 1579 multos

91 1643 196 1687 annos
227 1621 463 1686 adnotaveram
497 1619 706 1685 scribendum
735 1640 822 1685 esse:
857 1641 975 1703 quum
1010 1639 1084 1683 m
1112 1619 1246 1686 oculis

91 1730 217 1813 magis
240 1749 355 1813 quam
378 1729 542 1793 ratione
564 1734 784 1811 pensarent
807 1729 930 1809 vires;
964 1728 1118 1812 idemque
1140 1728 1246 1795 Weis-

91 1838 268 1904 senbomio
297 1838 331 1901 in
359 1844 500 1901 mentem
529 1837 672 1914 venisse,
706 1856 792 1900 nuuc
821 1836 930 1916 video,
963 1858 1023 1901 nec
1050 1842 1165 1903 tamen
1191 1834 1245 1902 lir-

92 1947 188 2011 miter
216 1943 476 2028 conprehensum
505 1964 586 2009 esse.
643 1941 788 2007 Similem
819 1944 978 2009 orationis
1007 1942 1148 2010 formam
1176 1944 1246 2011 baec

91 2053 216 2117 habent
249 2052 282 2116 in
315 2051 422 2130 XLII,
459 2055 513 2131 14,
548 2055 582 2114 2:
621 2053 927 2134 praeoccupatis
966 2072 1045 2117 non
1077 2052 1246 2119 auribus

92 2161 220 2243 magis
268 2179 386 2243 quam
433 2159 586 2223 animis.
649 2156 854 2223 Contrarium
902 2159 1101 2226 sententiam
1138 2160 1247 2227 Livius

91 2269 203 2352 posuit
225 2267 280 2347 VI,
305 2270 354 2346 13,
382 2272 413 2330 l:
448 2265 672 2331 multitudo
699 2265 896 2347 hostium,
925 2266 1027 2333 nulli
1056 2269 1117 2334 rei
1146 2290 1246 2354 prae-

91 2383 277 2458 terquam
315 2395 480 2439 numero
522 2374 636 2438 freta
675 2381 714 2438 et
752 2373 886 2439 oculis
918 2383 1135 2460 utramque
1167 2396 1247 2443 me·

92 2485 201 2548 tiens
225 2484 365 2547 aciem.

6 2603 78 2672 (356)
182 2588 262 2674 Cap.
287 2594 343 2669 35,
371 2595 391 2653 4
420 2596 453 2654 et
482 2594 517 2654 5:
550 2589 756 2654 Hannibal
778 2624 821 2633 -
844 2589 1135 2656 Hadrumetum
1156 2612 1247 2677 per·

91 2699 214 2781 fugit,
248 2699 381 2762 omnia
409 2705 449 2761 et
478 2699 516 2761 iu
547 2698 706 2780 proelio
738 2704 778 2762 et
806 2705 903 2764 ante
928 2699 1073 2778 aciem,
1104 2700 1247 2783 prius-

93 2828 210 2888 quam
246 2804 467 2870 excederet
499 2826 644 2888 pugua‚
680 2812 880 2888 expertus
910 2813 949 2870 et
977 2805 1248 2874 confessione

93 2916 217 2978 etiam
256 2912 465 2995 Scipionis
511 2913 769 2994 omniumque
817 2915 1047 2997 peritorum
1085 2916 1249 2981 militiae

94 3042 244 3085 omnem
266 3020 379 3085 illam
402 3020 559 3084 laudem
583 3019 765 3102 adeptus,
788 3020 988 3104 singulari
1012 3028 1099 3087 arte
1123 3024 1250 3089 aciem

93 3150 139 3193 eo
163 3129 225 3192 die
248 3128 513 3193 instruxisse.
555 3126 608 3191 Sic
631 3128 771 3208 codices,
794 3130 859 3193 nisi
882 3129 970 3211 quod
991 3129 1250 3214 Bambergensis

74 3236 172 3315 .(n0n
201 3234 240 3317 C)
269 3242 302 3299 et
329 3235 417 3318 Lips.
448 3242 486 3300 et
519 3242 595 3317 post
627 3236 792 3318 proelio
828 3237 998 3318 omittunt3
1031 3237 1090 3302 sed
1124 3237 1251 3305 frustra

92 3342 205 3425 figurae
228 3343 384 3406 auxilium
408 3341 588 3405 advocatur
610 3343 644 3406 in
667 3343 881 3408 defendendis
898 3344 964 3409 illis
984 3352 1078 3410 ante
1102 3347 1251 3425 aciem3
1362 3346 1388 3401 ἕ
1471 3331 1487 3360 ⁸

92 3472 168 3514 nam
208 3456 246 3514 ut
279 3449 389 3513 Livius
431 3449 587 3532 temporis
627 3450 775 3514 ordinem
809 3452 996 3531 inverterit,
1036 3460 1152 3519 tamen
1185 3476 1252 3521 non

92 3558 202 3639 potuit
240 3557 442 3640 interpositis
484 3556 548 3621 illis
588 3564 684 3621 ante
725 3559 854 3621 aciem
888 3580 1042 3641 separare
1076 3581 1134 3639 ea,
1177 3582 1252 3645 quae

93 3664 275 3728 arctissime
299 3663 479 3738 coherent:
509 3666 547 3727 in
570 3664 740 3746 proelio,
764 3666 1001 3749 priusquam
1026 3668 1252 3736 excederet

93 3790 240 3853 pugna3
269 3777 303 3835 et
332 3791 404 3851 quae
434 3779 527 3835 ante
555 3772 679 3835 aciem
702 3771 867 3837 Hannibal
896 3773 939 3839 ad
966 3774 1165 3841 vincendum
1196 3800 1252 3843 ex·

92 3882 206 3957 pertus
234 3883 286 3939 est
315 3874 405 3954 (nam
433 3900 472 3942 ea
499 3878 570 3942 sola
597 3900 650 3942 res
673 3878 726 3942 hic
749 3880 867 3962 agitur,
892 3881 1034 3947 exclusis
1057 3881 1141 3964 illis,
1177 3906 1252 3968 quae
