3000 5116
694 481 754 543 325
1118 497 1180 552 mu
1200 473 1302 555 irxm

146 667 206 731 ita
241 667 419 748 lupam
453 664 580 743 bello,
614 666 718 748 quod
749 674 811 733 cet.
868 667 1022 751 [Frustra
1049 690 1088 733 ex
1117 670 1168 735 his
1199 673 1303 736 satis

145 774 309 839 firmum
345 773 558 858 praesidem
587 774 692 838 solum
721 774 881 840 firmum
910 776 1024 841 audire
1053 785 1214 842 conantur
1242 801 1303 844 nee

144 882 288 947 firmus
310 882 418 947 bello
440 881 551 946 dativo
574 901 653 946 oasu
677 884 724 946 sic
748 882 892 966 dieitur]
938 883 1050 964 (Initio
1073 888 1198 969 eapitis.
1214 886 1245 969 (ἓ
1268 889 1301 968 2)

144 990 288 1056 fortasse
316 989 526 1055 scribendum
549 989 795 1056 firmandum
819 991 903 1057 fide
928 991 1087 1074 (foedus);
1121 994 1192 1057 iure
1216 997 1302 1059 enim

144 1097 279 1164 Dukero
306 1099 451 1164 insolens
480 1098 611 1163 videtur
638 1098 811 1164 firmare
839 1099 963 1165 fidem
985 1100 1165 1166 alieuius
1189 1101 1229 1166 de
1253 1123 1304 1183 eo,

144 1209 203 1290 qni
226 1209 278 1272 ius
301 1207 476 1271 iurandum
499 1207 541 1272 ab
564 1227 603 1271 eo
627 1209 756 1290 accipit,
779 1229 839 1273 neo
862 1208 1012 1291 exempla
1034 1216 1149 1274 eontra
1171 1210 1303 1294 prolata

144 1336 215 1380 rem
238 1315 415 1399 attingunt.
464 1315 571 1397 1862.)

232 1422 395 1508 Caper,
433 1428 469 1486 11
505 1423 546 1487 de
575 1423 623 1487 li.
654 1421 838 1507 Sempronii
872 1425 974 1507 Longi
1008 1424 1050 1488 ad
1080 1424 1298 1491 Grumentum
1317 1436 1388 1510 (att)

145 1553 220 1598 eum
243 1530 428 1596 Hannibale
451 1531 578 1614 proelio
601 1532 649 1595 sic
672 1532 905 1597 scribitur:-
862 1552 1119 1616 —prospere
1141 1540 1301 1617 pugnat.

146 1640 280 1724 Supra
318 1640 395 1705 duo
434 1639 567 1703 millia
599 1638 799 1704 hominum
839 1640 996 1706 oceidit
1030 1647 1069 1705 et
1102 1640 1300 1706 ducentos

143 1748 361 1830 octoginta
387 1747 544 1812 milites
573 1748 725 1825 amisit,
760 1750 876 1831 signa
903 1749 1107 1813 militaria
1134 1749 1182 1814 ad
1205 1770 1301 1833 qoa-

147 1857 341 1940 draginta
385 1876 500 1919 unum
542 1856 660 1938 oepit.
729 1854 808 1932 Quis
852 1878 918 1922 non
959 1858 1073 1934 sentit,
1120 1858 1153 1920 in
1194 1857 1302 1922 decla·

146 1965 249 2030 raudo
283 1984 443 2048 prospero
471 1961 588 2046 proelii
622 1972 739 2027 eventu
768 1965 909 2048 permira
939 1984 1013 2028 oum
1042 1963 1187 2030 bostium
1217 1966 1301 2031 ocei-

147 2092 258 2138 sorum
296 2092 431 2136 numero
469 2071 618 2154 copulari
652 2070 718 2152 (et)
753 2074 947 2136 amissorum
982 2073 1083 2155 ipsius
1118 2073 1303 2156 Sempronii

146 2181 286 2245 militnm
315 2200 485 2243 nnmerum
509 2179 566 2260 (-
587 2186 677 2244 recte
706 2181 792 2244 enim
821 2181 1024 2264 comparatio
1054 2182 1130 2263 poni
1153 2189 1300 2264 poterat:

146 2309 264 2372 quum
291 2288 379 2373 ipse
402 2308 478 2352 non
501 2287 588 2370 plus
612 2285 811 2351 CCLXXX
834 2287 991 2353 milites
1014 2289 1223 2354 amisisset
1244 2289 1301 2371 -)

146 2408 179 2462 et
206 2397 371 2480 interponi
399 2397 485 2460 inter
514 2416 673 2461 caesorum
701 2397 846 2461 hostium
874 2403 908 2462 et
939 2405 1111 2481 captorum
1134 2399 1301 2479 signorum

144 2505 368 2571 mentionem?
406 2503 616 2569 Manifestum
651 2512 718 2581 est,
752 2507 785 2568 ni
814 2505 924 2583 fallor,
959 2505 1085 2570 Livium
1113 2507 1300 2588 scripsisse:

146 2618 280 2698 Supra
311 2612 385 2677 MM
420 2611 619 2677 bominum
654 2612 808 2677 oceidit
841 2621 879 2679 et
906 2611 1107 2678 CCLXXX
1140 2614 1302 2694 milites,

144 2724 264 2807 signa
290 2722 495 2786 militaria
522 2720 570 2785 ad
598 2718 684 2783 XLI
713 2721 838 2804 cepit,
873 2721 915 2786 ab
944 2721 1054 2802 aliquo
1083 2729 1208 2800 autem,
1244 2723 1301 2805 qui

143 2851 211 2897 non
237 2829 541 2906 animadvertisset,
576 2829 720 2892 medium
754 2847 884 2912 quoque
918 2850 1091 2894 numerum
1120 2830 1163 2894 ad
1192 2831 1302 2914 oepit

142 2939 324 3023 pertinere,
368 2947 403 3002 et
448 2958 544 3002 suum
585 2936 742 3020 quodque
781 2921 962 3001 membrum
1001 2937 1165 3001 verbnm
1177 2937 1301 3002 habere

93 3127 96 3130 μ
142 3046 315 3125 voluisset,
344 3044 494 3110 additum
524 3065 596 3109 esse
621 3046 770 3110 amisit.
827 3046 1005 3128 Apparet
996 3065 1077 3122 ram,
1109 3064 1167 3110 eur
1191 3043 1302 3110 Livius

144 3162 222 3239 post
254 3153 454 3220 bominum
490 3152 657 3218 addiderit
686 3153 860 3231 milites3
894 3153 1096 3217 eontrarium
1124 3155 1211 3217 enim
1238 3153 1301 3218 bo‘o

146 3262 250 3345 signis
279 3261 322 3327 ad
350 3261 437 3326 idem
465 3262 601 3326 verbnm
624 3260 764 3345 (cepit)
786 3260 946 3341 refertum
979 3261 1013 3324 in
1042 3259 1176 3344 vulgata
1198 3262 1302 3344 serip-

143 3378 221 3437 tnra
254 3370 371 3435 vitiose
404 3369 652 3452 distinguuntur
685 3369 833 3434 homines
867 3369 984 3448 occisi,
1023 3367 1107 3432 milit
1094 3370 1144 3433 tes
1177 3369 1300 3435 amissi.

142 3478 236 3546 Solet
259 3478 384 3555 Livius,
414 3476 471 3542 ubi
495 3479 589 3560 signa
611 3485 709 3560 capta
732 3485 981 3556 commemorat,
1010 3479 1113 3542 etiam
1132 3464 1300 3541 bominubr

140 3594 312 3678 captorum
335 3586 532 3651 mentionem
555 3585 673 3651 faeere.
697 3586 791 3650 ouius
813 3586 862 3649 rei
884 3587 917 3650 in
940 3593 1086 3650 extrema
1107 3570 1207 3649 buius
1223 3570 1301 3649 libri

140 3702 241 3779 parte
274 3699 435 3777 quattuor
468 3701 545 3758 sunt
579 3693 743 3776 exempla,
784 3694 903 3776 exigna
942 3694 1103 3758 orationis
1136 3695 1298 3759 varietate

139 3803 183 3883 (o.
205 3806 259 3881 40,
285 3806 341 3866 12:
375 3802 458 3867 tria
486 3801 623 3867 millia
645 3810 684 3866 et
707 3801 964 3884 septingenti
987 3801 1101 3883 eapti
1116 3808 1169 3865 et.
1184 3802 1301 3883 signa

139 3910 344 3976 militaria
383 3916 540 3992 septem
574 3916 612 3973 et
643 3910 807 3992 viginti,
841 3914 898 3989 46,
932 3915 968 3990 4,
1007 3914 1063 3986 49,
1100 3913 1135 3971 11
1173 3916 1207 3973 et
1242 3912 1299 3973 13:

139 4037 266 4103 snpra
281 4016 359 4082 duo
379 4019 499 4101 eapte
517 4018 751 4100 eom-signis
770 4016 929 4082 duobus
953 4024 991 4082 et
1009 4012 1300 4101 qua'draginta3

137 4126 198 4193 eir.
211 4124 330 4205 XXIV,
353 4128 405 4205 41,
430 4128 485 4204 10;
508 4128 560 4205 42,
582 4131 601 4189 4
625 4132 658 4191 et
681 4129 710 4203 8,
734 4131 814 4203 tum,
839 4125 895 4190 ubi
919 4104 1133 4210 participium
1156 4130 1300 4207 eaptus

138 4234 339 4319 geminatur,
367 4232 406 4311 X,
439 4219 486 4312 14,
515 4237 566 4310 21,
595 4232 712 4309 XXIV,
746 4237 793 4310 16,
817 4237 846 4308 4,
876 4231 1007 4308 XXXV,
1035 4235 1062 4310 l,
1089 4231 1158 4313 10);
1191 4252 1300 4315 neque

136 4362 219 4407 sane
247 4347 374 4406 veteres
400 4340 569 4405 annalium
597 4339 801 4418 conditores,
835 4341 892 4423 qui
919 4340 980 4403 has
1010 4356 1157 4402 summas
1188 4358 1300 4403 nnme-
