2994 5108
216 513 279 569 nn
296 511 423 568 ravin
718 460 723 469 ’
763 500 827 562 ios

305 683 383 767 Cap.
410 688 458 762 19,
491 687 528 747 13
553 681 607 764 (de
630 683 789 768 Hispanis
813 683 965 766 Iliturgin
989 689 1105 747 contra
1126 683 1295 748 Romanos
1318 680 1378 747 da·

218 791 461 873 fendentibus):
506 790 662 856 feminae
711 791 909 874 puerique
954 811 1077 873 super
1121 791 1246 855 animi
1286 809 1376 855 eor·

219 901 415 984 porisque
453 899 562 964 vires
601 898 763 978 adsunt,
808 897 1090 982 pugnantibus
1127 898 1215 962 tela
1252 898 1374 963 mini-

220 1015 372 1088 strant,
404 1027 501 1072 saxa
529 1007 569 1070 in
596 1013 730 1071 muro's
759 1005 1039 1071 munientibus
1061 1011 1217 1088 gerunt.
1272 1005 1377 1072 Tela

220 1123 254 1181 et
282 1135 381 1180 saxa
409 1120 486 1196 apte
515 1120 547 1178 et
574 1114 747 1197 aequaliter
775 1115 862 1178 inter
890 1135 924 1178 se
947 1112 1166 1196 respondent,
1196 1119 1234 1179 ut
1256 1114 1375 1199 veleb

220 1244 291 1287 eam
331 1242 465 1286 causam
505 1242 604 1285 saxa
641 1223 683 1286 in
723 1243 856 1286 muros
890 1221 1090 1285 coniunctim
1123 1222 1275 1304 accipere
1307 1243 1376 1288 nou

218 1330 318 1395 liceat
347 1328 581 1412 (praterquam
618 1329 706 1412 qnod
734 1329 832 1394 aliter
861 1328 1016 1393 dicuntur
1036 1328 1174 1413 xlintea
1200 1329 1239 1392 in
1267 1329 1375 1411 vela,

220 1459 237 1502 e
267 1436 387 1519 quibus
415 1437 487 1500 vela
515 1458 599 1501 nova
628 1436 734 1519 fiant).
791 1435 855 1502 Sed
883 1435 1166 1520 pugnantibus
1196 1457 1263 1502 non
1290 1440 1375 1504 satis

219 1544 418 1629 respondent
440 1546 680 1622 munientes,
704 1567 769 1609 non
791 1544 916 1624 addito,
940 1544 1019 1626 quid
1041 1545 1227 1609 munierint.
1268 1546 1375 1612 Multo

220 1656 284 1720 erit
324 1654 450 1737 aptius:
500 1652 784 1735 pugnantibus
828 1652 914 1717 tela
962 1652 1220 1732 ministrant,
1273 1674 1375 1719 saxa

219 1770 353 1827 muros
377 1760 653 1825 munientibus
676 1767 829 1841 gerunt.
874 1760 1068 1843 Praepositio
1091 1780 1131 1824 ex
1153 1766 1374 1847 1,utsaepe,

219 1877 309 1935 nata.
360 1866 483 1933 Contra
511 1867 625 1931 eadem
647 1867 851 1932 intercidisse
875 1873 950 1950 post
973 1887 1001 1928 m
1024 1866 1153 1932 videtur
1174 1868 1274 1951 paulo
1297 1877 1375 1937 ante

221 1976 251 2060 (ᾗ
283 1975 353 2057 10),
388 1976 445 2040 ubi
468 1974 753 2040 Weissenbomius
782 1996 799 2039 e
828 1974 996 2039 codicibus
1026 1974 1143 2040 edidit:
1177 1976 1248 2040 sed
1277 1998 1376 2044 snus

219 2086 398 2168 ipsorum
421 2083 679 2147 conscientia
702 2082 830 2165 culpae
852 2089 988 2161 metus,
1011 2082 1155 2147 ablativo
1178 2081 1234 2164 (de
1258 2084 1375 2168 causa)

220 2192 345 2279 durius,
369 2210 467 2274 quam
489 2197 527 2254 ut
548 2189 719 2255 ferendum
742 2189 902 2268 videatur,
926 2189 968 2254 ad
987 2190 1229 2256 substantivum
1247 2199 1376 2259 metus

220 2300 392 2378 adiuncto,
439 2299 640 2381 superiores:
686 2319 732 2362 ex
770 2297 1042 2380 conscientia3
1087 2297 1217 2364 videtur
1256 2300 1376 2367 fuisse:

219 2408 399 2490 ipsorum
421 2405 459 2466 iu
483 2407 739 2470 conscientia
763 2405 888 2488 culpae
911 2406 1085 2486 metus.¹)

306 2512 384 2596 Cap.
403 2517 454 2590 22,
481 2517 528 2592 12,
552 2513 607 2576 ubi
630 2515 663 2576 in
687 2512 855 2576 codicibus
879 2519 943 2576 est:
968 2512 1072 2577 nihil
1095 2514 1232 2593 minus,
1256 2536 1376 2599 quam

221 2627 264 2686 ut
301 2619 440 2702 egredi
473 2620 613 2684 hostes
644 2619 858 2698 auderent,
898 2620 1038 2684 timeri
1072 2627 1256 2703 poterat,
1298 2623 1377 2689 sirn-

220 2728 351 2812 pliciter
379 2727 589 2792 scribendum
617 2732 668 2791 est
699 2748 814 2808 quam
837 2748 884 2791 ne
908 2728 1058 2810 egredi.
1111 2726 1197 2804 Quid
1221 2751 1302 2795 usus
1325 2752 1377 2797 re-

221 2838 382 2919 quireret,
417 2836 481 2900 iam
512 2834 793 2898 Weissenbornius
829 2842 862 2898 et
890 2835 946 2898 alii
976 2835 1185 2901 adnotarent.
1241 2838 1379 2904 Excidit

219 2966 266 3008 ne
296 2946 384 3007 inter
407 2963 435 3004 in
459 2950 492 3006 et
514 2962 544 3021 c,
573 2949 643 3006 tum
675 2942 862 3026 suppletum
891 2948 943 3005 ut.
996 2942 1154 3007 Geminus
1176 2943 1258 3008 Livii
1283 2944 1378 3011 locus

220 3052 277 3130 ΙΙΙ,
302 3056 329 3129 3,
354 3056 372 3114 2
397 3051 636 3115 dubitationem
658 3050 756 3114 tollit.
803 3049 961 3130 (1863.)²)

134 3174 208 3242 (334)
313 3160 389 3242 Cap.
422 3163 477 3236 26,
514 3161 531 3219 7
560 3155 615 3237 (de
649 3158 814 3222 seditiosis
844 3157 1004 3240 Scipionis
1031 3157 1222 3238 militibus):
1256 3159 1379 3227 Haud

26 3270 31 3279 '
220 3267 361 3349 procul
384 3267 460 3329 iam
484 3263 735 3346 Carthagine
759 3265 944 3343 aberant,
976 3286 1092 3345 quum
1115 3300 1157 3311 —
1180 3267 1380 3350 auditum,

220 3380 391 3457 postero
426 3373 489 3436 die
525 3393 674 3436 omnem
709 3372 935 3435 exereitum
969 3394 1054 3436 oum
1083 3374 1125 3438 Μ.
1156 3375 1304 3441 Silano
1338 3378 1380 3441 in

219 3481 446 3544 Lacetanos
474 3479 708 3563 proficisci,
736 3485 814 3543 no'u
843 3487 948 3544 metu
978 3483 1098 3561 omui,
1129 3483 1196 3564 qui
1220 3485 1380 3550 tacitus

219 3588 429 3651 insidebat
458 3587 620 3665 animia,
655 3586 854 3650 liberavit
883 3609 965 3666 eos,
996 3589 1066 3652 sed
1093 3589 1289 3654 laetitiam
1317 3592 1380 3656 in·

220 3702 379 3776 gentem
407 3696 515 3761 fecit.
567 3693 621 3759 Sic
650 3694 793 3773 codiceS,
823 3716 904 3777 quos
929 3696 1215 3762 Weissenbornius
1239 3706 1383 3766 secutus

248 3928 270 3994 ¹)
291 3927 356 3996 Cap.
376 3931 422 3996 20,
447 3931 462 3980 2
482 3930 510 3981 in
529 3929 572 3982 his
591 3929 719 3983 codicum
738 3931 878 4000 vestigiis:
904 3938 935 3984 et
954 3932 1117 3986 Romanis
1141 3933 1383 3990 subeuntibus

289 4030 329 4065 sc.
350 4017 388 4066 tr.
408 4031 505 4082 qnam
529 4013 585 4079 (vol
611 4015 687 4082 qua)
717 4016 812 4068 adire
835 4021 1004 4084 poterant
1031 4017 1149 4072 fortasse
1178 4017 1265 4073 latet:
1295 4021 1383 4078 sala

288 4094 516 4153 subeuntibus
535 4104 666 4163 contra,
685 4119 749 4168 qua
767 4101 861 4154 adire
879 4108 1053 4170 poterant.
1089 4103 1147 4173 [Sic
1164 4103 1273 4173 Aison]

246 4182 270 4248 ²)
289 4180 366 4251 [Cap.
386 4186 432 4249 24,
460 4187 491 4236 10
509 4185 675 4252 simpliciter
699 4186 822 4239 tenenda
845 4193 888 4240 est
911 4187 1052 4255 scriptura
1075 4187 1136 4242 cod.
1157 4186 1218 4256 Sp:
1247 4189 1286 4244 in
1312 4196 1386 4245 sta·

288 4267 402 4321 tiones
426 4286 462 4322 ac
486 4270 626 4337 vigilias
646 4271 765 4323 ordine
783 4271 890 4325 ibant.
933 4271 1002 4324 Pet
1020 4273 1081 4325 edd.
1101 4274 1135 4325 in
1154 4271 1326 4343 ordinem,
1347 4295 1386 4332 ex

288 4368 343 4419 quo
362 4357 537 4407 tentaveram
556 4356 589 4409 in
608 4352 742 4421 orbem]
