2994 5108
219 485 282 551 Lib.
299 485 385 540 XLII.
765 474 828 536 634

222 656 374 723 difficilis.
419 658 539 724 Editur
567 659 666 724 enim:
701 659 1006 743 mittendosque
1035 659 1084 724 ad
1116 681 1248 743 regem
1272 659 1373 743 (Gen-

220 767 302 831 tium
320 765 445 849 patres)
465 768 628 850 legatos
652 772 912 845 censuerunt,
936 769 1003 851 qui
1026 768 1281 849 nuntiarent,
1305 771 1372 853 qui

222 876 323 939 sccii
358 884 626 958 quererentur
648 875 754 958 apud
783 883 981 954 senatum,
1011 881 1196 940 exustum
1230 898 1252 942 a
1279 899 1371 963 rege

220 1001 372 1063 agrum,
407 1004 482 1048 non
502 1005 657 1067 ,equum
680 1004 767 1048 eum
788 983 939 1062 faeere,
970 984 1037 1067 qui
1060 984 1108 1049 ab
1133 985 1262 1049 sociis
1286 987 1370 1051 snis

220 1111 295 1154 non
319 1091 548 1156 abstineret
570 1092 768 1156 iniuriam.
813 1090 954 1156 Etiamsi
977 1112 1050 1156 cum
1073 1091 1238 1158 Gronovio
1264 1094 1367 1177 quod
1430 1102 1435 1114 '

222 1199 324 1262 socii
348 1199 473 1264 scribas
497 1199 581 1281 (sine
605 1221 669 1281 quo
692 1200 800 1264 oratio
822 1221 887 1265 non
910 1199 1083 1280 cohaeret),
1117 1202 1229 1284 inepte
1259 1208 1369 1268 tamen

135 1313 204 1385 (tea)
222 1312 355 1371 senatus
378 1307 411 1370 in
435 1308 568 1372 decreto
591 1307 754 1372 rhetorice
777 1313 911 1373 ustum
939 1329 1056 1391 agrum
1080 1309 1183 1385 dicat,
1214 1312 1369 1392 quiante

218 1413 253 1478 in
276 1414 416 1498 querelis
446 1416 623 1499 populatus
653 1415 784 1495 dicitur,
820 1423 1000 1481 exustum
1022 1436 1159 1499 agrum
1182 1438 1279 1483 neme
1301 1441 1369 1483 uin·

219 1544 318 1607 quam
341 1522 437 1602 dixit3
459 1525 487 1588 is
511 1525 597 1590 enim
619 1525 692 1606 igne
716 1530 931 1608 consumptus
954 1524 1209 1607 intellegeretur.
1256 1526 1293 1591 ln
1317 1546 1369 1592 cc·

219 1630 291 1695 dice
309 1639 373 1697 est:
391 1633 482 1715 quis
501 1633 603 1697 sccii
622 1638 891 1715 quererentur
908 1638 1094 1697 senatum
1112 1640 1369 1700 exustumare

218 1760 293 1804 non
327 1761 446 1805 aecum
480 1761 565 1805 eum
598 1739 751 1820 facere,
785 1745 845 1805 cet.
897 1739 1141 1824 Praepusitionis
1176 1741 1281 1825 apud
1314 1751 1369 1808 aut

219 1849 416 1914 substantivi
450 1870 586 1932 agrum
619 1848 790 1931 vestigium
823 1847 949 1913 nullum
983 1854 1042 1912 est.
1088 1848 1224 1915 Duabus
1247 1850 1368 1916 litteris

217 1959 356 2022 mutatis
378 1956 431 2022 fit:
466 1959 533 2040 qui
555 1957 810 2035 nuntiarent,
841 1955 931 2034 qnid
954 1957 1054 2021 socii
1078 1966 1367 2039 quererentur3

219 2072 403 2130 senatum
425 2064 674 2143 existumare,
707 2086 783 2129 nen
817 2084 967 2146 aequum
996 2086 1081 2129 eum
1115 2064 1268 2146 facere,
1302 2067 1367 2153 qui

218 2173 265 2238 ab
300 2174 425 2240 sociis
449 2194 473 2237 s.
498 2195 527 2236 n.
551 2193 580 2235 a.
603 2173 669 2237 ini.
715 2172 821 2237 Notus
855 2180 905 2238 est
938 2172 1112 2237 verborum
1146 2174 1366 2256 existimandi,

218 2281 414 2359 arbitrandi,
438 2280 591 2345 censendi
614 2282 647 2345 in
672 2279 813 2345 decretis
840 2301 934 2360 usns3
959 2281 1228 2347 existumabit
1260 2292 1367 2349 vetere

217 2391 344 2455 ratione
379 2390 537 2473 scriptum
571 2391 603 2453 in
637 2389 748 2454 codice
772 2410 799 2453 c.
823 2392 872 2468 29,
897 2393 925 2453 6.
970 2386 1029 2485 §¹7
1064 2398 1250 2472 sequnntur
1283 2392 1365 2457 haec:

216 2497 273 2562 Ex
296 2498 390 2562 Asia
411 2533 454 2542 -—
476 2497 603 2580 legati
625 2496 848 2576 redierunt,
873 2498 940 2579 qui
964 2500 1275 2578 renuntiarunt,
1297 2500 1364 2564 Eu·

217 2627 367 2671 menem
387 2608 427 2670 in
450 2627 508 2684 ea,
542 2605 786 2671 Antiochum
813 2607 852 2670 in
886 2604 1013 2689 Syria,
1047 2606 1366 2673 Ptolemaenmin

217 2715 469 2779 Alexandria
503 2735 590 2778 sese
625 2715 874 2778 convenisse.
920 2713 956 2777 ln
987 2714 1098 2779 codiee
1127 2716 1174 2779 sic
1199 2717 1363 2781 scribitur:

216 2860 258 2868 —
282 2830 413 2898 erant,
448 2823 664 2886 redierunt
691 2823 815 2904 legati
839 2823 906 2903 qui
929 2823 1143 2887 redierunt
1167 2824 1363 2889 Eumenen

216 2934 281 2997 ine
316 2932 558 2996 Antlriccum
592 2938 651 2994 cet.
704 2931 799 3008 Quod
833 2931 1115 2995 ll'eissenbcrnius
1156 2953 1215 3015 pro
1250 2936 1288 2997 in
1321 2953 1363 2997 ea

217 3043 307 3121 (nam
332 3041 472 3105 alterum
495 3059 513 3102 a
536 3041 567 3102 in
593 3039 662 3103 cod.
687 3040 853 3104 intercidit
876 3047 952 3103 ante
976 3040 1112 3104 eandem
1136 3039 1296 3122 litteram)
1316 3062 1363 3105 re·

216 3150 417 3214 stituendurn
440 3148 503 3212 leci
526 3169 643 3212 nornen
668 3154 776 3231 putat,
805 3148 861 3212 nbi
885 3147 1062 3212 Eumenem
1086 3149 1187 3230 legati
1210 3170 1363 3214 convene·
1449 3171 1457 3180 ·

215 3259 297 3334 rint,
322 3279 361 3320 ea
386 3257 578 3338 significatio
604 3258 685 3319 setis
708 3258 793 3320 inest
822 3258 855 3319 in
888 3255 944 3319 illc
975 3259 1177 3338 pronomine.
1223 3259 1306 3322 Nam
1328 3279 1364 3321 ex
1435 3264 1457 3305 -“

215 3365 296 3429 Asia
315 3386 362 3443 ea,
384 3386 455 3446 quae
473 3366 604 3447 proprie
624 3373 656 3428 et
675 3366 836 3447 praecipue
856 3364 1095 3447 appellabatur,
1112 3366 1238 3430 redisse
1258 3367 1363 3430 dicun·
1440 3383 1457 3393 ·

214 3479 269 3536 tur
292 3472 438 3537 Eumene
472 3472 517 3535 ibi
552 3472 758 3553 conventu1)
803 3473 972 3536 Postremo
1008 3472 1075 3553 3¹8,
1110 3475 1166 3537 ubi
1201 3476 1236 3539 in
1271 3475 1362 3539 editis
1451 3504 1456 3511 ·

215 3581 383 3645 scribitur:
408 3588 446 3644 et
469 3582 661 3645 civitates
684 3582 822 3645 socias
840 3581 990 3661 adisse,
1016 3590 1178 3647 ceteras
1197 3587 1300 3648 satis
1322 3581 1362 3646 fi·
1444 3599 1456 3607 ·

216 3688 301 3766 das,
342 3688 448 3752 salos
484 3689 665 3753 Rhodios
707 3688 958 3753 fluctuantes
1000 3725 1041 3733 -
1075 3691 1298 3759 invenisse,
1331 3692 1361 3754 in

215 3796 284 3860 ced.
309 3805 372 3861 est:
397 3797 499 3860 satis
528 3796 636 3860 fidas
666 3798 801 3863 socios
829 3797 1063 3877 fluctuatis;
1092 3800 1361 3882 opertuit'scrip·

241 4094 261 4157 ¹]
281 4095 318 4147 In
337 4097 550 4152 Alexandria
575 4116 626 4167 pre
646 4099 861 4153 Alexandriae
889 4108 985 4153 natum
1010 4107 1052 4153 est
1077 4119 1111 4154 ex
1138 4103 1236 4156 ultima
1263 4103 1351 4155 littera

283 4183 403 4234 neminis
432 4184 670 4251 Ptolemaeum,
699 4186 878 4252 praecedente
904 4187 1062 4253 praesertim
1086 4188 1130 4241 bis
1152 4189 1194 4242 in.
1232 4187 1308 4255 Quod
1329 4187 1355 4238 in

284 4265 382 4334 Syria
400 4270 545 4335 praecedit,
564 4270 627 4322 ideo
643 4287 699 4323 nnn
714 4272 802 4338 magis
822 4271 877 4323 dici
891 4272 982 4338 putuit
1002 4273 1036 4326 in
1054 4273 1265 4328 Alexandria
1281 4288 1356 4342 qnam

283 4350 392 4404 Roma
413 4352 730 4422 Syracusarumque
748 4374 799 4425 pro
818 4357 931 4410 llcmae
950 4356 1209 4428 Syraeuaieque.
