2994 5108
214 482 342 538 Lib..IV.
766 472 825 534 112

215 655 385 723 Nomina
418 654 630 722 consulum
662 656 804 722 horum
839 655 1025 722 Licinius
1058 654 1193 721 Macer
1225 659 1373 720 auctor

215 768 277 829 est
299 769 362 829 cet.
406 764 633 849 Relinquitur:
657 763 849 830 suffectis
871 763 935 830 his
958 784 1059 831 coss.
1082 762 1373 847 pretermissa

213 871 355 956 Scripsit
376 872 478 956 igitur
500 872 625 938 Livius:
661 870 804 953 (lredc,
833 872 941 957 quod
962 871 1123 938 tribuni
1144 870 1224 937 mil.
1247 870 1375 936 initio

216 978 311 1045 anni
339 977 523 1059 fuerunt,
557 979 727 1065 perinde
761 1001 805 1046 ac
841 982 876 1046 si
904 986 1033 1046 totum
1064 977 1107 1062 [V
1129 978 1300 1064 perinde
1328 997 1376 1044 ac

214 1092 356 1166 totum,
384 1094 422 1153 ut
444 1087 485 1167 11,
513 1092 565 1169 58,
592 1093 619 1168 l,
642 1088 712 1169 VII,
736 1092 765 1169 3,
789 1093 816 1170 9,
840 1087 989 1169 XXVIII,
1013 1091 1064 1168 38,
1089 1085 1143 1171 10]
1167 1107 1312 1152 annum
1334 1086 1375 1151 in

214 1196 388 1279 imperio
427 1193 601 1276 fuerint,
642 1195 845 1263 suffectos
884 1197 935 1262 iis
975 1194 1166 1264 consules
1200 1200 1374 1279 prater-

213 1303 370 1369 missos.
417 1302 525 1381 Quum
548 1301 750 1370 suffectos
774 1304 863 1386 (nam
885 1326 985 1372 coss.
1003 1310 1085 1372 nota
1106 1302 1264 1387 ambigua
1285 1300 1374 1384 erat)

213 1431 326 1476 errore
350 1410 394 1476 ad
417 1412 468 1476 iis
485 1411 770 1478 accommodatum
787 1419 884 1492 esset,
907 1413 1220 1498 praetermissos,
1242 1416 1281 1475 ut
1299 1430 1377 1475 cum

213 1542 269 1597 co,
304 1518 392 1602 quod
415 1518 630 1603 sequebatur,
664 1519 871 1585 substantivo
902 1518 1085 1601 (nomina)
1109 1519 1375 1602 coniungeretur,

211 1629 247 1691 in
275 1629 550 1711 praetermissa
576 1632 741 1692 mutatum
770 1633 829 1694 est.
885 1627 1047 1694 Tenemus
1069 1627 1188 1712 igitur,
1215 1631 1254 1691 ut
1275 1625 1375 1691 initio

212 1735 293 1813 dixi,
321 1733 376 1800 hic
400 1754 532 1820 quoque
558 1734 610 1816 (ut
626 1734 685 1816 III,
710 1739 759 1815 38,
786 1734 839 1817 10)
862 1735 1015 1801 mendum
1036 1735 1102 1800 iam
1124 1735 1159 1799 in
1183 1733 1299 1800 codice
1322 1753 1377 1798 ar-

212 1842 356 1927 chetypo
385 1841 641 1927 interpolatione
671 1843 888 1923 occultatum3
921 1844 1056 1909 tertium
1084 1840 1189 1909 simile
1220 1845 1378 1907 occurret

214 1952 427 2031 mcffit

301 2056 380 2143 (lap.
405 2062 434 2137 8,
457 2063 492 2122 2:
523 2058 631 2123 Idem
653 2058 718 2124 hic
741 2080 868 2124 annus
891 2078 1071 2123 censurae
1093 2059 1262 2123 initium
1284 2057 1377 2138 fuit,

214 2168 274 2231 rei
297 2187 318 2232 a
340 2186 466 2250 parva
490 2167 648 2249 origine
672 2173 784 2245 ortae,
813 2186 896 2248 quae
924 2165 1070 2231 deinde
1099 2171 1218 2232 tanto
1242 2166 1377 2231 incre·

213 2279 349 2339 mento
374 2279 496 2338 aucta
519 2280 592 2354 est,
615 2280 658 2338 ut
679 2294 829 2340 morum
853 2273 1163 2358 disciplinaque
1185 2274 1377 2338 Romana

215 2402 340 2464 penes
364 2402 447 2447 eam
470 2381 663 2465 regimen,
692 2387 858 2446 senatus
882 2381 1145 2465 equitumque
1168 2381 1377 2461 centuriae,

216 2489 380 2555 decoris
415 2487 713 2574 dedecorisque
748 2487 965 2554 discrimen
994 2488 1065 2554 sub
1095 2488 1259 2554 dicione
1288 2489 1379 2555 eius

216 2597 503 2680 magistratus,
532 2596 791 2681 publicorum
813 2598 876 2661 ius
899 2597 1240 2680 privatorumque
1262 2596 1382 2662 loco·

217 2724 317 2785 rum,
350 2704 576 2788 vectigalia
598 2705 739 2789 populi
762 2705 930 2770 Romani
953 2704 1026 2769 sub
1049 2710 1149 2770 nutu
1172 2711 1296 2786 atque
1320 2724 1382 2769 ar·

216 2813 344 2878 bitrio
379 2817 527 2877 essent.
591 2810 654 2889 Qui
687 2811 863 2895 diligenter
897 2812 1091 2894 attenderit,
1125 2811 1382 2891 animadvertet,

146 2938 202 3006 193)
221 2921 306 2986 male
340 2920 492 3004 componi
525 2940 591 2984 una
624 2922 707 2985 serie
741 2919 811 2984 hacc
843 2921 923 2985 tria:
959 2926 1157 2999 senatum,
1191 2921 1382 3002 equitum

218 3030 437 3106 centurias,
468 3027 632 3093 decoris
656 3027 951 3111 dedecorisque
974 3025 1205 3108 discrimen,
1227 3025 1292 3094 hoc
1316 3034 1382 3109 est,

218 3137 350 3203 ordines
373 3140 407 3200 ct
428 3135 578 3200 homines
603 3155 675 3200 cum
699 3135 837 3199 actione.
887 3134 1014 3200 Deinde
1044 3134 1130 3199 falso
1155 3136 1287 3202 omnino
1313 3157 1382 3201 se·

218 3251 337 3309 natus
367 3242 437 3307 sub
468 3242 629 3307 dicione
659 3262 836 3306 censurae
858 3241 960 3307 fuisse
984 3241 1121 3323 dicitur,
1150 3262 1228 3307 nam
1251 3244 1286 3308 in
1311 3245 1383 3309 sin-

217 3350 370 3433 gulorum
409 3349 568 3433 dignitate
603 3349 827 3416 conservanda
858 3349 1075 3414 minuendave
1109 3370 1285 3416 censorum
1319 3372 1384 3437 po·

218 3463 325 3523 testas
355 3461 444 3536 erat,
477 3476 498 3521 a
526 3462 663 3522 senatus
693 3458 822 3523 actione
852 3462 887 3521 et
908 3455 1053 3522 consiliis
1075 3457 1230 3542 regendis
1253 3457 1384 3543 longis·

217 3566 299 3630 sime
327 3562 474 3629 aberant.
531 3563 615 3629 Tum
651 3563 809 3629 decoris
844 3571 883 3628 et
917 3563 1132 3630 dedecoris
1160 3564 1281 3646 (omnis
1311 3587 1384 3633 om·

219 3670 324 3753 nium)
353 3671 529 3736 discrimen
557 3671 654 3736 nimis
682 3670 809 3737 infinite
833 3670 961 3736 dicitur.
1012 3670 1185 3739 Postremo
1207 3674 1242 3739 in
1265 3674 1386 3741 codice

217 3780 398 3863 archetypo
422 3777 613 3860 (MPLrffl,
647 3779 747 3843 etiam
776 3778 997 3844 deterioribus
1024 3779 1189 3862 pluribus)
1218 3783 1387 3868 scriptum

218 3893 292 3954 erat
319 3887 535 3963 centuriis,
570 3886 657 3967 quod
686 3886 850 3968 quomodo
879 3885 910 3949 h.
934 3885 955 3948 l.
980 3907 1020 3949 ex
1047 3890 1246 3954 centuriae
1274 3888 1386 3975 (quod

217 3997 251 4059 in
288 3993 417 4059 duobus
454 3993 757 4077 interpolatissimis
786 3994 925 4076 reperiri
953 3993 1098 4075 videtur3
1132 4015 1210 4060 nam
1238 3997 1274 4061 in
1304 3996 1386 4065 ediis

218 4108 270 4168 cst
304 4099 602 4181 centuriarum)
638 4101 716 4164 oriri
750 4101 910 4183 potuerit,
950 4122 1046 4166 nemo
1079 4101 1178 4167 facile
1212 4104 1385 4189 expediet.

216 4209 283 4274 Sed
306 4215 383 4291 post
404 4208 593 4289 regimen
617 4207 739 4271 excidit
760 4209 808 4272 in.
859 4206 1045 4290 Scripserat
1066 4211 1153 4275 enim
1178 4210 1310 4279 Livius:
1342 4214 1387 4281 in

217 4322 366 4381 senatu
390 4315 654 4399 equitumque
678 4316 878 4380 centuriis
896 4314 1056 4382 decoris
1075 4317 1388 4407 dedecorisque
