2994 5108
221 479 283 534 usu.
301 480 384 534 xiv.
575 464 581 474 '
764 470 825 531 748

220 652 379 735 adfero¹)‚
402 653 611 719 manifestum
634 653 786 719 mendum
809 654 842 718 in
866 652 882 737 ἓ
913 659 967 720 14:
1001 655 1082 719 Rex
1110 650 1368 718 Macedonum

219 762 388 827 Perseus
413 783 495 827 cum
518 762 661 827 liberis
687 771 725 828 et
749 763 867 828 turba
890 762 973 828 alia
994 763 1266 847 captivorum,
1288 781 1367 842 spo-

219 870 278 935 lia
300 870 576 949 Macedonum,
599 872 703 937 citra
725 871 875 938 flumen
898 870 1212 954 relinquentur?
1256 869 1367 953 Inepte

219 981 307 1044 enirn
329 988 497 1061 tamquam
516 1001 613 1062 grave
638 987 669 1044 et
687 1001 751 1045 non
769 980 938 1046 ferendum
956 985 1242 1058 commemoratur,
1265 981 1368 1045 citra

218 1086 339 1153 flumen
363 1089 510 1172 captivos
534 1098 565 1152 et
589 1089 695 1172 spolia
711 1088 868 1171 relinqui3
892 1090 995 1173 magis
1013 1087 1056 1152 ad
1074 1088 1122 1151 rei
1139 1085 1368 1170 indignitatem

219 1196 467 1260 monstrandam
490 1196 772 1262 accommodatum
796 1206 898 1277 esset,
925 1198 954 1262 si
982 1208 1075 1261 trans
1103 1194 1227 1260 flumen
1254 1195 1369 1261 relicta

219 1310 252 1367 et
286 1305 422 1388 propius
456 1304 622 1370 admoveri
656 1306 822 1390 prohibita
857 1305 1052 1371 dicerentur.
1103 1303 1141 1368 Iu
1174 1303 1289 1369 codice
1321 1311 1369 1369 est

57 1426 59 1431 ·
134 1414 337 1488 (624)ciroa
358 1411 555 1478 fluminis.
601 1413 813 1480 scribendum
836 1415 874 1477 Ιι
896 1414 979 1495 ripa
1005 1413 1211 1491 fluminis3
1247 1412 1301 1494 (in
1322 1413 1368 1476 in·

218 1522 350 1587 tercidit
384 1521 425 1585 ob
449 1522 686 1604 praecedentem
715 1523 860 1589 litteram
882 1523 936 1603 ι).
981 1521 1032 1586 Ibi
1065 1521 1152 1586 enim
1183 1541 1202 1586 e
1230 1520 1367 1585 navibus

219 1631 308 1695 elata
341 1630 448 1714 spolia
482 1630 734 1714 exspectabant,
767 1640 804 1696 ut
836 1629 1028 1714 triumphali
1062 1638 1160 1713 porta
1191 1630 1225 1693 in
1254 1627 1368 1693 urbem

218 1738 423 1805 veherentur.
485 1737 633 1820 [Rectius
678 1738 856 1804 Vahlenius
895 1741 935 1804 iu
979 1740 1090 1804 circo
1137 1733 1367 1819 Flaminia]

218 1848 371 1912 Proxima
405 1845 436 1929 (ἓ
462 1847 514 1928 15)
549 1869 648 1930 quum
684 1848 717 1911 iu
750 1846 862 1912 codice
897 1849 944 1913 sic
977 1846 1215 1912 scriberentur:
1251 1845 1301 1910 Et
1329 1852 1368 1910 tu

219 1956 405 2020 centurio
439 1955 553 2020 miles
577 1955 721 2037 quibus
750 1956 798 2020 ab
821 1958 910 2039 imp.
941 1956 1068 2020 Paulo
1095 1954 1275 2019 donatus
1305 1953 1368 2018 de·

219 2065 350 2129 crevit
394 2065 533 2148 potius
578 2084 693 2146 quam
739 2063 908 2130 Servius
950 2063 1081 2129 Galba
1123 2060 1369 2127 fabulentur

219 2172 336 2238 audis
371 2179 409 2237 et
441 2172 517 2237 hoc
551 2172 684 2238 dicere
718 2192 774 2236 me
808 2173 948 2255 potius
978 2191 1098 2255 quam
1126 2170 1242 2235 illum
1266 2170 1368 2249 audi,

220 2280 378 2366 Grpuaeus
403 2301 537 2363 prorsus
560 2280 733 2345 infeliciter
760 2282 806 2345 sic
828 2278 1055 2364 interpolavit,
1082 2300 1102 2344 a
1131 2278 1245 2344 codice
1275 2277 1369 2362 longe

220 2390 407 2454 discedens:
431 2389 479 2454 Et
502 2399 551 2468 tu,
577 2390 773 2467 centurio,
798 2389 926 2466 miles,
941 2389 1043 2470 quid
1062 2387 1108 2452 de
1132 2387 1369 2471 imp.,Paulo

220 2506 392 2563 senatus
427 2497 627 2573 decrerit,
661 2499 798 2581 potius
832 2517 946 2578 quam
986 2495 1081 2579 quid
1117 2494 1198 2560 Ser.
1239 2494 1369 2560 Galba

219 2604 449 2684 fabuletur,
484 2606 594 2676 audi,
623 2613 663 2670 et
692 2605 765 2669 hoc
794 2605 927 2670 dicere
956 2612 1015 2670 cet.
1061 2603 1146 2669 Nam
1170 2626 1280 2688 neque
1303 2604 1368 2668 hac

219 2723 308 2779 recte
343 2717 428 2778 inter
462 2736 496 2778 se
531 2714 730 2778 referuntur:
766 2721 803 2778 et
836 2750 878 2758 -
912 2714 1022 2792 audi,
1057 2719 1095 2777 et
1123 2747 1166 2757 -—
1195 2713 1293 2778 audi
1322 2713 1368 2793 (ut

220 2825 371 2888 omittam
394 2830 435 2885 tu
460 2823 505 2886 sic
530 2824 687 2905 positum,
722 2831 757 2887 ut
790 2823 830 2887 ad
860 2823 958 2886 aliam
989 2843 1166 2905 personam
1190 2823 1368 2885 transitura

221 2933 326 2996 oratio
351 2931 530 3010 rideatur),
554 2952 612 2994 nec
643 2940 777 2996 senatus
809 2930 940 2995 decreta
976 2951 1060 2993 utine
1089 2930 1295 2994 recitaturus
1324 2935 1368 2993 est

247 3233 267 3267 ¹¹
289 3231 403 3284 Selectis
432 3231 590 3283 coniunctis
619 3227 743 3296 Gryntei,
773 3228 919 3294 Gronovii,
946 3228 1101 3297 Kreyssigii
1130 3227 1367 3281 emendationibus

287 3317 348 3369 haec
367 3316 479 3369 videtur
498 3316 586 3369 forma
606 3316 663 3368 eius
683 3316 736 3367 loci
756 3313 915 3369 efficienda:
944 3313 1065 3367 Omnes
1092 3313 1173 3366 illas
1202 3315 1367 3374 victimas,

288 3420 372 3469 quas
392 3402 629 3456 traducendas
658 3403 690 3453 iu
719 3399 893 3467 triumpho
921 3401 1054 3452 locavit
1073 3400 1221 3467 iterasse:
1243 3401 1307 3452 iam
1330 3399 1366 3451 lo

288 3486 402 3551 cavit„
422 3488 512 3540 alias
541 3489 610 3539 alio
630 3487 961 3541 eaedentenractate.
1000 3485 1109 3552 Quid?
1138 3485 1222 3538 illas
1251 3485 1366 3554 epulas

289 3578 440 3626 senatus.
470 3590 593 3640 quae—
613 3574 645 3624 in
665 3571 839 3639 Capitolio
860 3570 1021 3626 eduntur.
1052 3582 1175 3624 rutrum
1199 3572 1366 3625 hominum

287 3658 479 3726 voluptatis
499 3675 600 3710 causa
620 3675 659 3711 an
679 3657 820 3709 deorum
838 3656 1014 3720 honoris?)
1034 3653 1086 3723 [sic
1101 3656 1283 3727 Doeringius,
1302 3673 1365 3726 pre·

287 3756 368 3795 eunte
388 3740 476 3809 Creu]
497 3755 630 3797 auctore
651 3743 717 3797 Ser.
736 3742 846 3795 Galba
866 3743 1045 3796 turbaturi
1064 3743 1174 3795 estis?
1208 3743 1309 3797 Restat
1327 3742 1367 3794 du·

287 3830 387 3881 bitatio
412 3830 439 3881 in
459 3828 513 3881 illis
533 3829 623 3881 alias
643 3830 710 3881 alio
730 3829 884 3883 caedente
905 3828 976 3894 (cod.
997 3829 1119 3893 dente).
1156 3829 1274 3894 (Fuitne
1294 3827 1368 3881 diui·

287 3913 410 3967 dente?
431 3912 500 3967 Nam
520 3916 574 3983 ipsi
592 3928 714 3967 mactare
733 3915 861 3966 uictimas
881 3913 941 3966 aliis
960 3913 1137 3967 caedentibus
1156 3932 1215 3967 non
1238 3910 1366 3983 possunt)

287 3998 399 4052 Ironica
418 4000 464 4051 illa
482 4000 607 4052 hortatio
627 3999 796 4063 lineet-ate)
817 3999 878 4050 tolli
898 4016 955 4050 non
976 4000 1079 4052 debuit.
1116 3998 1304 4052 Dedicarit
1321 4013 1366 4066 pro

286 4084 480 4137 vindicavit
507 4086 559 4150 (sic
587 4084 659 4136 euim
687 4085 758 4138 cod..
786 4085 833 4137 ubi
862 4084 995 4137 locavit
1024 4085 1106 4151 posui
1132 4103 1195 4138 eum
1220 4082 1366 4144 Gronorio)

287 4170 387 4221 trustra
403 4169 579 4238 Iireyssigius
599 4170 811 4223 cirnuuendavit.
840 4169 877 4223 Ut
895 4170 1040 4238 potuerint
1058 4170 1181 4223 victimae
1199 4167 1366 4223 traducendo

284 4273 341 4306 unu
362 4255 450 4307 solum
470 4257 637 4308 consecrari.
657 4255 704 4306 sed
724 4258 807 4308 etiam
827 4255 952 4309 dedicari
971 4256 1035 4322 diei,
1054 4256 1180 4308 nondum
1201 4274 1248 4310 eas
1271 4255 1365 4308 Paulus

287 4339 456 4392 traduxerat.
494 4342 607 4409 Agitur.
629 4356 657 4393 ut
678 4341 824 4393 traducere
843 4341 932 4394 liceat.
