3000 5116
689 423 752 484 447
879 391 881 394 ⁴

145 632 244 693 quam
273 610 306 674 in
328 608 564 690 Bambergensi
587 607 709 672 omissa
732 606 820 685 (nam
846 628 885 671 ea
908 613 982 690 post
1005 608 1156 673 excidere
1179 616 1296 692 potue·
1394 591 1401 602 ’

144 717 235 800 runt)
259 724 317 782 aut
340 717 471 782 adiecta
492 713 704 798 interpolatio
728 713 779 794 (ιιι
797 714 942 793 XXXIV,
966 720 1016 793 22,
1041 721 1059 777 2
1084 738 1143 799 pro
1168 719 1296 781 ceteri

145 828 294 892 omisso
318 825 425 891 bello
448 825 481 888 in
505 823 531 887 B
556 823 712 888 scribitur
737 825 866 887 ceteri
889 824 1021 902 misso,
1052 825 1084 887 in
1109 824 1296 907 vulgaribus

144 936 274 1000 ceteri
297 932 455 1013 omnes),
480 931 549 1010 sed,
571 951 612 995 ne
635 930 702 994 alia
726 930 898 994 corradam
922 930 1053 1009 indicia,
1077 931 1241 1015 permulta
1264 933 1297 996 in

143 1045 170 1108 B
204 1043 256 1107 hic
292 1041 358 1106 illic
395 1041 518 1105 omissa
551 1039 667 1116 verba,
702 1058 774 1119 quae
804 1038 954 1120 vulgares
982 1046 1072 1104 recte
1101 1047 1227 1118 tenent,
1260 1047 1298 1104 ιιι

144 1150 289 1228 XXXIV,
325 1154 379 1227 14,
416 1152 434 1211 3
465 1147 556 1228 (feci
590 1147 700 1210 inter
734 1146 843 1228 spatio
877 1167 980 1211 vacuo
1015 1147 1159 1229 relicto),
1191 1152 1247 1226 27,
1277 1153 1296 1212 8

145 1259 297 1339 (citari,
327 1255 416 1321 nullo
441 1256 573 1340 spatio),
602 1258 660 1331 29,
691 1253 842 1333 11161113,
872 1255 980 1336 spatio
1004 1255 1144 1335 relicto),
1175 1260 1224 1330 31,
1257 1260 1296 1319 17

144 1365 289 1446 (nihil),
324 1369 375 1443 32,
410 1363 660 1444 9(eduntur,
696 1362 803 1443 spatio
831 1362 974 1442 relicto),
1005 1367 1056 1440 39,
1089 1363 1297 1442 2(undeoim
1390 1373 1391 1376 ’

144 1474 260 1553 verba,
293 1472 384 1537 nullo
414 1473 546 1555 spatio).
603 1472 764 1553 Apparet,
799 1470 920 1533 codicis
944 1470 1194 1552 Bambergensis
1217 1472 1297 1535 scri-

144 1582 234 1660 bam,
262 1603 363 1664 quum
392 1579 539 1644 codicem
567 1600 640 1642 cum
663 1577 848 1661 vulgarium
872 1579 1016 1661 principe
1041 1585 1216 1661 cognatum
1239 1585 1298 1643 aut

143 1691 244 1754 etiam
277 1691 347 1753 eius
380 1693 552 1771 parentem
587 1694 796 1769 sequeretur,
837 1687 903 1750 alia
936 1708 1038 1770 sape,
1081 1709 1153 1770 quae
1187 1686 1296 1767 legere

145 1820 210 1862 non
234 1803 363 1881 posset,
393 1796 548 1872 omisisse,
578 1800 694 1858 notata
716 1795 904 1866 omissione,
934 1796 1009 1872 alia,
1037 1801 1075 1858 ιιι
1097 1793 1143 1870 fit,
1173 1795 1296 1877 impru-

144 1905 276 1969 dentem
298 1905 502 1986 praeterisse,
532 1924 603 1985 quae
633 1903 666 1965 in
690 1902 871 1983 vulgarium
895 1904 1042 1985 principe
1067 1908 1196 1966 servata
1219 1903 1294 1967 sint.

147 2012 270 2076 Contra
308 2012 340 2073 in
374 2011 556 2091 vulgarium
591 2010 739 2092 principe
774 2011 881 2073 nescio
916 2031 979 2090 quo
1016 2031 1096 2073 casu
1129 2011 1297 2074 intercidit

143 2128 234 2185 totus
262 2119 346 2183 liber
368 2116 518 2181 XXXIII.
575 2117 686 2181 Codex
715 2119 816 2199 igitur
840 2117 1091 2199 Bambergcnsis
1122 2119 1246 2200 origine
1277 2139 1297 2182 a

142 2228 337 2310 Moguntino
366 2227 536 2290 seiunctus
566 2232 600 2289 et
628 2247 700 2289 cum
730 2225 916 2306 vulgaribus
945 2226 1137 2289 coniunctus
1166 2246 1226 2288 nec
1254 2225 1296 2288 ab

144 2336 233 2399 omni
261 2334 347 2397 labis
377 2335 476 2398 etiam
500 2335 608 2415 gravis
632 2354 705 2396 oum
729 2334 779 2396 his
804 2335 1030 2396 communione
1054 2333 1151 2411 liber,
1185 2354 1297 2414 quam-

143 2462 244 2524 quam
272 2443 305 2504 in
334 2443 519 2505 universum
550 2442 742 2522 lloguntino
772 2441 872 2514 cedib,
907 2448 1032 2519 tamen,
1067 2441 1155 2523 qnod
1184 2462 1296 2505 recen·

140 2551 265 2613 tiorum
292 2549 383 2613 illam
407 2549 678 2631 depravationem
700 2550 828 2626 vitavit,
862 2548 1035 2631 locupletis
1063 2549 1158 2612 testis
1187 2549 1296 2612 locum

141 2657 283 2735 obtinet,
316 2658 371 2738 qui
400 2664 435 2720 et
462 2657 647 2739 Moguntini
681 2659 912 2720 auctoritatem
946 2658 1055 2721 multis
1083 2657 1165 2721 locis
1193 2657 1293 2737 insig·
1312 2671 1380 2739 (365)

140 2766 229 2829 niter
251 2763 431 2841 confirmet,
461 2771 520 2828 aut
541 2765 639 2848 plane
664 2785 736 2827 cum
760 2785 798 2828 eo
823 2766 1016 2847 conspirans
1040 2764 1144 2844 (velut
1166 2763 1295 2842 XXXV,

142 2875 202 2949 36,
231 2876 249 2934 3
274 2877 555 2955 spectatorum
579 2894 638 2954 pro
662 2893 975 2954 perpaucorum,
1004 2871 1167 2948 XXXVII,
1198 2877 1247 2949 54,
1276 2875 1295 2933 8

140 2981 179 3043 in
214 2981 472 3057 servitutem,
507 2979 562 3043 nbi
599 2980 632 3042 in
669 2979 858 3062 vulgaribus
890 2981 1012 3044 lacuna
1046 2988 1111 3056 est,
1147 2979 1225 3042 ibid.
1257 2982 1294 3040 12

143 3107 306 3169 aequare
341 3108 401 3169 pro
435 3088 644 3171 praeferre,
685 3086 870 3163 XXXVIII,
904 3091 938 3164 8,
974 3093 991 3150 6
1026 3095 1069 3151 ut
1102 3092 1295 3170 parceret

141 3193 252 3273 urbi,
282 3194 338 3258 nbi
361 3194 481 3259 lacuna
504 3202 570 3272 est,
602 3200 650 3273 17,
681 3200 699 3258 9
724 3196 839 3258 mixti
862 3203 900 3259 et
924 3195 1168 3276 Gallograeci
1192 3215 1294 3272 vero,

140 3301 249 3385 quod
278 3302 541 3384 appellantur
569 3325 628 3386 pro
658 3305 757 3367 variis
787 3301 966 3384 erroribus)
995 3309 1053 3367 aut
1076 3324 1178 3386 prope
1203 3323 1294 3366 acce-

140 3409 225 3473 dens
254 3408 304 3490 (ut
333 3409 517 3489 XXXVIII,
554 3415 606 3490 17,
643 3416 680 3474 12
705 3413 785 3475 sita
815 3419 938 3489 servat,
972 3432 1032 3495 pro
1056 3411 1295 3474 Tarentinis

138 3517 243 3582 habet
271 3519 310 3581 in
338 3517 431 3598 his),
466 3525 499 3581 et
528 3540 588 3582 sua
615 3521 816 3603 propriaque
839 3520 925 3583 bona
948 3521 1140 3597 servaverit,
1174 3519 1294 3602 quibus
1400 3578 1404 3587 .

138 3623 234 3688 illum
257 3624 422 3688 interdum
444 3647 519 3690 vere
543 3627 665 3704 vincat,
699 3648 898 3709 quamquam
923 3649 1010 3710 saepe
1032 3634 1162 3692 tantum
1186 3628 1295 3710 specie

137 3738 288 3816 praestat,
312 3732 399 3814 quod
422 3733 462 3797 de
484 3732 679 3816 Moguntino
703 3741 841 3798 tacetur.
887 3736 930 3799 Et
951 3737 984 3799 in
1008 3736 1172 3799 tricesimo
1196 3735 1294 3798 tertio

136 3840 274 3922 quidem
303 3839 402 3918 libro,
432 3841 466 3903 in
495 3862 559 3922 quo
583 3843 689 3924 primo
713 3845 918 3925 comparatio
941 3842 991 3922 fit,
1020 3844 1134 3907 codice
1157 3842 1293 3923 Mogun·

135 3948 224 4026 tino,
259 3947 534 4028 quemadmodum
569 3950 701 4032 quidem
735 3950 789 4013 hic
822 3950 927 4016 lectus
961 3957 994 4015 et
1027 3971 1199 4033 expressus
1233 3956 1292 4028 est,

137 4056 243 4121 etiam
267 4056 417 4139 superior
439 4057 568 4121 videtur
592 4066 624 4121 et
647 4060 812 4142 scriptura
835 4066 867 4123 et
889 4059 1015 4122 lacunis
1039 4058 1225 4140 explendis3
1260 4059 1293 4121 in

133 4162 215 4228 libri
244 4163 344 4227 etiam
368 4163 503 4227 XXXIV
527 4166 636 4248 priore
664 4174 759 4249 parte
787 4168 875 4231 intra
902 4167 1001 4231 breve
1032 4167 1176 4249 spatium
1205 4185 1293 4228 com·

133 4271 250 4356 plures
274 4272 422 4354 egregias
446 4274 628 4356 scripturas
651 4274 791 4357 praebet,
821 4282 935 4358 quae'e
959 4274 1150 4357 Mogontino
1175 4271 1293 4338 saltem

1246 4492 1432 4768 l*
