3000 5116
687 477 749 539 307
1129 493 1191 547 mo.
1209 493 1296 548 xxrr.
1348 463 1353 469 ’

138 662 324 745 gentium
350 661 491 726 harum
511 696 554 705 -
577 661 787 727 terribilis
810 661 921 743 erat).
954 662 1105 729 Alienum
1128 672 1178 729 est
1201 687 1296 731 saue

136 790 199 835 neo
227 776 268 836 et
295 769 408 851 (sane
440 776 480 834 et
509 769 631 852 alius)
654 769 771 850 habet,
801 791 865 852 quo
888 770 1061 836 referatur.
1112 772 1219 856 Prope
1242 792 1297 838 oc-

137 885 288 943 cesserat
309 877 496 942 Douiatius.
543 877 666 959 (1862.)
1183 880 1187 885 '

226 983 323 1069 *Gap
355 989 414 1066 47,
449 992 468 1049 4
498 985 545 1067 (in
574 985 796 1071 descriptione
824 987 942 1070 proelii
970 984 1183 1068 Cannensislt
1218 987 1297 1053 Sub

137 1093 356 1178 equestris
394 1093 517 1159 finem
559 1095 796 1159 certaminis
835 1101 976 1160 coorta
1015 1101 1076 1160 est
1115 1095 1298 1182 peditum

136 1221 287 1285 pugna.
341 1200 475 1265 Primo
505 1209 544 1266 et
574 1202 733 1267 viribus
762 1210 802 1267 et
829 1204 975 1267 animis
997 1224 1119 1286 pares
1143 1209 1297 1268 consta·

140 1309 242 1381 bant
266 1308 433 1375 ordines
457 1308 587 1386 Gallis
610 1309 907 1394 Hispanisque3
934 1310 1096 1374 tandem
1118 1310 1297 1389 Romani,

137 1416 212 1482 diu
234 1437 279 1481 ao
301 1437 406 1500 saepe
430 1418 589 1481 connisi
610 1453 667 1497 ——,
701 1418 900 1502 impulere
928 1418 1105 1483 hostiurn
1133 1440 1298 1483 cuneum

137 1532 202 1590 cet.
238 1523 302 1602 Qui
326 1526 373 1589 sic
396 1525 493 1607 primi
515 1526 718 1608 scripserunt
740 1532 922 1610 posteaque
938 1532 1124 1606 tenuerunt,
1146 1526 1299 1590 videntur

137 1632 318 1715 significari
342 1639 489 1715 putasse,
516 1634 610 1697 initio
635 1632 749 1699 Gallos
771 1634 1000 1716 Hispanosque
1023 1634 1180 1699 Romanis
1202 1655 1299 1718 pares

138 1741 259 1822 fuisse;
293 1741 351 1806 sed
383 1761 490 1822 neque
519 1741 739 1806 Romanorum
775 1763 892 1806 nomen
925 1748 996 1808 turn
1030 1743 1138 1807 omitti
1165 1749 1300 1826 poterat

142 1870 253 1932 neque
292 1849 440 1930 alioquin
476 1870 516 1914 ea
550 1851 715 1914 sententia
748 1872 788 1915 ex
822 1849 929 1914 verbis
963 1850 1100 1934 (pares
1133 1849 1298 1914 ordines

137 1964 333 2023 constant
355 1955 504 2036 Gallis)
532 1956 599 2023 ullo
629 1957 724 2023 modo
754 1957 910 2036 efficitur,
938 1977 1010 2039 quae
1038 1958 1148 2041 potius
1177 1957 1298 2041 signifi-

137 2072 233 2144 cant,
270 2085 381 2130 omnes
404 2063 577 2129 Gallorum
600 2065 890 2149 Hispanorumque
919 2065 1049 2130 ordines
1079 2066 1198 2147 aequali
1227 2066 1298 2131 lorr-

137 2172 289 2257 gitudine
319 2179 468 2237 servatos
497 2193 579 2238 esse.
637 2174 759 2238 Verum
787 2175 883 2257 longe
912 2173 977 2238 alio
1007 2173 1136 2238 codices
1165 2174 1299 2252 ducunt,

136 2282 175 2345 in
198 2279 318 2362 quibus
341 2278 389 2360 (P,
417 2286 488 2345 tum
510 2279 544 2360 G,
572 2279 675 2361 Voss,
698 2281 800 2360 Harl,
824 2281 901 2347 Lov.
925 2285 953 2361 2,
977 2286 1005 2361 3,
1029 2282 1063 2363 4)
1086 2303 1152 2347 non
1175 2303 1293 2365 pares
1311 2298 1384 2364 (251)

137 2377 313 2466 scribitur,
355 2388 413 2452 sed
448 2409 588 2472 parum
624 2388 670 2469 (in
698 2389 806 2454 tribus
835 2389 1056 2455 deterioribus
1085 2389 1179 2473 par).
1240 2390 1299 2453 llt·

139 2517 206 2578 que
264 2495 350 2561 hanc
406 2497 514 2578 ipsam
566 2497 766 2580 scripturam
821 2497 1098 2579 quemadmodum
1150 2495 1298 2560 Alschef-

122 2601 236 2694 eskius
260 2609 407 2683 enarret,
441 2604 545 2687 legat,
580 2606 637 2687 qui
666 2613 725 2670 aut
751 2605 858 2670 ridere
887 2613 945 2670 aut
973 2605 1158 2688 philologiae
1186 2603 1299 2669 huius·

139 2711 233 2778 modi
258 2713 528 2787 attrectationem
549 2713 708 2796 patieutis
731 2714 879 2778 misereri
903 2714 994 2792 relit3
1026 2712 1117 2776 nulla
1140 2719 1191 2777 est
1214 2712 1300 2775 enim

140 2821 318 2885 sententiae
339 2840 380 2884 ne
404 2820 531 2904 species
555 2821 696 2902 quidem.
733 2820 797 2885 Sed
820 2819 990 2886 efficietur,
1005 2841 1043 2884 ex
1066 2820 1118 2884 his
1143 2819 1300 2902 vestigiis

138 2948 210 2992 una
242 2928 358 2993 littera
391 2927 521 3006 addita,
555 2929 674 2993 ceteris
709 2936 799 2994 recte
836 2928 966 3006 divisis,
1002 2927 1167 2992 sententia
1196 2927 1299 2991 omni-

139 3036 206 3100 bus
233 3036 380 3100 numeris
410 3035 565 3100 absoluta
595 3043 628 3100 et
655 3038 702 3100 rei
732 3042 826 3120 apta:
857 3043 999 3100 coorta
1027 3041 1087 3099 est
1116 3033 1299 3117 peditum

140 3164 298 3228 pugna,
330 3144 460 3227 primo
489 3150 530 3208 et
556 3144 718 3209 viribus
748 3151 787 3209 et
816 3144 959 3208 animis
982 3162 1066 3225 par,
1100 3143 1181 3204 dur
1205 3140 1309 3206 oon·¹

141 3250 316 3316 stabant
345 3250 513 3316 ordines
542 3250 675 3316 Gallis
703 3251 1000 3336 Hispanisque,
1034 3250 1198 3314 tandem
1221 3251 1300 3315 Ro·

140 3359 248 3423 mani
279 3365 340 3423 cet.
397 3358 558 3437 Quamdiu
587 3358 718 3424 ordines
743 3358 912 3423 Gallorum
936 3359 1223 3441 Hispanorumque
1251 3358 1300 3421 in-

140 3467 228 3548 tegri
251 3467 484 3545 servabantur,
519 3487 615 3550 aequa
636 3469 758 3532 virtute
781 3474 963 3550 pugnatum
986 3474 1051 3546 est;
1086 3466 1144 3530 sed
1166 3466 1301 3531 tandem

142 3575 304 3640 Romanis
327 3575 477 3657 contigit,
501 3579 539 3638 ut
563 3595 700 3638 cuneum
723 3575 867 3639 hostium
889 3573 1131 3657 perfringerent
1153 3574 1300 3639 ordines·

142 3704 210 3766 que
243 3681 486 3766 perturbarent.
544 3682 582 3747 Id
615 3688 725 3746 autem
758 3683 897 3747 Romani
932 3681 1112 3747 effecerunt
1145 3704 1224 3759 non,
1256 3689 1302 3746 ut

142 3790 241 3872 vulgo
281 3791 322 3855 de
362 3789 519 3856 Gronovii
560 3790 750 3855 coniectura
790 3791 961 3855 scribitur:
1006 3811 1121 3871 aequa
1158 3789 1301 3853 fronte

143 3899 316 3980 acieque
350 3898 477 3963 densa
509 3898 566 3980 (-
598 3898 681 3962 nihil
715 3899 801 3963 eninr
835 3898 942 3962 minus
976 3898 1019 3963 ad
1053 3918 1193 3960 cuneum
1227 3916 1301 3978 per·

143 4006 353 4088 fringendum
387 4013 501 4090 aptum
535 4013 584 4071 est
618 4024 717 4088 quam
752 4027 847 4088 aequa
879 4006 984 4083 frons,
1020 4025 1094 4088 quse
1124 4004 1302 4086 perexigua

144 4120 241 4198 parte
274 4115 383 4198 ipsum
412 4121 513 4197 caput
542 4115 654 4193 cunei,
687 4116 890 4198 praeoipuum
923 4113 1042 4187 robur,
1077 4113 1213 4192 attingit
1234 4109 1301 4191 -—),

144 4222 203 4287 sed
238 4221 414 4305 obliqua
446 4221 582 4287 fronte
610 4224 645 4286 in
674 4223 814 4288 alterum
842 4223 931 4286 latus
959 4222 1054 4285 cunei
1082 4218 1300 4303 prominentis

143 4329 390 4410 incumbentes;
423 4336 457 4394 et
490 4329 661 4412 obliqua
694 4330 831 4395 fronte
861 4328 961 4393 scribi
992 4328 1123 4412 Lipsius
1153 4327 1302 4391 voluerat

1022 4447 1071 4499 20*
