3000 5116
179 431 411 487 1111111111.
477 493 480 499 ,
729 422 790 483 550

180 605 248 688 qui
272 604 424 669 bellum
447 605 698 682 indicerent,
732 607 889 671 missos.
939 605 1062 672 Senatu
1090 608 1157 673 iam
1187 606 1337 671 debello

179 712 340 790 consulto,
364 711 487 795 populo
500 719 627 794 rogato,
640 736 705 776 non
724 735 809 796 saepe
827 715 1044 782 mittebantur
1062 715 1177 798 legati3
1202 714 1338 779 offendit

180 827 340 903 praeterea
352 820 421 883 haec
433 828 500 884 tam
511 820 601 883 brevi
619 820 792 885 intervallo
810 823 965 904 repetitio
986 822 1134 887 eiusdem
1154 844 1221 887 non
1234 822 1337 887 solum

179 928 280 1007 verbi,
304 929 359 991 sod
384 927 495 991 formae
516 928 604 992 verbi
623 928 796 1009 (missos)
825 930 858 992 in
888 931 1137 994 enumeratione
1162 929 1337 1012 diligenter

179 1037 316 1100 variata.
362 1036 408 1099 Eo
443 1037 546 1117 magis
580 1043 762 1100 commovet
792 1038 936 1101 animum
969 1038 1091 1101 codicis
1121 1037 1147 1100 B
1172 1039 1337 1121 scriptura

180 1143 367 1225 (silentibus
392 1144 431 1207 de
452 1143 493 1221 M,
517 1143 766 1225 quividerunt):
791 1146 982 1227 populum
1000 1145 1129 1209 luisse
1153 1167 1257 1228 stepo
1281 1145 1335 1211 11-

179 1258 294 1334 gatos
318 1259 497 1315 auteres
520 1253 734 1333 repetitae,
758 1254 876 1318 omisso
899 1253 1009 1336 priore
1028 1253 1184 1317 missos.
1228 1252 1335 1336 Scrip-

179 1366 268 1423 serat
290 1359 414 1423 Livius:
449 1359 643 1442 populum
666 1359 846 1438 iussisse,
869 1379 934 1440 per
967 1359 1129 1442 legatos
1152 1366 1250 1424 ante
1274 1382 1336 1424 res

177 1468 395 1550 repetitas,
418 1474 632 1549 postrema
656 1469 722 1548 qui
746 1467 896 1530 bollum
914 1467 1156 1546 indicerent,
1181 1469 1335 1532 missos.

179 1575 229 1638 Ex
246 1574 869 1658 iussisseperfactumfuissesepe
888 1574 1017 1657 (saepe);
1030 1581 1148 1657 postea
1161 1574 1212 1657 (in
1225 1597 1334 1640 recen-

179 1682 320 1747 tioribus
344 1681 525 1761 codicibus)
551 1681 701 1746 additum
725 1683 874 1747 missos.
916 1682 1088 1764 (bltimum
1112 1683 1177 1746 hoc
1199 1704 1260 1748 nos
1284 1704 1334 1748 co·

182 1790 243 1854 dex
266 1781 516 1872 Bambcrgensis
535 1790 684 1869 adiuvat,
707 1811 784 1854 nam
801 1791 834 1855 in
853 1793 1000 1874 proximo
1019 1792 1129 1874 capite
1149 1789 1332 1869 desinit.)¹)

266 1896 343 1982 Cap.
369 1903 419 1980 49,
447 1903 483 1962 13
509 1898 556 1981 (11
590 1899 739 1962 oratione
768 1896 825 1962 Cn.
849 1897 964 1962 Manlii
994 1904 1111 1963 contra
1141 1898 1177 1962 L.
1202 1898 1334 1963 Furium

180 2017 214 2074 11
247 2009 281 2073 L.
317 2008 511 2088 AEmilium):
548 2010 642 2091 quin
671 2029 740 2090 pro
784 2028 844 2084 eo,
879 2005 984 2089 quod
1016 2004 1214 2088 pluribus
1247 2027 1330 2070 ver·

180 2118 243 2182 bis
275 2139 356 2194 vos,
387 2138 502 2198 quam
532 2116 657 2193 volui,
685 2113 875 2197 fatigavi,
909 2115 1065 2177 reniam
1090 2134 1110 2178 a
1133 2113 1248 2177 vobis
1271 2135 1332 2196 pe-

178 2226 297 2289 titum
330 2225 678 2306 impetratamque
700 2223 835 2300 selim,
858 2222 893 2285 P.
919 2220 953 2285 O.
999 2220 1073 2284 Non
1096 2222 1204 2304 plura,
1238 2242 1331 2304 quam

181 2333 292 2409 voluit,
317 2332 457 2395 Manlius
482 2331 565 2395 dixit
589 2330 773 2411 (deficiente
797 2330 883 2394 enim
912 2328 1082 2393 voluntate
1105 2327 1220 2410 lingua
1243 2329 1328 2412 quie·

179 2442 301 2518 1111111,
325 2440 382 2503 sed
406 2439 512 2523 plura,
536 2460 645 2520 quam,
669 2440 696 2502 si
719 2439 867 2501 licuisset
889 2456 995 2518 neque
1013 2436 1182 2501 accusatio
1202 2456 1330 2518 respon·

181 2548 259 2610 dere
283 2547 458 2628 coegisset,
492 2545 597 2609 vellet.
644 2547 751 2628 Atque
791 2544 854 2609 hoo
892 2545 1000 2627 ipsum
1038 2563 1156 2624 quam
1195 2542 1331 2607 vellem

179 2654 280 2719 habat
303 2676 386 2717 uuus
411 2655 554 2737 optimus
579 2653 682 2717 codex
705 2652 747 2731 M,
772 2651 830 2716 sed
857 2650 1073 2733 neglexerunt
1096 2649 1259 2728 editores,
1281 2649 1325 2714 rel

180 2761 267 2843 quod
291 2761 551 2825 condicionalem
579 2761 666 2824 hunc
697 2768 730 2824 et
753 2758 968 2842 potentialem
996 2779 1094 2822 usum
1121 2757 1241 2821 borum
1268 2776 1330 2820 111-

179 2870 294 2933 borum
318 2870 481 2949 (ιζβουλόμην
504 2870 560 2947 ἂν),
585 2890 683 2951 quem
702 2888 852 2950 perverse
871 2867 1051 2948 optativum
1071 2865 1241 2948 appellant
1269 2864 1329 2943 (11

94 2990 168 3058 (447)
186 2999 249 3060 que
272 2979 357 3040 enim
381 2984 540 3059 optamus
575 2983 611 3039 ut
638 2975 802 3056 velimus),
830 2996 896 3038 non
926 2974 1142 3037 meminerant
1177 2973 1330 3056 pertinere

181 3086 280 3150 etiam
303 3085 346 3148 ad
363 3086 543 3148 sententias
564 3084 785 3160 secundarias,
808 3082 859 3146 vel
877 3080 965 3162 quod
984 3081 1104 3143 iniuria
1119 3079 1329 3145 voluissem

181 3194 402 3277 requirebant,
426 3191 520 3256 obliti
539 3192 617 3267 eius,
636 3191 725 3272 quod
743 3190 893 3271 legerant
910 3188 963 3265 VI,
984 3192 1012 3266 9,
1039 3193 1057 3251 6
1085 3188 1330 3269 (quamquam

180 3336 223 3346 —
251 3300 408 3378 mallet,
437 3299 493 3362 cfr.
520 3297 637 3375 XXIX,
666 3302 714 3369 14,
739 3301 767 3375 7,
792 3296 891 3374 XLII,
918 3300 965 3371 17,
988 3296 1031 3376 4).
1077 3296 1164 3359 Nam
1188 3295 1329 3370 vellem,

181 3408 356 3484 mallem,
391 3413 428 3470 ut
456 3406 523 3469 alia
552 3403 748 3487 imperfecta
775 3405 808 3467 in
839 3404 1011 3468 sententiis
1041 3403 1329 3476 condicionalibus,

179 3515 425 3580 transferuntur
448 3515 547 3576 etiam
571 3513 613 3576 ad
643 3535 696 3590 ea,
726 3533 797 3593 quae
827 3511 995 3595 praeterito
1019 3517 1170 3593 tempore
1194 3507 1332 3593 optaturi

182 3620 312 3698 fuimus
338 3624 365 3686 si
388 3621 458 3684 fieri
481 3623 653 3703 potuisset,
676 3641 736 3683 nec
760 3620 891 3701 poetica
912 3619 1067 3682 libertate
1091 3640 1174 3682 usus
1197 3618 1333 3682 111011·

182 3731 264 3807 diua,
288 3752 388 3811 quum
413 3730 495 3792 dixit
519 3728 664 3806 (Metam.
689 3727 744 3805 XI,
769 3728 864 3807 546):
898 3726 1048 3790 Patriae
1077 3746 1236 3808 quoque
1259 3723 1333 3788 rel·

181 3838 238 3902 111
268 3838 316 3901 ad
351 3859 441 3901 oras
479 3837 703 3917 Respicere
734 3842 795 3898 cet.
843 3833 922 3915 [Cfr.
947 3834 1024 3898 ibid.
1048 3833 1073 3910 I,
1098 3837 1173 3908 438,
1205 3833 1245 3909 II,
1271 3834 1334 3903 182,

182 3944 240 4023 III,
266 3949 335 4024 188,
366 3949 436 4022 247,
467 3942 504 4020 X,
529 3948 608 4020 4613
643 3941 809 4006 Ciceronis
837 3942 928 4005 locos
959 3941 1041 4003 duos
1080 3940 1127 4002 W.
1152 3939 1334 4025 adscripsit

212 4193 236 4263 ¹)
255 4193 332 4264 [Cap.
352 4200 394 4262 48,
416 4201 446 4251 15
466 4197 612 4251 durissime
631 4201 696 4264 post
713 4195 863 4263 gloriari
882 4193 995 4247 auditur
1013 4210 1050 4247 ac
1066 4197 1212 4247 tantum.
1242 4193 1339 4262 Itaque

253 4279 385 4351 Ussingio
405 4283 559 4347 adsentior,
578 4281 717 4334 excidisse
739 4281 768 4333 si
786 4278 957 4348 (gloriari,
976 4279 1004 4331 11
1023 4295 1083 4347 pro
1102 4277 1180 4343 111).
1221 4277 1307 4348 1861]
