2994 5108
712 462 773 523 299
1154 477 1216 532 nso.
1234 460 1324 532 iuni

250 648 317 713 *De
346 668 418 733 cap.
447 651 505 726 28,
539 651 560 710 4
589 645 713 711 dietum
741 652 793 710 est
821 665 922 728 supra
949 669 980 730 p.
1010 650 1082 710 200.
1139 648 1177 712 ln
1206 649 1323 714 eodem

165 757 274 841 eapite
292 756 393 840 paulo
412 762 489 839 post
509 752 540 836 (ἓ
553 758 581 833 9,
600 753 641 818 de
658 753 814 831 Minucio,
837 754 997 836 magistro
1016 755 1177 838 equitum)
1196 755 1322 821 editur:

163 864 215 931 ad
244 885 356 929 arma
383 870 509 928 uocat¹
534 868 574 927 et
600 862 715 926 vanis
744 862 888 926 animis
917 868 956 925 et
985 863 1105 927 minis
1133 865 1323 948 increpat

163 973 342 1050 hostom;
364 973 399 1037 in
421 970 590 1036 codicibus
613 969 758 1052 antiquis
781 966 862 1050 (PC)
885 976 951 1033 est:
976 976 1016 1034 et
1039 972 1153 1038 vanis
1176 973 1323 1038 animis

165 1086 208 1146 et
236 1080 368 1145 nimis.
421 1077 487 1144 Sed
514 1098 622 1161 neque
651 1078 743 1141 rani
773 1078 896 1141 animi
926 1077 966 1141 de
989 1099 1055 1144 uno
1078 1078 1209 1145 homine
1231 1088 1322 1147 recto

164 1187 322 1253 dicuntur
343 1187 401 1268 (-
420 1207 498 1252 nam
526 1184 648 1270 plurali
672 1183 770 1249 huius
792 1185 950 1264 nominis,
981 1207 1083 1267 quum
1105 1187 1146 1253 de
1169 1189 1324 1271 superbia

163 1296 315 1380 ponitur,
347 1294 508 1360 adiectiva
536 1292 696 1359 eiusmodi
719 1313 886 1376 nunquam
909 1293 1133 1376 adiunguntur
1155 1295 1199 1361 ad
1221 1317 1323 1378 genus

163 1402 329 1486 superbia
350 1402 532 1468 notandum
553 1401 609 1482 -)
632 1421 754 1484 neque,
783 1400 1057 1483 quemadmodum
1087 1405 1221 1480 minis,
1250 1426 1323 1487 quse

163 1510 447 1590 nuntiaveritis,
479 1510 624 1593 aliquem
646 1511 870 1592 increpamus,
904 1510 983 1574 item
1006 1511 1162 1576 animis.
1219 1513 1321 1579 Recte

163 1620 199 1684 in
223 1618 441 1684 deterioribus
464 1617 591 1700 aliquot
613 1616 781 1682 codicibus
800 1617 919 1696 (Voss,
947 1616 1064 1696 Haun.‚
1091 1618 1213 1683 Gsertn.
1232 1620 1322 1703 apud

162 1726 485 1807 Drakenborchium)
514 1725 703 1790 coniectura
730 1725 920 1789 restitutum
950 1731 1014 1789 est:
1044 1732 1083 1790 at
1110 1727 1226 1791 vanis
1249 1728 1321 1791 mi·

162 1836 228 1900 nis
256 1837 457 1919 increpat.
509 1834 616 1912 Quum
643 1834 731 1897 enim
758 1832 791 1895 in
821 1831 933 1896 codice
962 1832 1140 1917 archetypo
1170 1835 1261 1913 (ante
1285 1835 1319 1913 P,

162 1949 203 2008 ut
235 1942 369 2026 opinor)
396 1964 457 2027 pro
485 1942 607 2005 minis
636 1938 708 2021 (aut
736 1940 869 2016 nimia,
902 1941 931 2003 si
959 1941 1026 2003 iam
1055 1942 1103 2006 ita
1130 1941 1320 2007 aberratum

162 2050 251 2132 erat)
277 2050 389 2116 scriba
410 2051 579 2134 posuisset
599 2049 744 2113 animis
768 2046 819 2129 (ut
841 2049 989 2130 proximo
1012 2051 1130 2131 capite,
1160 2054 1210 2127 29,
1239 2051 1407 2120 4111245)

163 2156 255 2223 PCM
272 2165 334 2223 cet.
347 2178 406 2241 pro
430 2158 477 2222 ab
501 2156 620 2221 nimis
638 2163 688 2220 est
707 2154 755 2219 ab
774 2156 941 2237 animis),
964 2156 1190 2223 animadverso
1210 2178 1321 2224 errore

164 2265 308 2332 alterum
337 2264 484 2346 (nimis)
514 2264 664 2329 additum
692 2269 757 2342 est,
791 2269 861 2327 tum
890 2263 1041 2344 (fortasse
1070 2267 1104 2330 in
1133 2265 1171 2346 P)
1202 2266 1322 2350 copula

163 2361 372 2458 interposita.
429 2372 529 2437 Plura
557 2378 635 2437 sunt
662 2373 696 2436 in
724 2370 750 2434 P
778 2372 927 2455 exempla
954 2373 1064 2437 mendi
1094 2375 1141 2438 si'c
1171 2376 1321 2452 correcti,

162 2503 236 2564 quae
265 2481 386 2565 duplex
413 2482 580 2563 scriptura
606 2480 772 2544 interdum
801 2480 875 2562 ipsa
896 2481 929 2544 in
954 2480 1037 2545 alios
1060 2482 1190 2547 codices
1212 2489 1321 2546 trans·

161 2590 216 2667 iit,
251 2588 417 2654 interdum
458 2587 564 2653 solum
599 2587 768 2664 mendum3
810 2587 975 2651 interdum
1008 2610 1111 2654 novus
1147 2612 1239 2654 error
1268 2611 1322 2655 ac·

163 2699 273 2763 cessit.
327 2696 400 2762 Hoc
432 2695 517 2762 libro
552 2716 579 2759 c.
610 2699 668 2774 23,
703 2700 722 2758 6
750 2716 852 2778 quum
887 2717 948 2779 pro
976 2696 1195 2762 Romanum
1224 2698 1322 2762 Poe-

163 2824 341 2888 numque
377 2804 517 2888 primum
552 2803 608 2884 (ob
643 2803 780 2883 duces)
809 2804 968 2886 scriptum
997 2812 1084 2869 esset
1111 2805 1321 2882 Romanos,

165 2920 237 2978 tum
258 2911 408 2976 additum
430 2932 492 2976 um
514 2910 818 2992 (Romanosum),
847 2912 882 2975 in
905 2913 1034 2989 ceteris,
1065 2911 1235 2994 quodum
1258 2932 1322 2976 non

164 3019 431 3104 intellegebatur,
453 3021 575 3085 mansit
598 3018 704 3085 solum
726 3020 944 3098 Romanos3
975 3019 1062 3098 XXI,
1086 3023 1135 3096 36,
1159 3023 1178 3080 2
1201 3040 1260 3103 pro
1283 3021 1322 3083 in

166 3128 312 3211 pedum
335 3128 495 3211 scriptum
518 3126 564 3207 (in
577 3125 679 3191 MCm.
694 3131 722 3205 2,
746 3127 940 3210 quoniamP
954 3127 1060 3207 deest)
1084 3129 1122 3191 in
1146 3127 1322 3210 peditus,

166 3234 245 3300 dein
262 3233 387 3299 iactum
403 3234 737 3319 impeditusdum3
761 3234 881 3311 XXIII,
904 3239 951 3314 17,
974 3241 994 3298 4
1014 3256 1072 3317 pro
1090 3235 1204 3300 uidet
1222 3235 1323 3317 scrip-

234 3478 325 3532 enim
354 3477 522 3546 particulam
545 3494 596 3546 pro
619 3476 796 3530 adversativa
819 3478 941 3545 positam
963 3483 1046 3546 putat
1069 3477 1160 3531 Plauti
1184 3477 1323 3544 exemplo,

235 3562 308 3617 nihil
331 3563 378 3616 hio
403 3563 571 3617 adversativi
597 3568 653 3627 est3
681 3578 737 3630 quo
756 3561 918 3631 significatu
935 3562 962 3616 h.
981 3563 998 3616 l.
1018 3563 1158 3632 accipitur
1175 3562 1267 3616 enim
1285 3560 1325 3628 (in

235 3647 400 3701 vehementi
416 3647 623 3716 indignabundi
641 3647 884 3714 confirmatione),
907 3664 1045 3716 nusquam
1064 3650 1190 3718 positum
1206 3651 1286 3716 puto,
1308 3663 1325 3700 a

235 3732 311 3787 Livii
333 3732 489 3800 aequalibus
507 3738 584 3786 certo
603 3731 662 3787 scio
681 3750 739 3786 non
757 3733 798 3785 ita
815 3734 883 3800 poni
912 3734 1112 3802 propriumque
1135 3750 1196 3789 esse
1222 3732 1323 3786 enim·

236 3832 323 3871 vero
342 3816 392 3883 (id
409 3817 594 3883 enimvero,
613 3822 683 3871 tum
702 3818 898 3883 enimvero).
935 3816 1016 3885 Quod
1035 3818 1141 3887 ellipsis
1160 3832 1326 3871 commemo·

236 3906 331 3968 ratur,
358 3902 510 3970 adscriptis
529 3903 639 3957 duobus
657 3902 731 3956 Livii
749 3903 833 3969 locis,
852 3900 923 3969 vn,
942 3904 988 3968 32,
1010 3905 1040 3957 13
1059 3907 1087 3956 et
1104 3900 1166 3967 111,
1185 3902 1231 3966 39,
1252 3903 1277 3965 9,
1296 3900 1325 3953 in

237 3986 333 4056 priore
357 3987 449 4041 eninr
471 3989 589 4056 ponitur
610 3988 758 4044 notissimo
778 4006 830 4043 usu
847 3989 878 4042 in
894 3988 1105 4057 respondendo,
1124 3987 1227 4040 omissa
1246 3983 1325 4038 adfir-

236 4072 364 4127 matione
382 4072 442 4140 (ja,
470 4072 561 4128 deun
585 4073 664 4140 oet),
690 4074 721 4127 in
744 4074 833 4130 altero
855 4091 913 4128 non
931 4074 1023 4127 minus
1040 4073 1145 4126 usitata
1162 4071 1278 4139 ponitur
1296 4070 1325 4125 iu

238 4156 458 4226 interrogando,
483 4163 516 4212 ut
533 4157 715 4227 significetur,
740 4159 776 4214 de
793 4176 878 4213 eausa
895 4165 924 4212 et
941 4158 1053 4212 ratione
1071 4157 1138 4221 eius,
1162 4156 1238 4225 quod
1255 4170 1326 4224 prae·

237 4240 331 4303 cedat,
350 4242 521 4311 interrogari
540 4243 619 4309 (was
638 4243 764 4297 hatten
783 4245 810 4297 si
830 4244 919 4297 denn
932 4242 1008 4308 —?).
1035 4241 1192 4309 Urumque
1210 4242 1245 4295 ab
1263 4239 1290 4292 h.
1306 4240 1325 4294 1.

236 4327 441 4383 alienissimum
460 4333 509 4382 est
547 4326 574 4396 [ξ
595 4331 626 4382 13
645 4328 750 4382 excidit
768 4333 801 4381 et
819 4334 882 4396 post
903 4327 1063 4383 referret.
1101 4324 1186 4394 issa]
