3000 5116
220 502 281 555 Lib.
299 499 423 554 XXXIV.
763 488 824 549 500

221 676 329 752 23,13
353 674 463 755 ipsum
485 672 659 754 imperium
682 672 831 754 ponitur:
864 669 967 734 ferte
991 671 1105 752 signa
1129 673 1169 736 in
1192 672 1375 752 hostem).

219 780 337 864 Itaque
361 779 497 843 dubium
520 784 674 855 nonest,
709 779 788 860 quin
815 776 877 842 hoc
905 779 977 842 loco
1008 785 1201 861 corruptum
1231 782 1275 845 sit
1298 803 1375 864 prro

219 910 271 953 se.
328 886 513 970 Scripserat
548 886 674 950 Livius:
716 886 832 968 signa
871 904 1028 966 propere
1062 885 1178 964 ferri,
1221 889 1376 970 quemad·

220 996 353 1061 modum
375 993 430 1072 IV,
459 1000 509 1073 47,
541 998 560 1058 2
584 999 647 1058 est:
683 994 799 1074 signa
827 991 975 1057 inferri
996 1013 1171 1076 propere
1195 996 1324 1061 iussit
1345 1005 1377 1061 et

220 1103 302 1180 XLI,
316 1107 392 1180 3,8:
424 1101 562 1166 ferunt
584 1102 703 1166 citati
726 1102 852 1183 signa.
893 1099 1030 1183 [Signa
1052 1101 1233 1184 proferri
1256 1104 1377 1169 iussit

220 1209 409 1293 Seyffertua
434 1208 507 1273 coll.
533 1207 586 1287 IV,
611 1212 660 1286 32,
687 1213 734 1287 10,
756 1207 860 1286 XXII,
883 1213 934 1284 42,
960 1205 1040 1290 3.]1)

307 1315 385 1400 Cap.
410 1321 466 1395 23,
498 1321 516 1380 2
546 1315 619 1397 (ubi
648 1323 803 1380 narratur
825 1315 864 1380 de
889 1322 1051 1380 conventu
1073 1315 1279 1399 legationum
1303 1320 1376 1383 oisi-

219 1431 327 1490 tatum
346 1424 535 1489 Graecarum
554 1444 574 1488 a
591 1423 626 1487 T.
645 1423 798 1501 Quinctio
817 1421 968 1488 Corinthi
989 1423 1105 1488 habito
1128 1424 1173 1490 ad
1195 1425 1377 1491 deliberan-

220 1533 298 1597 dum
336 1530 376 1596 de
417 1531 504 1597 bello
544 1539 660 1596 contra
699 1531 860 1595 Nabidem
900 1530 1214 1611 Lacedaemonium:
1256 1531 1396 1609 Quum·

219 1640 377 1722 legatus
410 1638 734 1718 Atheniensium,
776 1646 968 1721 quantum
1004 1644 1200 1721 poterae·
1226 1641 1375 1722 gratiis

135 1767 205 1835 (401)
225 1746 396 1829 agendis
444 1747 710 1812 Romanorum
755 1748 792 1810 in
833 1747 1028 1811 Graeciam
1072 1748 1221 1812 merita
1268 1757 1374 1813 extu·

220 1855 360 1932 lisset‚
403 1854 649 1938 imploratos
689 1854 885 1919 auxilium
919 1853 1112 1919 adversus
1147 1852 1374 1940 Philippum

221 1962 369 2029 tulisse
390 1983 515 2044 opem,
535 1983 614 2026 non
633 1969 801 2044 rogatos
821 1961 931 2026 ultro
951 1962 1148 2026 adversus
1167 1971 1372 2046 tyrannum

221 2069 363 2133 Nabim
388 2069 538 2134 offerre
562 2069 769 2148 auxilium,
799 2069 1120 2152 indignatusque
1150 2078 1271 2149 esset,
1300 2070 1370 2135 haec

222 2184 335 2241 tanta
364 2178 511 2242 merita
543 2177 797 2242 sermonibus
827 2183 961 2241 tamen
992 2177 1229 2258 aliquorum
1256 2176 1367 2260 carpi,

220 2285 360 2349 sutura
385 2284 733 2362 calumniantium,
762 2319 814 2362 -,
844 2284 1077 2367 apparebat
1100 2285 1257 2349 incessi
1280 2271 1383 2349 ΕΜ

220 2391 291 2456 los.
333 2390 442 2455 Habet
462 2392 591 2475 aliquid
615 2391 803 2458 offensionis
825 2391 884 2457 illa
906 2393 940 2456 in
964 2391 1079 2455 eadem
1102 2394 1267 2458 sententia
1290 2412 1362 2456 aux·

222 2498 286 2562 ilii
310 2504 344 2562 et
365 2500 452 2581 opis
475 2499 657 2565 distinctio:
688 2500 931 2583 imploratos
954 2498 1153 2564 auxilium
1172 2499 1358 2565 —tulisse

221 2627 347 2689 opem,
372 2605 429 2670 sed
452 2627 524 2688 quae
548 2608 661 2691 aliquo
679 2607 777 2672 modo
795 2607 944 2672 excusari
963 2607 1068 2689 possit
1085 2606 1295 2691 defendique3
1314 2601 1357 2669 sed

221 2712 285 2778 duo
303 2722 380 2779 sunt
399 2715 432 2777 in
450 2713 512 2778 hoc
530 2714 603 2778 loco
620 2716 709 2793 vitia,
728 2736 800 2798 quae
818 2715 1059 2779 excusationem
1072 2721 1249 2797 respuant3
1265 2731 1354 2779 eoum

221 2821 362 2885 alterum
390 2821 590 2888 rhetoricum
613 2829 673 2902 est,
701 2823 799 2903 quod,
829 2844 928 2906 quum
952 2821 1017 2886 duo
1041 2822 1203 2886 orationis
1226 2818 1352 2893 membra,

221 2929 339 3012 quibus
358 2928 478 3012 duplex
490 2930 711 2994 Romanorum
729 2930 882 2994 meritum
895 2930 1113 3008 contineatur,
1132 2928 1308 3011 ceteroquin
1317 2923 1350 2989 di·

220 3036 359 3117 ligenter
372 3038 620 3119 exaequatasint
632 3037 888 3121 (imploratos
907 3036 1067 3100 adv.Ph.
1087 3038 1234 3101 tulisse
1250 3051 1347 3117 opem,

250 3306 275 3371 ¹)
295 3305 371 3374 [Cap.
402 3310 443 3373 17,
472 3311 488 3360 4
516 3307 640 3374 (decem
668 3308 780 3361 millia
807 3308 1022 3362 Celtiberum
1050 3307 1207 3362 mercede
1232 3291 1345 3357 Turduli

290 3391 492 3446 conducunt
517 3392 712 3462 alienisque
737 3393 839 3446 armis
865 3393 1038 3459 parabant
1062 3390 1207 3457 bellum)
1228 3386 1291 3443 nulls
1309 3393 1342 3445 ll·

289 3483 369 3543 paret
384 3477 484 3530 variati
504 3478 640 3547 temporis
655 3493 753 3542 cansa3
771 3478 866 3545 itaque
881 3477 1030 3545 Ussingius
1045 3482 1173 3545 parant
1187 3473 1263 3530 scribi
1274 3461 1343 3551 inuitj

290 3566 318 3614 et
341 3566 435 3614 tamen
458 3562 579 3617 fortasse
602 3568 691 3618 status
714 3579 805 3617 rerum
828 3570 894 3632 post
917 3562 1073 3616 conductos
1092 3550 1342 3637 mercenariossisu

288 3643 397 3699 ficetur.
435 3647 501 3718 Cap.
523 3651 562 3716 18,
581 3651 597 3703 3
616 3649 768 3703 videndum
787 3654 856 3716 puto
873 3666 907 3702 ne
921 3647 1019 3701 Livius
1035 3647 1194 3716 scripserit:
1215 3649 1247 3698 ut·
1262 3640 1341 3695 omffl‘

289 3732 438 3786 maxima
474 3734 682 3803 minimaque
714 3751 773 3804 per
805 3751 839 3786 se
872 3733 989 3786 obiret
1022 3731 1088 3799 (pro
1121 3731 1241 3793 adiret>
1268 3722 1339 3784 ,tque

289 3823 415 3884 ageret.
458 3817 530 3873 Nam
551 3835 643 3887 neque
667 3818 764 3872 adiro
782 3819 897 3872 omnia
919 3835 1011 3886 nequo
1037 3816 1133 3871 adire
1156 3821 1252 3885 etque
1270 3806 1338 3892 ‘llil‘

288 3902 391 3956 usitate
410 3902 520 3958 dicitnr.
555 3900 640 3971 lasa]
673 3903 738 3973 (lap.
757 3906 801 3971 20,
821 3906 838 3957 2
855 3902 1036 3958 scribendum
1055 3907 1139 3971 puto:
1159 3891 1336 3956 conscium

289 3985 363 4040 dum
384 3989 503 4043 consul
520 4016 556 4027 -
573 3995 668 4043 esset
686 3987 751 4060 (pro
771 3987 832 4055 est)
857 3992 1063 4057 occupatus,
1088 3976 1336 4056 depopulatornm

288 4098 323 4110 -
338 4075 519 4128 sociorum.
553 4071 651 4142 Neque
666 4074 740 4129 enim
754 4073 791 4127 sd
806 4073 879 4128 hanc
893 4071 1031 4127 orationis
1046 4077 1075 4125 et
1093 4063 1335 4125 sententiantium

289 4173 351 4226 quse
378 4158 413 4213 de
437 4159 514 4213 dum
537 4159 653 4229 proprie
676 4158 893 4228 precipiantur,
920 4157 1065 4227 portinere
1090 4157 1226 4212 videntur.
1263 4141 1334 4202 W

289 4241 474 4297 indicativum
505 4242 659 4313 perlectum
690 4259 800 4313 quoque
830 4259 917 4313 prave
942 4242 1055 4312 *dicitur
1086 4246 1225 4310 tamquam
1253 4233 1278 4287 de
1299 4231 1334 4287 ³⁸⁰

289 4331 420 4396 tompore
441 4329 637 4398 occupationis
653 4332 771 4398 coepta.
