<?xml version="1.0" encoding="UTF-8"?>
<!DOCTYPE html PUBLIC "-//W3C//DTD XHTML 1.0 Transitional//EN"
    "http://www.w3.org/TR/xhtml1/DTD/xhtml1-transitional.dtd">
<html xmlns="http://www.w3.org/1999/xhtml" xml:lang="en" lang="en">
 <head>
  <title>
</title>
<meta http-equiv="Content-Type" content="text/html;charset=utf-8" />
  <meta name='ocr-system' content='tesseract 3.04.00' />
  <meta name='ocr-capabilities' content='ocr_page ocr_carea ocr_par ocr_line ocrx_word'/>
</head>
<body>
  <div class='ocr_page' id='page_1' title='image "./emendationesliv00madvgoog_0658.png"; bbox 0 0 2994 5108; ppageno 0'>
   <div class='ocr_carea' id='block_1_1' title="bbox 681 480 1287 550">
    <p class='ocr_par' dir='ltr' id='par_1_1' title="bbox 681 480 1287 550">
     <span class='ocr_line' id='line_1_1' title="bbox 681 480 1287 550; baseline 0.015 -9"><span class='ocrx_word' id='word_1_1' title='bbox 681 480 745 542; x_wconf 81' lang='grc'>645</span> <span class='ocrx_word' id='word_1_2' title='bbox 1040 529 1043 538; x_wconf 87' lang='lat'>·</span> <span class='ocrx_word' id='word_1_3' title='bbox 1121 494 1184 549; x_wconf 88' lang='lat' dir='ltr'><strong>Lib.</strong></span> <span class='ocrx_word' id='word_1_4' title='bbox 1201 494 1287 550; x_wconf 83' lang='lat' dir='ltr'>XLII.</span> 
     </span>
    </p>
   </div>
   <div class='ocr_carea' id='block_1_2' title="bbox 134 664 1375 4321">
    <p class='ocr_par' dir='ltr' id='par_1_2' title="bbox 134 664 1375 2048">
     <span class='ocr_line' id='line_1_2' title="bbox 136 664 1287 750; baseline 0.002 -21"><span class='ocrx_word' id='word_1_5' title='bbox 136 667 188 745; x_wconf 75' lang='lat'>23,</span> <span class='ocrx_word' id='word_1_6' title='bbox 224 669 273 744; x_wconf 80' lang='lat'>12,</span> <span class='ocrx_word' id='word_1_7' title='bbox 297 671 482 730; x_wconf 89' lang='lat' dir='ltr'>correctum</span> <span class='ocrx_word' id='word_1_8' title='bbox 510 664 825 745; x_wconf 85' lang='lat' dir='ltr'>aWeisaenhornio,</span> <span class='ocrx_word' id='word_1_9' title='bbox 859 672 891 731; x_wconf 91' lang='lat' dir='ltr'>et</span> <span class='ocrx_word' id='word_1_10' title='bbox 925 665 1046 732; x_wconf 78' lang='lat' dir='ltr'><strong>similia</strong></span> <span class='ocrx_word' id='word_1_11' title='bbox 1079 666 1167 732; x_wconf 91' lang='lat' dir='ltr'>alibi.</span> <span class='ocrx_word' id='word_1_12' title='bbox 1213 665 1287 750; x_wconf 76' lang='lat'>(§2</span> 
     </span>
     <span class='ocr_line' id='line_1_3' title="bbox 134 771 1290 857; baseline 0.002 -17"><span class='ocrx_word' id='word_1_13' title='bbox 134 773 261 840; x_wconf 84' lang='lat' dir='ltr'>frustra</span> <span class='ocrx_word' id='word_1_14' title='bbox 282 772 373 840; x_wconf 91' lang='lat' dir='ltr'>Livio</span> <span class='ocrx_word' id='word_1_15' title='bbox 397 771 574 857; x_wconf 83' lang='lat' dir='ltr'>adfingitur</span> <span class='ocrx_word' id='word_1_16' title='bbox 597 773 738 856; x_wconf 83' lang='lat' dir='ltr'>elegans,</span> <span class='ocrx_word' id='word_1_17' title='bbox 761 774 789 838; x_wconf 93' lang='lat' dir='ltr'>si</span> <span class='ocrx_word' id='word_1_18' title='bbox 811 773 861 838; x_wconf 93' lang='lat' dir='ltr'>dis</span> <span class='ocrx_word' id='word_1_19' title='bbox 884 773 1003 857; x_wconf 88' lang='lat' dir='ltr'>placet,</span> <span class='ocrx_word' id='word_1_20' title='bbox 1027 773 1229 855; x_wconf 81' lang='lat' dir='ltr'>Graecismus,</span> <span class='ocrx_word' id='word_1_21' title='bbox 1252 783 1290 842; x_wconf 88' lang='lat' dir='ltr'>ut</span> 
     </span>
     <span class='ocr_line' id='line_1_4' title="bbox 135 882 1290 967; baseline 0.003 -21"><span class='ocrx_word' id='word_1_22' title='bbox 135 902 286 966; x_wconf 84' lang='lat' dir='ltr'>negare</span> <span class='ocrx_word' id='word_1_23' title='bbox 309 883 363 946; x_wconf 91' lang='lat' dir='ltr'>sit</span> <span class='ocrx_word' id='word_1_24' title='bbox 386 902 445 965; x_wconf 91' lang='lat' dir='ltr'>pro</span> <span class='ocrx_word' id='word_1_25' title='bbox 468 903 620 965; x_wconf 85' lang='lat' dir='ltr'>negare</span> <span class='ocrx_word' id='word_1_26' title='bbox 642 882 772 947; x_wconf 88' lang='lat' dir='ltr'>liceat</span> <span class='ocrx_word' id='word_1_27' title='bbox 796 882 916 948; x_wconf 84' lang='lat' dir='ltr'><strong>dixisse</strong></span> <span class='ocrx_word' id='word_1_28' title='bbox 939 889 1089 967; x_wconf 86' lang='lat' dir='ltr'>putetur,</span> <span class='ocrx_word' id='word_1_29' title='bbox 1113 904 1177 966; x_wconf 91' lang='lat' dir='ltr'>quo</span> <span class='ocrx_word' id='word_1_30' title='bbox 1201 882 1290 950; x_wconf 74' lang='lat' dir='ltr'>Grae-</span> 
     </span>
     <span class='ocr_line' id='line_1_5' title="bbox 136 990 1292 1073; baseline 0.003 -19"><span class='ocrx_word' id='word_1_31' title='bbox 136 991 239 1056; x_wconf 92' lang='lat' dir='ltr'>cismo</span> <span class='ocrx_word' id='word_1_32' title='bbox 262 1010 357 1055; x_wconf 91' lang='lat' dir='ltr'>nemo</span> <span class='ocrx_word' id='word_1_33' title='bbox 380 990 414 1055; x_wconf 89' lang='lat' dir='ltr'>in</span> <span class='ocrx_word' id='word_1_34' title='bbox 438 1010 535 1073; x_wconf 86' lang='lat' dir='ltr'>prosa</span> <span class='ocrx_word' id='word_1_35' title='bbox 557 992 704 1055; x_wconf 87' lang='lat' dir='ltr'>oratione</span> <span class='ocrx_word' id='word_1_36' title='bbox 728 1011 806 1056; x_wconf 89' lang='lat' dir='ltr'>usus</span> <span class='ocrx_word' id='word_1_37' title='bbox 829 997 889 1056; x_wconf 87' lang='lat' dir='ltr'>est.</span> <span class='ocrx_word' id='word_1_38' title='bbox 924 991 1027 1058; x_wconf 85' lang='lat' dir='ltr'>Recte</span> <span class='ocrx_word' id='word_1_39' title='bbox 1049 991 1214 1057; x_wconf 86' lang='lat' dir='ltr'>Heamius</span> <span class='ocrx_word' id='word_1_40' title='bbox 1236 993 1292 1057; x_wconf 85' lang='lat' dir='ltr'>sit</span> 
     </span>
     <span class='ocr_line' id='line_1_6' title="bbox 136 1097 1291 1184; baseline 0.002 -20"><span class='ocrx_word' id='word_1_41' title='bbox 136 1119 177 1164; x_wconf 86' lang='lat' dir='ltr'>ex</span> <span class='ocrx_word' id='word_1_42' title='bbox 211 1099 312 1165; x_wconf 85' lang='lat' dir='ltr'>satis</span> <span class='ocrx_word' id='word_1_43' title='bbox 347 1098 402 1164; x_wconf 91' lang='lat' dir='ltr'>sit</span> <span class='ocrx_word' id='word_1_44' title='bbox 431 1104 536 1163; x_wconf 88' lang='lat' dir='ltr'>ortum</span> <span class='ocrx_word' id='word_1_45' title='bbox 567 1101 706 1182; x_wconf 87' lang='lat' dir='ltr'>putavit.</span> <span class='ocrx_word' id='word_1_46' title='bbox 752 1097 810 1183; x_wconf 73' lang='lat'>§3</span> <span class='ocrx_word' id='word_1_47' title='bbox 842 1121 942 1184; x_wconf 91' lang='lat' dir='ltr'>quum</span> <span class='ocrx_word' id='word_1_48' title='bbox 964 1101 998 1164; x_wconf 91' lang='lat' dir='ltr'>in</span> <span class='ocrx_word' id='word_1_49' title='bbox 1021 1100 1134 1166; x_wconf 89' lang='lat' dir='ltr'>codice</span> <span class='ocrx_word' id='word_1_50' title='bbox 1157 1102 1214 1165; x_wconf 86' lang='lat' dir='ltr'>sit:</span> <span class='ocrx_word' id='word_1_51' title='bbox 1247 1106 1291 1166; x_wconf 92' lang='lat' dir='ltr'>ut</span> 
     </span>
     <span class='ocr_line' id='line_1_7' title="bbox 136 1207 1290 1290; baseline 0.002 -18"><span class='ocrx_word' id='word_1_52' title='bbox 136 1228 330 1274; x_wconf 85' lang='lat' dir='ltr'>accusare</span> <span class='ocrx_word' id='word_1_53' title='bbox 350 1207 489 1290; x_wconf 87' lang='lat' dir='ltr'>potius</span> <span class='ocrx_word' id='word_1_54' title='bbox 512 1227 603 1272; x_wconf 86' lang='lat' dir='ltr'>vere</span> <span class='ocrx_word' id='word_1_55' title='bbox 627 1228 741 1289; x_wconf 83' lang='lat' dir='ltr'>quam</span> <span class='ocrx_word' id='word_1_56' title='bbox 759 1208 1046 1274; x_wconf 81' lang='lat' dir='ltr'><strong>conviciantur</strong></span> <span class='ocrx_word' id='word_1_57' title='bbox 1062 1208 1290 1287; x_wconf 87' lang='lat' dir='ltr'>videantur,</span> 
     </span>
     <span class='ocr_line' id='line_1_8' title="bbox 136 1313 1291 1399; baseline 0.002 -19"><span class='ocrx_word' id='word_1_58' title='bbox 136 1336 203 1382; x_wconf 92' lang='lat' dir='ltr'>non</span> <span class='ocrx_word' id='word_1_59' title='bbox 224 1316 274 1381; x_wconf 90' lang='lat' dir='ltr'>ita</span> <span class='ocrx_word' id='word_1_60' title='bbox 291 1314 417 1380; x_wconf 86' lang='lat' dir='ltr'>difficili</span> <span class='ocrx_word' id='word_1_61' title='bbox 433 1315 567 1398; x_wconf 83' lang='lat' dir='ltr'>negotio</span> <span class='ocrx_word' id='word_1_62' title='bbox 584 1313 656 1380; x_wconf 89' lang='lat' dir='ltr'>fieri</span> <span class='ocrx_word' id='word_1_63' title='bbox 674 1316 794 1399; x_wconf 89' lang='lat' dir='ltr'>possit:</span> <span class='ocrx_word' id='word_1_64' title='bbox 819 1336 934 1399; x_wconf 91' lang='lat' dir='ltr'>quam</span> <span class='ocrx_word' id='word_1_65' title='bbox 957 1317 1188 1382; x_wconf 88' lang='lat' dir='ltr'>conviciari</span> <span class='ocrx_word' id='word_1_66' title='bbox 1210 1324 1291 1383; x_wconf 89' lang='lat' dir='ltr'><strong>tur·</strong></span> 
     </span>
     <span class='ocr_line' id='line_1_9' title="bbox 136 1422 1375 1508; baseline -0.003 -19"><span class='ocrx_word' id='word_1_67' title='bbox 136 1424 248 1508; x_wconf 88' lang='lat' dir='ltr'>piter</span> <span class='ocrx_word' id='word_1_68' title='bbox 269 1422 496 1501; x_wconf 87' lang='lat' dir='ltr'>videantur,</span> <span class='ocrx_word' id='word_1_69' title='bbox 518 1430 556 1487; x_wconf 91' lang='lat' dir='ltr'>ut</span> <span class='ocrx_word' id='word_1_70' title='bbox 576 1422 697 1487; x_wconf 83' lang='lat' dir='ltr'>litterae</span> <span class='ocrx_word' id='word_1_71' title='bbox 719 1424 830 1507; x_wconf 87' lang='lat' dir='ltr'>piter</span> <span class='ocrx_word' id='word_1_72' title='bbox 851 1423 894 1489; x_wconf 94' lang='lat' dir='ltr'>ob</span> <span class='ocrx_word' id='word_1_73' title='bbox 916 1424 1109 1490; x_wconf 81' lang='lat' dir='ltr'>nonnullam</span> <span class='ocrx_word' id='word_1_74' title='bbox 1132 1425 1283 1491; x_wconf 86' lang='lat' dir='ltr'>similitu·</span> <span class='ocrx_word' id='word_1_75' title='bbox 1301 1430 1375 1500; x_wconf 76' lang='lat'>(634)</span> 
     </span>
     <span class='ocr_line' id='line_1_10' title="bbox 139 1529 1294 1616; baseline 0.001 -19"><span class='ocrx_word' id='word_1_76' title='bbox 139 1531 249 1597; x_wconf 89' lang='lat' dir='ltr'>dinem</span> <span class='ocrx_word' id='word_1_77' title='bbox 284 1529 472 1595; x_wconf 88' lang='lat' dir='ltr'>litterarum</span> <span class='ocrx_word' id='word_1_78' title='bbox 504 1531 595 1596; x_wconf 89' lang='lat' dir='ltr'>vide</span> <span class='ocrx_word' id='word_1_79' title='bbox 627 1531 820 1614; x_wconf 71' lang='lat' dir='ltr'>interceptas</span> <span class='ocrx_word' id='word_1_80' title='bbox 858 1539 1026 1616; x_wconf 88' lang='lat' dir='ltr'>putentur.</span> <span class='ocrx_word' id='word_1_81' title='bbox 1080 1530 1145 1598; x_wconf 85' lang='lat' dir='ltr'>Sed</span> <span class='ocrx_word' id='word_1_82' title='bbox 1178 1532 1294 1598; x_wconf 88' lang='lat' dir='ltr'>eadem</span> 
     </span>
     <span class='ocr_line' id='line_1_11' title="bbox 137 1639 1292 1726; baseline 0.001 -21"><span class='ocrx_word' id='word_1_83' title='bbox 137 1640 345 1723; x_wconf 83' lang='lat' dir='ltr'>neglegentia</span> <span class='ocrx_word' id='word_1_84' title='bbox 367 1639 522 1704; x_wconf 88' lang='lat' dir='ltr'>librarius</span> <span class='ocrx_word' id='word_1_85' title='bbox 555 1641 588 1704; x_wconf 94' lang='lat' dir='ltr'>in</span> <span class='ocrx_word' id='word_1_86' title='bbox 612 1640 834 1705; x_wconf 87' lang='lat' dir='ltr'>conviciari</span> <span class='ocrx_word' id='word_1_87' title='bbox 856 1642 1015 1726; x_wconf 89' lang='lat' dir='ltr'>praecepit</span> <span class='ocrx_word' id='word_1_88' title='bbox 1038 1641 1178 1724; x_wconf 86' lang='lat' dir='ltr'>proximi</span> <span class='ocrx_word' id='word_1_89' title='bbox 1199 1640 1292 1706; x_wconf 87' lang='lat' dir='ltr'>verbi</span> 
     </span>
     <span class='ocr_line' id='line_1_12' title="bbox 139 1747 1291 1834; baseline 0.003 -23"><span class='ocrx_word' id='word_1_90' title='bbox 139 1747 387 1830; x_wconf 84' lang='lat' dir='ltr'>(videantur)</span> <span class='ocrx_word' id='word_1_91' title='bbox 422 1748 700 1826; x_wconf 76' lang='lat' dir='ltr'>terminationem,</span> <span class='ocrx_word' id='word_1_92' title='bbox 736 1768 802 1830; x_wconf 89' lang='lat' dir='ltr'>qna</span> <span class='ocrx_word' id='word_1_93' title='bbox 834 1750 948 1832; x_wconf 84' lang='lat' dir='ltr'><strong>paucis</strong></span> <span class='ocrx_word' id='word_1_94' title='bbox 981 1756 1056 1833; x_wconf 85' lang='lat' dir='ltr'>post</span> <span class='ocrx_word' id='word_1_95' title='bbox 1088 1749 1196 1815; x_wconf 90' lang='lat' dir='ltr'>verbis</span> <span class='ocrx_word' id='word_1_96' title='bbox 1230 1770 1291 1834; x_wconf 91' lang='lat' dir='ltr'>pro</span> 
     </span>
     <span class='ocr_line' id='line_1_13' title="bbox 137 1855 1292 1941; baseline 0.001 -20"><span class='ocrx_word' id='word_1_97' title='bbox 137 1857 273 1939; x_wconf 79' lang='lat' dir='ltr'>gravis</span> <span class='ocrx_word' id='word_1_98' title='bbox 302 1855 468 1939; x_wconf 89' lang='lat' dir='ltr'>publice</span> <span class='ocrx_word' id='word_1_99' title='bbox 497 1858 630 1939; x_wconf 87' lang='lat' dir='ltr'><strong>scripsit</strong></span> <span class='ocrx_word' id='word_1_100' title='bbox 658 1856 832 1938; x_wconf 81' lang='lat' dir='ltr'>gravidae</span> <span class='ocrx_word' id='word_1_101' title='bbox 862 1857 1047 1941; x_wconf 86' lang='lat' dir='ltr'>publicae.</span> <span class='ocrx_word' id='word_1_102' title='bbox 1092 1856 1230 1922; x_wconf 78' lang='lat' dir='ltr'><strong>Frustra</strong></span> <span class='ocrx_word' id='word_1_103' title='bbox 1252 1878 1292 1922; x_wconf 84' lang='lat' dir='ltr'>ex</span> 
     </span>
     <span class='ocr_line' id='line_1_14' title="bbox 136 1964 702 2048; baseline -0.004 -18"><span class='ocrx_word' id='word_1_104' title='bbox 136 1964 261 2030; x_wconf 82' lang='lat' dir='ltr'>talibus</span> <span class='ocrx_word' id='word_1_105' title='bbox 285 1965 478 2029; x_wconf 75' lang='lat' dir='ltr'>coniecturae</span> <span class='ocrx_word' id='word_1_106' title='bbox 503 1964 702 2048; x_wconf 86' lang='lat' dir='ltr'><strong>captantur.)</strong></span> 
     </span>
    </p>

    <p class='ocr_par' dir='ltr' id='par_1_3' title="bbox 136 2069 1297 4321">
     <span class='ocr_line' id='line_1_15' title="bbox 224 2069 1291 2157; baseline 0.001 -21"><span class='ocrx_word' id='word_1_107' title='bbox 224 2069 304 2155; x_wconf 88' lang='lat' dir='ltr'>Cap.</span> <span class='ocrx_word' id='word_1_108' title='bbox 327 2076 378 2151; x_wconf 82' lang='lat'>42,</span> <span class='ocrx_word' id='word_1_109' title='bbox 404 2077 418 2135; x_wconf 95' lang='lat'>1</span> <span class='ocrx_word' id='word_1_110' title='bbox 445 2072 492 2154; x_wconf 90' lang='lat' dir='ltr'>(in</span> <span class='ocrx_word' id='word_1_111' title='bbox 515 2073 631 2138; x_wconf 87' lang='lat' dir='ltr'>eadem</span> <span class='ocrx_word' id='word_1_112' title='bbox 654 2071 831 2153; x_wconf 88' lang='lat' dir='ltr'>oratione):</span> <span class='ocrx_word' id='word_1_113' title='bbox 854 2073 902 2138; x_wconf 85' lang='lat' dir='ltr'>At</span> <span class='ocrx_word' id='word_1_114' title='bbox 920 2093 1038 2155; x_wconf 93' lang='lat' dir='ltr'>quum</span> <span class='ocrx_word' id='word_1_115' title='bbox 1062 2074 1291 2157; x_wconf 87' lang='lat' dir='ltr'>processis·</span> 
     </span>
     <span class='ocr_line' id='line_1_16' title="bbox 138 2180 1293 2249; baseline -0.001 -2"><span class='ocrx_word' id='word_1_116' title='bbox 138 2202 221 2249; x_wconf 86' lang='lat' dir='ltr'>scm</span> <span class='ocrx_word' id='word_1_117' title='bbox 250 2180 346 2245; x_wconf 91' lang='lat' dir='ltr'>inde</span> <span class='ocrx_word' id='word_1_118' title='bbox 376 2181 424 2245; x_wconf 86' lang='lat' dir='ltr'>ad</span> <span class='ocrx_word' id='word_1_119' title='bbox 448 2180 590 2245; x_wconf 88' lang='lat' dir='ltr'>visend</span> <span class='ocrx_word' id='word_1_120' title='bbox 614 2201 655 2245; x_wconf 84' lang='lat' dir='ltr'>os</span> <span class='ocrx_word' id='word_1_121' title='bbox 678 2180 857 2246; x_wconf 86' lang='lat' dir='ltr'><strong>Larisam</strong></span> <span class='ocrx_word' id='word_1_122' title='bbox 879 2190 919 2247; x_wconf 82' lang='lat' dir='ltr'>et</span> <span class='ocrx_word' id='word_1_123' title='bbox 941 2181 1122 2247; x_wconf 80' lang='lat' dir='ltr'>Autrona</span> <span class='ocrx_word' id='word_1_124' title='bbox 1144 2188 1182 2246; x_wconf 89' lang='lat' dir='ltr'>et</span> <span class='ocrx_word' id='word_1_125' title='bbox 1204 2180 1293 2247; x_wconf 91' lang='lat' dir='ltr'>Pte·</span> 
     </span>
     <span class='ocr_line' id='line_1_17' title="bbox 138 2289 1293 2374; baseline -0.002 -19"><span class='ocrx_word' id='word_1_126' title='bbox 138 2290 244 2368; x_wconf 89' lang='lat' dir='ltr'>leon,</span> <span class='ocrx_word' id='word_1_127' title='bbox 267 2311 344 2373; x_wconf 90' lang='lat' dir='ltr'>quo</span> <span class='ocrx_word' id='word_1_128' title='bbox 363 2290 402 2354; x_wconf 89' lang='lat' dir='ltr'>in</span> <span class='ocrx_word' id='word_1_129' title='bbox 420 2290 650 2372; x_wconf 88' lang='lat' dir='ltr'>propinquo</span> <span class='ocrx_word' id='word_1_130' title='bbox 668 2289 793 2354; x_wconf 87' lang='lat' dir='ltr'>multo</span> <span class='ocrx_word' id='word_1_131' title='bbox 811 2295 904 2354; x_wconf 86' lang='lat' dir='ltr'>ante</span> <span class='ocrx_word' id='word_1_132' title='bbox 928 2289 1072 2356; x_wconf 86' lang='lat' dir='ltr'>debita</span> <span class='ocrx_word' id='word_1_133' title='bbox 1093 2296 1187 2355; x_wconf 92' lang='lat' dir='ltr'>vota</span> <span class='ocrx_word' id='word_1_134' title='bbox 1207 2310 1293 2374; x_wconf 90' lang='lat' dir='ltr'>per-</span> 
     </span>
     <span class='ocr_line' id='line_1_18' title="bbox 137 2396 1294 2480; baseline -0.001 -16"><span class='ocrx_word' id='word_1_135' title='bbox 137 2396 353 2475; x_wconf 82' lang='lat' dir='ltr'>solverem,</span> <span class='ocrx_word' id='word_1_136' title='bbox 377 2396 554 2480; x_wconf 88' lang='lat' dir='ltr'>Delphos</span> <span class='ocrx_word' id='word_1_137' title='bbox 578 2397 853 2462; x_wconf 83' lang='lat' dir='ltr'>sacrificandi</span> <span class='ocrx_word' id='word_1_138' title='bbox 876 2418 999 2463; x_wconf 86' lang='lat' dir='ltr'>causa</span> <span class='ocrx_word' id='word_1_139' title='bbox 1021 2397 1194 2464; x_wconf 89' lang='lat' dir='ltr'>escendi.</span> <span class='ocrx_word' id='word_1_140' title='bbox 1227 2397 1294 2463; x_wconf 92' lang='lat' dir='ltr'>Ne·</span> 
     </span>
     <span class='ocr_line' id='line_1_19' title="bbox 136 2506 1293 2591; baseline 0.001 -20"><span class='ocrx_word' id='word_1_141' title='bbox 136 2527 201 2591; x_wconf 90' lang='lat' dir='ltr'>que</span> <span class='ocrx_word' id='word_1_142' title='bbox 236 2526 311 2589; x_wconf 89' lang='lat' dir='ltr'>quo</span> <span class='ocrx_word' id='word_1_143' title='bbox 335 2527 393 2588; x_wconf 91' lang='lat' dir='ltr'>pro</span> <span class='ocrx_word' id='word_1_144' title='bbox 427 2512 486 2583; x_wconf 88' lang='lat' dir='ltr'>ut,</span> <span class='ocrx_word' id='word_1_145' title='bbox 509 2527 574 2570; x_wconf 92' lang='lat' dir='ltr'>non</span> <span class='ocrx_word' id='word_1_146' title='bbox 598 2513 755 2588; x_wconf 88' lang='lat' dir='ltr'>sequente</span> <span class='ocrx_word' id='word_1_147' title='bbox 789 2508 1027 2591; x_wconf 88' lang='lat' dir='ltr'>comparativo,</span> <span class='ocrx_word' id='word_1_148' title='bbox 1061 2506 1171 2571; x_wconf 90' lang='lat' dir='ltr'>Livius</span> <span class='ocrx_word' id='word_1_149' title='bbox 1200 2506 1293 2586; x_wconf 82' lang='lat' dir='ltr'><strong>dixit,</strong></span> 
     </span>
     <span class='ocr_line' id='line_1_20' title="bbox 137 2614 1293 2699; baseline -0.001 -19"><span class='ocrx_word' id='word_1_150' title='bbox 137 2634 244 2698; x_wconf 90' lang='lat' dir='ltr'>neque</span> <span class='ocrx_word' id='word_1_151' title='bbox 267 2615 302 2678; x_wconf 91' lang='lat' dir='ltr'>in</span> <span class='ocrx_word' id='word_1_152' title='bbox 325 2615 510 2698; x_wconf 89' lang='lat' dir='ltr'>propinquo</span> <span class='ocrx_word' id='word_1_153' title='bbox 523 2614 740 2698; x_wconf 88' lang='lat' dir='ltr'>persolvenda</span> <span class='ocrx_word' id='word_1_154' title='bbox 757 2622 833 2679; x_wconf 88' lang='lat' dir='ltr'>vota</span> <span class='ocrx_word' id='word_1_155' title='bbox 851 2621 955 2692; x_wconf 88' lang='lat' dir='ltr'>erant,</span> <span class='ocrx_word' id='word_1_156' title='bbox 978 2614 1035 2680; x_wconf 91' lang='lat' dir='ltr'>sed</span> <span class='ocrx_word' id='word_1_157' title='bbox 1047 2614 1183 2698; x_wconf 89' lang='lat' dir='ltr'>Delphis</span> <span class='ocrx_word' id='word_1_158' title='bbox 1200 2614 1293 2699; x_wconf 89' lang='lat' dir='ltr'>ipsis.</span> 
     </span>
     <span class='ocr_line' id='line_1_21' title="bbox 138 2719 1294 2807; baseline -0.001 -19"><span class='ocrx_word' id='word_1_159' title='bbox 138 2719 266 2788; x_wconf 86' lang='lat' dir='ltr'>Codex:</span> <span class='ocrx_word' id='word_1_160' title='bbox 291 2732 329 2787; x_wconf 87' lang='lat' dir='ltr'>et</span> <span class='ocrx_word' id='word_1_161' title='bbox 352 2721 526 2806; x_wconf 80' lang='lat' dir='ltr'>Pycleon</span> <span class='ocrx_word' id='word_1_162' title='bbox 551 2743 626 2804; x_wconf 86' lang='lat' dir='ltr'>qua</span> <span class='ocrx_word' id='word_1_163' title='bbox 648 2723 688 2786; x_wconf 94' lang='lat' dir='ltr'>in</span> <span class='ocrx_word' id='word_1_164' title='bbox 710 2723 940 2806; x_wconf 90' lang='lat' dir='ltr'>propinquo</span> <span class='ocrx_word' id='word_1_165' title='bbox 962 2721 1133 2807; x_wconf 91' lang='lat' dir='ltr'>Delphis</span> <span class='ocrx_word' id='word_1_166' title='bbox 1164 2724 1294 2788; x_wconf 90' lang='lat' dir='ltr'>sacri·</span> 
     </span>
     <span class='ocr_line' id='line_1_22' title="bbox 136 2829 1295 2913; baseline 0.001 -18"><span class='ocrx_word' id='word_1_167' title='bbox 136 2830 321 2895; x_wconf 79' lang='lat' dir='ltr'>ficandai</span> <span class='ocrx_word' id='word_1_168' title='bbox 345 2851 468 2895; x_wconf 89' lang='lat' dir='ltr'>causa</span> <span class='ocrx_word' id='word_1_169' title='bbox 489 2830 614 2895; x_wconf 89' lang='lat' dir='ltr'>multo</span> <span class='ocrx_word' id='word_1_170' title='bbox 638 2838 731 2895; x_wconf 87' lang='lat' dir='ltr'>ante</span> <span class='ocrx_word' id='word_1_171' title='bbox 754 2829 894 2895; x_wconf 84' lang='lat' dir='ltr'>debito</span> <span class='ocrx_word' id='word_1_172' title='bbox 910 2839 1004 2896; x_wconf 86' lang='lat' dir='ltr'>vota</span> <span class='ocrx_word' id='word_1_173' title='bbox 1021 2830 1295 2913; x_wconf 86' lang='lat' dir='ltr'>persolverem</span> 
     </span>
     <span class='ocr_line' id='line_1_23' title="bbox 138 2937 1292 3022; baseline 0 -19"><span class='ocrx_word' id='word_1_174' title='bbox 138 2937 318 3022; x_wconf 88' lang='lat' dir='ltr'>Delphos</span> <span class='ocrx_word' id='word_1_175' title='bbox 353 2938 525 3004; x_wconf 87' lang='lat' dir='ltr'>escendi.</span> <span class='ocrx_word' id='word_1_176' title='bbox 571 2937 688 3022; x_wconf 84' lang='lat' dir='ltr'>Itaque</span> <span class='ocrx_word' id='word_1_177' title='bbox 722 2945 781 3002; x_wconf 85' lang='lat' dir='ltr'>aut</span> <span class='ocrx_word' id='word_1_178' title='bbox 820 2939 866 3002; x_wconf 89' lang='lat' dir='ltr'>sic</span> <span class='ocrx_word' id='word_1_179' title='bbox 906 2938 1115 3003; x_wconf 90' lang='lat' dir='ltr'>scribendum</span> <span class='ocrx_word' id='word_1_180' title='bbox 1147 2938 1292 3004; x_wconf 86' lang='lat' dir='ltr'>videtur:</span> 
     </span>
     <span class='ocr_line' id='line_1_24' title="bbox 139 3046 1295 3132; baseline -0.003 -20"><span class='ocrx_word' id='word_1_181' title='bbox 139 3047 234 3132; x_wconf 88' lang='lat' dir='ltr'>quia</span> <span class='ocrx_word' id='word_1_182' title='bbox 267 3048 306 3111; x_wconf 93' lang='lat' dir='ltr'>in</span> <span class='ocrx_word' id='word_1_183' title='bbox 350 3048 580 3130; x_wconf 89' lang='lat' dir='ltr'>propinquo</span> <span class='ocrx_word' id='word_1_184' title='bbox 620 3065 720 3108; x_wconf 74' lang='lat' dir='ltr'>eran</span> <span class='ocrx_word' id='word_1_185' title='bbox 759 3046 1030 3111; x_wconf 81' lang='lat' dir='ltr'>sacrificandi</span> <span class='ocrx_word' id='word_1_186' title='bbox 1069 3062 1211 3124; x_wconf 85' lang='lat' dir='ltr'>causa,</span> <span class='ocrx_word' id='word_1_187' title='bbox 1256 3053 1295 3109; x_wconf 75' lang='lat' dir='ltr'>ut</span> 
     </span>
     <span class='ocr_line' id='line_1_25' title="bbox 137 3152 1293 3238; baseline -0.001 -18"><span class='ocrx_word' id='word_1_188' title='bbox 137 3154 265 3221; x_wconf 86' lang='lat' dir='ltr'>multo</span> <span class='ocrx_word' id='word_1_189' title='bbox 310 3161 406 3220; x_wconf 87' lang='lat' dir='ltr'>ante</span> <span class='ocrx_word' id='word_1_190' title='bbox 457 3154 599 3219; x_wconf 87' lang='lat' dir='ltr'>debita</span> <span class='ocrx_word' id='word_1_191' title='bbox 649 3161 743 3219; x_wconf 83' lang='lat' dir='ltr'>vota</span> <span class='ocrx_word' id='word_1_192' title='bbox 786 3153 1074 3237; x_wconf 84' lang='lat' dir='ltr'>persolverem,</span> <span class='ocrx_word' id='word_1_193' title='bbox 1113 3152 1293 3238; x_wconf 89' lang='lat' dir='ltr'>Delphos</span> 
     </span>
     <span class='ocr_line' id='line_1_26' title="bbox 139 3261 1295 3347; baseline -0.003 -18"><span class='ocrx_word' id='word_1_194' title='bbox 139 3262 314 3342; x_wconf 83' lang='lat' dir='ltr'>ascendi,</span> <span class='ocrx_word' id='word_1_195' title='bbox 339 3270 397 3328; x_wconf 88' lang='lat' dir='ltr'>ant</span> <span class='ocrx_word' id='word_1_196' title='bbox 417 3264 478 3327; x_wconf 89' lang='lat' dir='ltr'>sic:</span> <span class='ocrx_word' id='word_1_197' title='bbox 502 3263 647 3347; x_wconf 82' lang='lat' dir='ltr'>quiain</span> <span class='ocrx_word' id='word_1_198' title='bbox 670 3263 899 3346; x_wconf 89' lang='lat' dir='ltr'>propinquo</span> <span class='ocrx_word' id='word_1_199' title='bbox 921 3261 1071 3346; x_wconf 90' lang='lat' dir='ltr'>Delphi</span> <span class='ocrx_word' id='word_1_200' title='bbox 1094 3270 1213 3340; x_wconf 78' lang='lat' dir='ltr'>crant,</span> <span class='ocrx_word' id='word_1_201' title='bbox 1236 3282 1295 3326; x_wconf 87' lang='lat' dir='ltr'>sa-</span> 
     </span>
     <span class='ocr_line' id='line_1_27' title="bbox 139 3370 1293 3454; baseline -0.002 -17"><span class='ocrx_word' id='word_1_202' title='bbox 139 3370 360 3438; x_wconf 87' lang='lat' dir='ltr'>crificandi</span> <span class='ocrx_word' id='word_1_203' title='bbox 385 3392 519 3449; x_wconf 88' lang='lat' dir='ltr'>causa,</span> <span class='ocrx_word' id='word_1_204' title='bbox 543 3378 580 3433; x_wconf 78' lang='lat' dir='ltr'>rt</span> <span class='ocrx_word' id='word_1_205' title='bbox 603 3392 644 3435; x_wconf 91' lang='lat' dir='ltr'>m.</span> <span class='ocrx_word' id='word_1_206' title='bbox 663 3391 691 3435; x_wconf 90' lang='lat' dir='ltr'>a.</span> <span class='ocrx_word' id='word_1_207' title='bbox 716 3371 745 3435; x_wconf 89' lang='lat' dir='ltr'>d.</span> <span class='ocrx_word' id='word_1_208' title='bbox 769 3392 797 3434; x_wconf 90' lang='lat' dir='ltr'>v.</span> <span class='ocrx_word' id='word_1_209' title='bbox 815 3370 1098 3454; x_wconf 90' lang='lat' dir='ltr'>persolverem,</span> <span class='ocrx_word' id='word_1_210' title='bbox 1119 3370 1293 3435; x_wconf 86' lang='lat' dir='ltr'>escendi.</span> 
     </span>
     <span class='ocr_line' id='line_1_28' title="bbox 139 3478 1294 3561; baseline -0.003 -14"><span class='ocrx_word' id='word_1_211' title='bbox 139 3479 226 3547; x_wconf 84' lang='lat' dir='ltr'>Nam</span> <span class='ocrx_word' id='word_1_212' title='bbox 259 3481 395 3545; x_wconf 89' lang='lat' dir='ltr'>retineri</span> <span class='ocrx_word' id='word_1_213' title='bbox 431 3486 571 3560; x_wconf 89' lang='lat' dir='ltr'>utroque</span> <span class='ocrx_word' id='word_1_214' title='bbox 600 3479 673 3544; x_wconf 90' lang='lat' dir='ltr'>loco</span> <span class='ocrx_word' id='word_1_215' title='bbox 700 3501 818 3544; x_wconf 91' lang='lat' dir='ltr'>nomen</span> <span class='ocrx_word' id='word_1_216' title='bbox 843 3478 1004 3561; x_wconf 85' lang='lat' dir='ltr'>(Delphi</span> <span class='ocrx_word' id='word_1_217' title='bbox 1031 3512 1075 3522; x_wconf 89' lang='lat'><em>-</em></span> <span class='ocrx_word' id='word_1_218' title='bbox 1097 3478 1294 3561; x_wconf 89' lang='lat' dir='ltr'>Delphos)</span> 
     </span>
     <span class='ocr_line' id='line_1_29' title="bbox 139 3585 1297 3673; baseline -0.003 -19"><span class='ocrx_word' id='word_1_219' title='bbox 139 3610 205 3655; x_wconf 93' lang='lat' dir='ltr'>non</span> <span class='ocrx_word' id='word_1_220' title='bbox 229 3595 343 3673; x_wconf 86' lang='lat' dir='ltr'>potest</span> <span class='ocrx_word' id='word_1_221' title='bbox 377 3590 445 3652; x_wconf 93' lang='lat' dir='ltr'>sine</span> <span class='ocrx_word' id='word_1_222' title='bbox 469 3588 628 3653; x_wconf 86' lang='lat' dir='ltr'>orationis</span> <span class='ocrx_word' id='word_1_223' title='bbox 661 3588 751 3652; x_wconf 90' lang='lat' dir='ltr'>vitio.</span> <span class='ocrx_word' id='word_1_224' title='bbox 796 3586 886 3652; x_wconf 86' lang='lat' dir='ltr'><strong>Infra</strong></span> <span class='ocrx_word' id='word_1_225' title='bbox 909 3586 926 3670; x_wconf 65' lang='grc' dir='ltr'><strong>ἓ</strong></span> <span class='ocrx_word' id='word_1_226' title='bbox 949 3591 968 3652; x_wconf 87' lang='grc'><strong>6</strong></span> <span class='ocrx_word' id='word_1_227' title='bbox 990 3589 1117 3668; x_wconf 91' lang='lat' dir='ltr'>nescio,</span> <span class='ocrx_word' id='word_1_228' title='bbox 1147 3587 1205 3670; x_wconf 92' lang='lat' dir='ltr'>qui</span> <span class='ocrx_word' id='word_1_229' title='bbox 1226 3585 1297 3652; x_wconf 82' lang='lat' dir='ltr'><strong>fac·</strong></span> 
     </span>
     <span class='ocr_line' id='line_1_30' title="bbox 139 3695 1297 3779; baseline -0.002 -17"><span class='ocrx_word' id='word_1_230' title='bbox 139 3703 213 3763; x_wconf 89' lang='lat' dir='ltr'>tum</span> <span class='ocrx_word' id='word_1_231' title='bbox 235 3697 293 3776; x_wconf 92' lang='lat' dir='ltr'>sit,</span> <span class='ocrx_word' id='word_1_232' title='bbox 316 3705 362 3762; x_wconf 88' lang='lat' dir='ltr'>ut.</span> <span class='ocrx_word' id='word_1_233' title='bbox 386 3717 485 3778; x_wconf 91' lang='lat' dir='ltr'>quum</span> <span class='ocrx_word' id='word_1_234' title='bbox 513 3697 546 3760; x_wconf 90' lang='lat' dir='ltr'>in</span> <span class='ocrx_word' id='word_1_235' title='bbox 570 3695 681 3761; x_wconf 88' lang='lat' dir='ltr'>codice</span> <span class='ocrx_word' id='word_1_236' title='bbox 709 3703 797 3761; x_wconf 89' lang='lat' dir='ltr'>recte</span> <span class='ocrx_word' id='word_1_237' title='bbox 821 3697 981 3779; x_wconf 87' lang='lat' dir='ltr'>scriptum</span> <span class='ocrx_word' id='word_1_238' title='bbox 1003 3702 1108 3761; x_wconf 85' lang='lat' dir='ltr'>esset:</span> <span class='ocrx_word' id='word_1_239' title='bbox 1142 3730 1187 3740; x_wconf 93' lang='lat'><em>-</em></span> <span class='ocrx_word' id='word_1_240' title='bbox 1217 3695 1297 3760; x_wconf 82' lang='lat' dir='ltr'>Eu-</span> 
     </span>
     <span class='ocr_line' id='line_1_31' title="bbox 139 3803 1296 3888; baseline -0.001 -18"><span class='ocrx_word' id='word_1_241' title='bbox 139 3825 289 3870; x_wconf 92' lang='lat' dir='ltr'>menem</span> <span class='ocrx_word' id='word_1_242' title='bbox 324 3825 411 3870; x_wconf 89' lang='lat' dir='ltr'>esse</span> <span class='ocrx_word' id='word_1_243' title='bbox 452 3803 627 3887; x_wconf 78' lang='lat' dir='ltr'>[l&#39;ahlenio</span> <span class='ocrx_word' id='word_1_244' title='bbox 666 3811 764 3869; x_wconf 88' lang='lat' dir='ltr'>teste:</span> <span class='ocrx_word' id='word_1_245' title='bbox 794 3803 1169 3888; x_wconf 87' lang='lat' dir='ltr'>Eumenenecesse];</span> <span class='ocrx_word' id='word_1_246' title='bbox 1202 3824 1296 3869; x_wconf 90' lang='lat' dir='ltr'>con·</span> 
     </span>
     <span class='ocr_line' id='line_1_32' title="bbox 141 3911 1294 3998; baseline -0.002 -20"><span class='ocrx_word' id='word_1_247' title='bbox 141 3915 357 3998; x_wconf 88' lang='lat' dir='ltr'>quiescere</span> <span class='ocrx_word' id='word_1_248' title='bbox 382 3914 514 3978; x_wconf 90' lang='lat' dir='ltr'>socios</span> <span class='ocrx_word' id='word_1_249' title='bbox 532 3920 692 3978; x_wconf 89' lang='lat' dir='ltr'>vestros</span> <span class='ocrx_word' id='word_1_250' title='bbox 719 3932 796 3976; x_wconf 94' lang='lat' dir='ltr'>non</span> <span class='ocrx_word' id='word_1_251' title='bbox 819 3934 951 3996; x_wconf 88' lang='lat' dir='ltr'>posse,</span> <span class='ocrx_word' id='word_1_252' title='bbox 975 3911 1134 3996; x_wconf 70' lang='lat' dir='ltr'>Gryneus</span> <span class='ocrx_word' id='word_1_253' title='bbox 1168 3912 1294 3978; x_wconf 88' lang='lat' dir='ltr'>ederet:</span> 
     </span>
     <span class='ocr_line' id='line_1_33' title="bbox 139 4018 1295 4104; baseline -0.003 -17"><span class='ocrx_word' id='word_1_254' title='bbox 139 4020 353 4087; x_wconf 86' lang='lat' dir='ltr'>Eumenem</span> <span class='ocrx_word' id='word_1_255' title='bbox 384 4041 483 4099; x_wconf 86' lang='lat' dir='ltr'>esse,</span> <span class='ocrx_word' id='word_1_256' title='bbox 506 4040 579 4085; x_wconf 90' lang='lat' dir='ltr'>nec</span> <span class='ocrx_word' id='word_1_257' title='bbox 602 4041 739 4103; x_wconf 89' lang='lat' dir='ltr'>conqu.</span> <span class='ocrx_word' id='word_1_258' title='bbox 764 4041 842 4085; x_wconf 91' lang='lat' dir='ltr'>soc.</span> <span class='ocrx_word' id='word_1_259' title='bbox 865 4028 1025 4087; x_wconf 88' lang='lat' dir='ltr'>vestros</span> <span class='ocrx_word' id='word_1_260' title='bbox 1049 4042 1176 4104; x_wconf 87' lang='lat' dir='ltr'>posse.</span> <span class='ocrx_word' id='word_1_261' title='bbox 1211 4018 1295 4101; x_wconf 81' lang='lat' dir='ltr'><strong>[An-</strong></span> 
     </span>
     <span class='ocr_line' id='line_1_34' title="bbox 139 4127 1296 4208; baseline -0.004 -12"><span class='ocrx_word' id='word_1_262' title='bbox 139 4137 303 4208; x_wconf 88' lang='lat' dir='ltr'>tronas‚</span> <span class='ocrx_word' id='word_1_263' title='bbox 331 4136 368 4193; x_wconf 90' lang='lat' dir='ltr'>ut</span> <span class='ocrx_word' id='word_1_264' title='bbox 393 4136 442 4193; x_wconf 90' lang='lat' dir='ltr'>est</span> <span class='ocrx_word' id='word_1_265' title='bbox 469 4130 504 4193; x_wconf 94' lang='lat' dir='ltr'>in</span> <span class='ocrx_word' id='word_1_266' title='bbox 533 4128 644 4194; x_wconf 90' lang='lat' dir='ltr'>codice</span> <span class='ocrx_word' id='word_1_267' title='bbox 674 4128 726 4193; x_wconf 90' lang='lat' dir='ltr'>hic</span> <span class='ocrx_word' id='word_1_268' title='bbox 754 4135 788 4194; x_wconf 87' lang='lat' dir='ltr'>et</span> <span class='ocrx_word' id='word_1_269' title='bbox 815 4149 841 4192; x_wconf 94' lang='lat' dir='ltr'>c.</span> <span class='ocrx_word' id='word_1_270' title='bbox 872 4131 921 4207; x_wconf 82' lang='lat'>67,</span> <span class='ocrx_word' id='word_1_271' title='bbox 955 4131 984 4207; x_wconf 81' lang='lat'>9,</span> <span class='ocrx_word' id='word_1_272' title='bbox 1017 4149 1084 4193; x_wconf 93' lang='lat' dir='ltr'>non</span> <span class='ocrx_word' id='word_1_273' title='bbox 1116 4127 1296 4192; x_wconf 81' lang='lat' dir='ltr'><strong>Antrona</strong></span> 
     </span>
     <span class='ocr_line' id='line_1_35' title="bbox 143 4231 1297 4321; baseline -0.005 -18"><span class='ocrx_word' id='word_1_274' title='bbox 143 4236 274 4303; x_wconf 86' lang='lat' dir='ltr'>Livium</span> <span class='ocrx_word' id='word_1_275' title='bbox 303 4239 473 4320; x_wconf 89' lang='lat' dir='ltr'>scripsisse</span> <span class='ocrx_word' id='word_1_276' title='bbox 503 4245 644 4321; x_wconf 86' lang='lat' dir='ltr'>apparet</span> <span class='ocrx_word' id='word_1_277' title='bbox 672 4258 711 4302; x_wconf 85' lang='lat' dir='ltr'>ex</span> <span class='ocrx_word' id='word_1_278' title='bbox 740 4234 848 4301; x_wconf 82' lang='lat' dir='ltr'><strong>Strab.</strong></span> <span class='ocrx_word' id='word_1_279' title='bbox 872 4235 934 4314; x_wconf 88' lang='lat' dir='ltr'>IX,</span> <span class='ocrx_word' id='word_1_280' title='bbox 968 4258 999 4319; x_wconf 91' lang='lat' dir='ltr'>p.</span> <span class='ocrx_word' id='word_1_281' title='bbox 1030 4237 1092 4299; x_wconf 80' lang='lat'>432</span> <span class='ocrx_word' id='word_1_282' title='bbox 1121 4231 1205 4312; x_wconf 84' lang='lat' dir='ltr'>Cas,</span> <span class='ocrx_word' id='word_1_283' title='bbox 1228 4232 1297 4298; x_wconf 83' lang='lat' dir='ltr'>Pe.-</span> 
     </span>
    </p>
   </div>
   <div class='ocr_carea' id='block_1_3' title="bbox 141 4341 1296 4536">
    <p class='ocr_par' dir='ltr' id='par_1_4' title="bbox 141 4341 1296 4536">
     <span class='ocr_line' id='line_1_36' title="bbox 141 4341 1296 4429; baseline -0.003 -18"><span class='ocrx_word' id='word_1_284' title='bbox 141 4345 310 4411; x_wconf 87' lang='lat' dir='ltr'>Demosth.</span> <span class='ocrx_word' id='word_1_285' title='bbox 346 4344 487 4429; x_wconf 91' lang='lat' dir='ltr'>Philipp.</span> <span class='ocrx_word' id='word_1_286' title='bbox 522 4344 575 4422; x_wconf 86' lang='lat' dir='ltr'>IV,</span> <span class='ocrx_word' id='word_1_287' title='bbox 611 4348 629 4408; x_wconf 81' lang='lat'>9</span> <span class='ocrx_word' id='word_1_288' title='bbox 664 4345 873 4428; x_wconf 87' lang='lat' dir='ltr'>vestigiisque</span> <span class='ocrx_word' id='word_1_289' title='bbox 906 4341 1055 4408; x_wconf 90' lang='lat' dir='ltr'>codicum</span> <span class='ocrx_word' id='word_1_290' title='bbox 1082 4341 1171 4425; x_wconf 90' lang='lat' dir='ltr'>apud</span> <span class='ocrx_word' id='word_1_291' title='bbox 1200 4341 1296 4407; x_wconf 91' lang='lat' dir='ltr'>Diod.</span> 
     </span>
     <span class='ocr_line' id='line_1_37' title="bbox 148 4448 952 4536; baseline -0.006 -16"><span class='ocrx_word' id='word_1_292' title='bbox 148 4452 212 4520; x_wconf 88' lang='lat' dir='ltr'>Sic.</span> <span class='ocrx_word' id='word_1_293' title='bbox 236 4451 305 4534; x_wconf 80' lang='lat' dir='ltr'>XX,</span> <span class='ocrx_word' id='word_1_294' title='bbox 330 4459 390 4520; x_wconf 89' lang='lat'>110</span> <span class='ocrx_word' id='word_1_295' title='bbox 413 4453 484 4536; x_wconf 78' lang='lat' dir='ltr'>(cfr.</span> <span class='ocrx_word' id='word_1_296' title='bbox 506 4453 639 4519; x_wconf 87' lang='lat' dir='ltr'>Advers.</span> <span class='ocrx_word' id='word_1_297' title='bbox 663 4453 734 4518; x_wconf 88' lang='lat' dir='ltr'>crit.</span> <span class='ocrx_word' id='word_1_298' title='bbox 757 4451 773 4516; x_wconf 92' lang='lat'>1</span> <span class='ocrx_word' id='word_1_299' title='bbox 795 4475 827 4536; x_wconf 91' lang='lat' dir='ltr'>p.</span> <span class='ocrx_word' id='word_1_300' title='bbox 851 4448 952 4533; x_wconf 79' lang='lat'>517).]</span> 
     </span>
    </p>
   </div>
   <div class='ocr_carea' id='block_1_4' title="bbox 0 0 1510 5108">
    <p class='ocr_par' dir='ltr' id='par_1_5' title="bbox 0 0 1510 5108">
     <span class='ocr_line' id='line_1_38' title="bbox 0 0 1510 5108; baseline 0 0"><span class='ocrx_word' id='word_1_301' title='bbox 0 0 1510 5108; x_wconf 95' lang='lat' dir='ltr'> </span> 
     </span>
    </p>
   </div>
  </div>
 </body>
</html>
