2994 5108
692 467 733 530 9⁵
1157 480 1219 536 aa.
1238 480 1287 536 111.

131 645 224 725 Qua
252 651 289 717 si
316 652 358 719 in
387 672 484 737 rege
507 658 543 715 et
565 671 637 716 ne
661 651 817 731 eodem,
845 651 909 717 hoc
931 658 997 731 est,
1026 657 1059 717 et
1088 652 1185 718 simul
1212 675 1289 734 nnc,

130 757 222 840 quod
251 766 392 845 perapte
413 762 617 829 contrarium
639 754 774 845 ponitur
796 759 878 825 illis:
909 781 1022 844 quem
1050 760 1227 826 laturum
1250 762 1289 826 in

127 870 187 929 sos
207 867 403 952 privatis.
448 867 555 947 Quam
576 867 683 949 facile,
712 867 814 935 semel
837 868 960 953 scripto
984 888 1010 948 e,
1034 890 1074 934 ex
1096 875 1194 942 tuno
1215 869 1289 936 lieri

127 976 281 1059 potuerit
300 983 394 1059 tum,
417 983 521 1063 patet.
566 975 691 1060 (1875.)

216 1082 317 1170 *Gap
338 1089 393 1167 40,
414 1090 451 1151 7:
473 1085 569 1153 Alia
590 1085 812 1164 sententia,
836 1085 1024 1169 asperior
1045 1084 1288 1169 inspeciem,

128 1190 210 1258 rim
225 1193 424 1261 minorem
441 1193 659 1279 aliquanto
676 1191 831 1273 habuit,
856 1213 939 1277 quse
956 1193 1159 1277 patricios
1177 1193 1289 1260 coire

128 1299 181 1366 ad
200 1300 454 1385 prodendum
470 1303 720 1386 interregem
735 1300 916 1367 iubebat.
958 1297 1167 1367 Censendo
1186 1302 1289 1367 enim

128 1429 401 1495 quoscunque
430 1411 699 1495 magistratus
722 1429 828 1488 esse,
864 1410 932 1492 qui
956 1414 1141 1474 senatum
1164 1409 1288 1476 habe·

126 1522 233 1596 rent,
262 1517 491 1599 iudicabat,
521 1539 622 1604 quos
644 1517 831 1601 privatos
854 1515 1016 1582 fecerat
1037 1521 1183 1582 auctor
1204 1518 1289 1582 nul·
1366 1545 1370 1553 =

126 1623 212 1692 lius
242 1622 340 1691 soti
368 1625 561 1692 faciendi.
611 1625 717 1691 Locus
746 1624 800 1691 hic
823 1630 857 1689 et
880 1623 1054 1691 emendare
1077 1631 1110 1690 et
1133 1645 1288 1691 enarrare

130 1734 328 1800 conantium
350 1734 469 1800 studiis
492 1733 678 1801 celebratus
701 1739 768 1814 est,
798 1753 938 1818 quorum
961 1739 1071 1798 tamen
1093 1753 1189 1798 nemo
1212 1731 1288 1798 effe-

128 1841 192 1922 cit,
224 1847 265 1908 ut
296 1841 519 1909 tolerabiliter
551 1841 801 1926 appellarentur
827 1840 878 1906 illi
906 1841 1136 1924 quicunque
1163 1842 1288 1924 magi-

128 1954 306 2031 stratum
335 1971 428 2016 nam:
460 1949 601 2016 iudico
632 1956 671 2016 te
700 1970 978 2034 quemcunque
1001 1950 1287 2032 magistratum

128 2076 223 2124 esse
250 2079 313 2143 pro
341 2079 397 2138 eo,
430 2059 521 2143 quod
549 2064 615 2124 est:
649 2057 784 2124 indico
812 2064 852 2123 te
879 2044 1166 2140 magistratum
1189 2078 1286 2137 esse,

126 2165 432 2251 qualiscunque
455 2188 506 2247 es,
528 2187 622 2251 nugae
644 2187 743 2234 meree
766 2170 857 2245 sunt3
880 2165 909 2229 si
930 2169 1044 2248 posset
1065 2164 1134 2229 ulla
1155 2166 1284 2232 ratione
1302 2176 1356 2243 (79)

126 2275 180 2340 ita
201 2274 268 2340 diei
283 2295 465 2359 pronomen
483 2273 588 2359 (quod
608 2294 674 2339 non
696 2271 833 2358 potest),
858 2271 1114 2356 significaretur:
1140 2294 1287 2340 censeo

126 2382 171 2446 in
202 2386 242 2448 te
270 2403 348 2449 uno
371 2403 508 2448 omnes
530 2383 798 2466 magistratus
820 2382 968 2446 inesse.
1022 2378 1138 2465 Neque
1162 2382 1192 2447 ei
1215 2403 1287 2449 sen-

126 2490 260 2570 tentia,
299 2510 400 2574 quam
432 2490 552 2556 Petrus
585 2488 734 2555 Nannius
768 2509 839 2555 esse
883 2487 1003 2554 debere
1048 2488 1144 2568 vidit,
1190 2491 1288 2556 satis·

125 2598 241 2665 faeere
261 2598 385 2664 nudum
410 2597 625 2678 censendo,
659 2596 812 2664 Dukerus
834 2603 924 2663 recte
948 2597 1194 2679 animadvertit3
1229 2599 1287 2664 sed

126 2706 181 2787 id,
215 2705 304 2790 quod
333 2706 556 2786 desideratur,
588 2727 654 2772 non
682 2706 792 2791 explet
820 2706 880 2770 ita
908 2711 967 2770 aut
993 2705 1083 2784 hoc,
1117 2706 1204 2789 quod
1232 2706 1287 2771 hic

124 2813 332 2899 requirebat.
376 2813 452 2881 Una
471 2814 585 2881 littera
606 2815 770 2894 restitute,
794 2835 894 2898 quam
916 2814 1120 2898 pronominis
1144 2813 1186 2879 ad
1209 2815 1286 2878 vici-

125 2943 212 2988 num
243 2921 486 2989 substantivum
519 2944 622 3009 prava
654 2921 914 2989 accommodatio
950 2921 1112 3005 corrupit,
1147 2919 1286 2986 efficitur

125 3050 262 3096 rerum:
303 3026 512 3097 (densendo
552 3033 655 3097 enim
695 3031 976 3116 quodcunque,
1014 3029 1286 3110 magistratus

124 3157 241 3218 esse,
268 3138 338 3224 qui
368 3144 555 3205 senatum
576 3138 784 3218 haberent,
807 3136 1032 3203 indicabat:
1067 3136 1160 3201 Denn
1184 3136 1288 3202 durch

124 3246 192 3312 dae
214 3245 367 3327 Votiren‚
398 3247 539 3313 welcher
566 3247 651 3313 auch
679 3248 794 3312 immer
817 3245 876 3310 der
897 3245 1007 3311 Inhalt
1030 3245 1088 3315 dea
1111 3245 1188 3311 Voti
1210 3267 1286 3327 war,

123 3351 289 3420 erkannts
318 3355 366 3421 sie
388 3377 431 3421 an
454 3353 631 3438 (dadurch‚
665 3354 743 3420 dass
766 3374 857 3434 man,
881 3375 948 3419 was
971 3353 1056 3419 auch
1078 3355 1207 3434 immer‚
1229 3377 1286 3417 vo-

121 3463 219 3544 tirte,
240 3461 402 3530 erkennte
425 3485 502 3530 man
524 3462 626 3546 an).¹)
662 3460 727 3528 Sed
749 3463 845 3548 plura
867 3461 907 3527 de
929 3460 993 3528 hoc
1015 3463 1123 3548 capite
1147 3462 1286 3528 dicenda

122 3576 217 3637 snut
267 3570 355 3637 Nam
369 3567 476 3656 ¹paulo
498 3577 575 3657 post
598 3568 629 3654 (ᾗ
652 3569 685 3653 9)
710 3570 745 3635 L.
770 3566 941 3636 Cornelius
963 3570 1206 3652 Maluginensis,
1229 3572 1285 3653 qui

122 3678 258 3745 occulte
288 3677 492 3747 decemviros
513 3679 685 3761 tuebatur,
720 3679 892 3744 dictitasse
916 3683 1081 3756 narratur,
1103 3679 1216 3743 mirari
1239 3700 1285 3757 se,

121 3807 274 3873 quonam
305 3785 376 3853 fato
410 3786 596 3868 incidisset,
635 3795 679 3853 ut
719 3785 983 3865 decemviros,
1023 3787 1090 3868 qui
1129 3786 1283 3850 decem-

119 3896 306 3962 viratum
339 3895 561 3980 petissent,
600 3900 670 3961 aut
706 3895 809 3960 socii
845 3901 915 3959 aut
949 3893 990 3958 hi
1016 3894 1186 3958 maxime
1216 3914 1284 3976 op-

154 4082 179 4149 ¹)
199 4079 244 4135 Ne
265 4088 344 4137 certe
365 4085 396 4136 et
417 4079 551 4137 facillima
568 4081 745 4137 corrections
762 4085 872 4150 utetur,
898 4079 1143 4135 Weissenbornius
1160 4077 1281 4132 incredi-

194 4165 297 4221 biliter
321 4171 435 4223 enarrat
460 4183 697 4236 quoscunque,
723 4173 757 4222 ut
783 4167 821 4222 sit
846 4166 1075 4237 magistratus
1102 4181 1187 4232 esse,
1216 4165 1284 4232 qui·

148 4305 153 4311 .
197 4267 331 4320 cunque
362 4249 532 4321 (quicunque
561 4253 746 4323 magistratus
754 4252 779 4320 l)
812 4252 889 4307 sint.
938 4252 1061 4307 Putatne
1087 4249 1188 4304 Latine
1215 4248 1282 4301 dici:

195 4334 406 4392 Ciceronem
425 4353 657 4406 quemcunque
674 4337 920 4409 philosophum
937 4336 1074 4391 indico?

1329 4660 1440 4806 Ι
