2994 5108
686 483 746 545 116
1165 498 1293 556 nrum.

135 669 221 736 enim
244 672 339 749 c.43,
364 670 401 732 ll
427 666 550 733 dicitur
571 666 637 732 uix
659 666 823 733 deorum
846 669 1003 754 opibus,
1032 672 1130 754 quin
1152 671 1294 738 obrua-

135 783 202 844 tur
223 779 405 844 Romana
431 797 515 856 res,
542 776 688 843 resisti
710 797 842 861 posse.
898 777 964 844 Sed
986 778 1078 845 aliud
1098 779 1183 845 latet
1204 802 1294 846 men-

136 888 229 969 dum;
263 886 470 971 ineptissime
503 886 592 952 enim
621 884 669 968 (in
697 886 813 952 auxilii
841 887 1022 970 mentione)
1051 889 1187 955 additur
1214 910 1294 955 om·

135 997 258 1076 nium,
287 994 382 1079 quasi
412 994 453 1060 de
481 1014 644 1060 concursu
673 995 818 1060 omnium
841 997 1004 1080 cogitetur
1026 997 1069 1063 ad
1091 997 1126 1062 id
1150 997 1293 1065 efficien-

136 1105 223 1186 dum,
246 1103 337 1188 quod
358 1104 534 1188 pauciores
556 1109 731 1198 nequeant.
781 1103 893 1188 Longe
915 1105 1012 1171 alitor
1034 1106 1068 1171 in
1090 1107 1293 1174 exsecrando

136 1235 208 1280 cum
247 1212 391 1278 ridicula
430 1211 688 1296 exaggeratione
727 1211 781 1277 dei
819 1234 933 1279 omnes
974 1214 1117 1297 aliquem
1156 1216 1294 1300 perdere

138 1322 295 1389 iubentur
321 1325 357 1387 et
384 1320 428 1386 ad
456 1320 596 1386 eundem
624 1320 759 1386 modum
788 1321 855 1387 alia
878 1321 1042 1388 dicuntur.
1097 1323 1226 1404 Livius,
1259 1327 1293 1391 ni

139 1429 248 1512 fallor,
283 1429 478 1516 scripserat:
512 1428 577 1493 vix
612 1449 685 1512 ope
719 1428 883 1495 deorum
912 1431 1174 1509 hominumque
1203 1433 1293 1495 sisti

137 1540 356 1625 potuisset.
411 1536 474 1602 Vix
502 1536 605 1602 ullam
633 1537 777 1603 divinam
806 1537 1024 1605 humanamve
1053 1560 1149 1625 opem
1178 1539 1294 1606 suffec-

138 1653 246 1714 turam
279 1645 383 1714 fuisse
416 1645 507 1712 dicit.
570 1645 619 1711 De
659 1648 870 1713 commutatis
902 1647 1011 1714 verbis
1044 1648 1226 1715 homines
1261 1656 1294 1715 et

138 1777 269 1824 omnes
290 1754 374 1822 nihil
396 1776 479 1840 opus
501 1761 552 1820 cst
573 1754 648 1820 dici.

202 1864 303 1951 ·Cap.
328 1870 382 1945 19,
414 1869 448 1928 5:
482 1862 533 1944 (Α.
558 1861 729 1929 Cornelius
758 1862 895 1946 Cossus)
929 1870 1054 1948 caput
1087 1864 1293 1931 abscisum

140 1972 330 2056 (Tolumnii)
359 1973 494 2038 victor
523 1971 686 2055 spiculo
714 1993 860 2055 gerens
883 1979 1044 2038 terrore
1067 1974 1160 2039 caesi
1182 1976 1292 2057 regis

138 2081 274 2149 hostes
296 2080 414 2148 fudit.
466 2080 529 2146 Ita
552 2081 734 2163 equitum
757 2101 919 2164 quoque
942 2080 1032 2147 fusa
1054 2082 1180 2161 acies,
1209 2102 1293 2165 quae

139 2211 215 2256 uua
235 2189 396 2257 fecerat
417 2209 567 2272 anceps
591 2195 804 2255 certamen.
838 2188 901 2254 Vix
924 2189 1078 2270 adducor,
1101 2197 1140 2256 ut
1161 2191 1294 2257 credam

141 2297 262 2364 Livium
290 2298 340 2364 ita
369 2297 540 2383 scripsisse
568 2317 634 2362 non
663 2297 770 2363 solum
797 2296 1003 2382 ineleganter
1031 2300 1172 2383 repetito
1195 2300 1293 2367 verbo

140 2407 260 2488 eodem,
289 2406 348 2472 sed
370 2427 446 2472 cum
468 2412 586 2491 aperta
608 2407 801 2491 tautologia,
832 2409 988 2490 quoniam
1012 2408 1139 2491 equites
1163 2430 1294 2494 quoque

138 2513 249 2583 hostes
279 2520 383 2582 erant.
439 2513 487 2579 Ac
519 2535 560 2581 ne
588 2515 662 2598 ipsa
695 2515 829 2598 quidem
856 2515 926 2581 haec
955 2515 1092 2582 ablativi
1119 2538 1192 2582 eum
1220 2517 1294 2583 fun-

142 2623 238 2690 dendi
276 2622 378 2691 verbo
419 2623 460 2689 de
493 2622 638 2707 fugando
672 2624 782 2708 posito
821 2625 1006 2690 coniunctio
1040 2625 1294 2710 reprehensione

145 2739 240 2799 caret.
297 2732 417 2816 Itaque
450 2730 627 2797 videndum
656 2739 752 2817 puto,
785 2753 828 2798 ne
856 2732 967 2798 Livius
997 2735 1180 2818 scripserit:
1214 2741 1295 2800 ter-

140 2861 227 2907 rore
257 2841 352 2906 caesi
380 2839 490 2925 regis
512 2839 654 2907 hostes
677 2841 861 2922 pertudit.
907 2841 969 2906 Ita
992 2841 1173 2927 equitum
1196 2863 1294 2925 quo-

140 2969 207 3032 que
229 2948 326 3015 fusa
348 2949 457 3015 acies
479 2955 541 3014 cet.
586 2947 710 3031 (1861.)

219 3055 298 3143 Gap.
322 3061 374 3138 20,
397 3061 418 3122 8
440 3056 569 3137 faciam,
598 3058 686 3141 quod
708 3079 784 3124 raro
808 3057 908 3138 soleo,
936 3066 973 3123 ut
995 3066 1139 3124 veterem
1161 3059 1288 3123 coniec·
1306 3088 1361 3157 (96)

139 3169 241 3232 turam
265 3165 462 3250 protraham
484 3172 518 3231 et
542 3166 724 3247 defendam,
747 3167 836 3251 quod
859 3167 1009 3252 exemplo
1031 3167 1085 3232 hic
1106 3167 1199 3232 locus
1223 3188 1294 3232 csse

139 3280 254 3358 potest,
279 3295 380 3358 quam
402 3295 488 3358 aegre
511 3274 677 3341 interdum
700 3276 800 3340 etiam
822 3275 855 3339 in
878 3276 1061 3360 perspicuis
1084 3274 1184 3341 rebus
1201 3273 1294 3341 facil·

139 3380 222 3450 limis
257 3382 546 3450 emendationibus
580 3382 744 3476 credatur,
799 3383 979 3467 Postquam
1008 3385 1095 3449 enim
1118 3384 1230 3450 Livius
1253 3384 1294 3451 de

140 3491 250 3577 spoliis
286 3492 406 3577 opimis
440 3491 481 3557 ab
505 3491 542 3557 A.
567 3489 719 3558 Cornelio
749 3489 849 3558 Cosso
883 3492 1017 3558 tribuno
1046 3493 1188 3558 militum
1215 3493 1293 3559 latis

139 3600 270 3684 eiusque
291 3600 343 3666 rei
365 3600 556 3667 testimonio
579 3599 671 3680 dixit,
699 3599 770 3665 haec
793 3600 941 3666 subiicit:
977 3602 1045 3684 qui
1068 3602 1101 3666 si
1125 3623 1171 3667 ea
1192 3601 1231 3665 in
1252 3622 1293 3667 re

140 3708 187 3773 sit
209 3729 343 3789 error,
374 3708 479 3792 quod
506 3713 586 3773 tam
614 3713 775 3774 veteres
805 3709 974 3775 annales
998 3708 1189 3794 quodque
1212 3730 1294 3774 ma-

139 3816 386 3899 gistratuum
413 3815 515 3882 libri
541 3851 585 3861 -
613 3817 787 3902 septimo
816 3824 910 3902 post
938 3818 1092 3883 demum
1120 3838 1223 3882 anno
1250 3853 1294 3862 -

139 3923 172 3990 l.
203 3923 443 3991 Cornelium
477 3922 645 3992 Cossum
679 3924 888 3990 consulem
922 3925 1117 4005 habeant,
1152 3925 1293 3990 existi-

140 4035 260 4100 matio
290 4033 514 4100 communis
544 4033 729 4099 omnihus
752 4039 822 4099 est.
879 4033 958 4100 Haec
980 4056 1080 4118 quam
1103 4035 1170 4099 sint
1190 4054 1293 4116 nuga·

140 4142 236 4223 toria,
265 4141 522 4208 consideremus.
578 4142 723 4208 Primum
745 4142 808 4208 hoc
831 4143 900 4225 qui
924 4163 1037 4208 error
1058 4141 1139 4206 nihil
1162 4142 1292 4207 omnino

140 4245 244 4334 habet,
268 4271 336 4337 quo
359 4250 538 4332 referatur;
568 4253 782 4335 nequeenim
806 4250 895 4316 ullus
918 4257 994 4316 ante
1019 4257 1293 4317 commemoratur

142 4376 242 4441 error,
278 4359 375 4424 cuius
411 4360 556 4444 suspicio
590 4380 631 4425 ex
664 4380 703 4426 eo
732 4359 862 4425 demum
890 4360 1053 4439 nascitur,
1088 4358 1177 4442 quod
1204 4380 1293 4426 nunc

1026 4477 1059 4532 8*
