2994 5108
691 484 769 545 741.
1131 498 1193 553 Lib.
1212 496 1297 553 XLV.

232 668 309 753 Cap.
334 672 383 749 37,
408 672 427 732 2
451 667 563 752 (11Μ.
588 665 717 733 Servilii
733 668 897 734 >oratione
929 673 1045 733 contra
1068 665 1136 733 Ser.
1160 667 1300 735 Galbam

144 800 205 881 pro
238 777 406 862 triumpho
445 776 480 842 L.
522 775 674 858 AEmilii):
708 775 856 841 Eadem
889 777 1089 843 severitas
1123 777 1298 862 imperii,

145 906 262 968 quam
285 905 388 951 nunc
412 885 594 963 oderunt,
617 891 711 950 tuno
736 885 820 963 (cod.
841 893 893 963 ut,
917 906 979 950 sor.
1002 885 1097 966 tum)
1121 906 1188 951 eos
1211 906 1298 950 con·

144 995 281 1059 tinuit.
326 992 472 1077 ltaque
496 994 669 1076 antiqua
698 992 926 1076 disciplina
953 993 1089 1058 habiti
1119 992 1204 1076 (cod.
1234 993 1299 1059 ha·

145 1101 248 1183 bita)
277 1123 405 1184 neque
428 1099 625 1166 fecerunt.
671 1100 842 1167 Postrema
864 1103 933 1167 haec
956 1122 1057 1184 quum
1081 1123 1211 1167 sensum
1233 1122 1299 1167 non

146 1209 268 1276 habore
291 1209 503 1276 manifestum
525 1218 625 1288 esset,
648 1212 847 1276 recentiores
870 1211 996 1276 lacunae
1018 1212 1112 1294 signa
1134 1215 1210 1275 ante
1232 1231 1299 1275 ne·

145 1339 220 1402 que
242 1312 436 1402 posuerunt.
476 1318 690 1385 Scribondum
714 1324 800 1384 orat:
824 1319 968 1402 Itaque
991 1320 1161 1401 antiqua
1178 1318 1299 1384 disci·

145 1427 258 1511 plina
279 1426 414 1491 habiti
436 1426 678 1504 quieverunt,
702 1428 856 1493 restituto
885 1448 923 1492 eo
952 1427 1067 1507 verbo,
1096 1428 1185 1511 quod
1208 1427 1250 1492 ad
1271 1448 1297 1493 o.

147 1539 230 1613 23‚6
249 1535 316 1600 dixi
339 1534 434 1599 huius
446 1534 576 1599 librarii
593 1535 759 1602 erroribus
778 1535 954 1602 obnoxium
965 1535 1074 1600 fuisse.
1097 1535 1183 1600 Nam
1201 1535 1298 1618 (prae-

143 1645 274 1726 terqui
297 1642 417 1709 hodie
441 1664 532 1709 esse
550 1664 609 1726 pro
627 1643 745 1709 hodio
764 1642 1051 1727 quiesseXLIV,
1067 1647 1116 1723 36,
1132 1643 1184 1724 13)
1201 1643 1297 1710 huius

143 1751 220 1817 libri
238 1773 263 1817 c.
278 1755 360 1830 22,4
376 1773 436 1836 pro
455 1752 703 1835 quieverunt
721 1752 854 1835 scripsit
872 1753 941 1835 qui
959 1751 1126 1817 luerunt
1149 1755 1298 1832 11143,

146 1864 165 1924 9
182 1882 242 1944 pro
260 1859 325 1924 his:
343 1881 389 1925 ne
412 1861 575 1942 quietus
599 1860 760 1942 quidem
782 1860 851 1925 haec
870 1861 1002 1944 scripsit
1019 1866 1176 1939 monstra,
1199 1881 1299 1942 quum

146 1989 180 2034 se
203 1989 223 2033 a
244 1968 350 2051 primo
375 1989 485 2034 errore
508 1987 664 2034 revocans
694 1970 727 2033 in
755 1962 874 2034 norum
901 1967 1065 2034 indueret:
1100 1989 1229 2050 neque
1258 1968 1297 2033 ui

145 2097 274 2160 nequo
298 2076 478 2141 eiusdem
501 2076 673 2159 quidem.
708 2076 794 2142 Nam
813 2079 925 2160 primae
948 2077 1066 2143 litterae
1091 2076 1189 2160 (qui)
1212 2076 1297 2143 alius

145 2186 235 2250 vocis
266 2185 407 2267 speciem
441 2184 649 2250 obiioiebant.
695 2185 812 2267 Itaque
842 2187 940 2251 etiam
965 2184 1095 2263 XXXV,
1118 2191 1169 2255 40,
1195 2189 1213 2249 3
1236 2207 1297 2270 pro

144 2292 235 2359 Boii
258 2294 504 2377 quieverunt
521 2293 680 2383 inpodice
696 2292 933 2376 Bambergensi
951 2294 1189 2376 scriptumest:
1212 2292 1298 2358 Boi·

145 2422 222 2485 que
245 2401 295 2465 VI
312 2400 493 2478 fuerunt,
517 2401 550 2465 in
573 2401 805 2467 deterioribus:
829 2401 1190 2486 Boiiquifuorunt.
1215 2401 1299 2485 [lam

145 2509 315 2574 Rubenius
338 2517 427 2575 tunc
455 2511 710 2594 quieverunt.
755 2511 793 2575 In
822 2510 896 2576 aliis
919 2510 1002 2575 Livii
1032 2509 1125 2574 codd.
1150 2509 1299 2593 exempla

142 2617 239 2683 huius
257 2617 346 2682 verbi
364 2619 510 2700 corrupti
528 2619 737 2685 inveniuntur
755 2618 812 2698 ΙΙΙ,
834 2624 881 2698 16,
900 2624 929 2697 4,
952 2618 1009 2683 ubi
1029 2619 1158 2702 egregie
1175 2617 1299 2684 Forob-

142 2726 290 2791 hammer
319 2748 359 2790 ex
381 2733 546 2810 tumque
570 2747 663 2792 esse
687 2727 796 2794 effecit
817 2735 899 2792 tum
930 2727 1113 2811 quiesse,
1138 2731 1244 2804 1151,
1268 2729 1297 2804 7,

143 2834 201 2899 ubi
229 2834 302 2899 Ver.
333 2835 399 2918 qui
431 2831 511 2898 fuit
544 2855 604 2918 pro
638 2837 813 2918 quierit,
848 2834 950 2913 XXII,
987 2839 1035 2912 14,
1064 2838 1099 2897 2:
1135 2834 1299 2918 quidam

143 2943 310 3008 fuerunt
332 2964 392 3026 pro
416 2944 672 3024 quieverant.
708 2941 772 3007 Cfr.
792 2942 985 3008 Adv.orit.l
1004 2965 1035 3026 p.
1050 2939 1115 3023 30.]
1150 2941 1298 3023 Sequun-

143 3050 415 3135 tur§3et4alia
434 3051 566 3116 menda:
587 3049 665 3115 Sor.
685 3051 848 3134 quidem
867 3050 994 3116 Galba
1012 3051 1046 3115 si
1063 3050 1103 3114 in
1120 3048 1156 3113 L.
1175 3049 1298 3116 Paulo
1397 3111 1400 3117 .

144 3160 376 3226 accusando
400 3160 641 3224 tirocinium
671 3179 821 3241 ponere
850 3165 889 3223 et
916 3160 1199 3224 documentum
1222 3157 1299 3224 elo·

144 3265 1212 3351 1111111111111111111,1011111111111111111111111
1239 3266 1299 3332 de·

144 3375 247 3454 buit,
272 3396 400 3457 quem,
424 3377 458 3440 si
481 3375 585 3440 nihil
608 3374 739 3454 aliud,
764 3383 929 3440 senatus
952 3376 1104 3440 iustum
1126 3394 1215 3439 esso
1237 3375 1299 3439 iu·

144 3483 374 3562 dicaverat,
416 3485 484 3549 sed
524 3491 689 3567 postero
731 3483 811 3561 die,
853 3504 967 3565 quam
1000 3484 1299 3568 triumphatum

144 3599 222 3672 est,
253 3593 458 3676 privatum
481 3613 568 3656 eum
596 3593 759 3656 risurus
791 3599 915 3670 esset,
945 3612 1087 3657 nomen
1116 3591 1299 3657 deferret

143 3705 184 3763 et
211 3698 375 3783 legibus
407 3701 705 3782 interrogaret,
740 3707 812 3765 aut
840 3701 971 3765 serius
1001 3699 1141 3783 paulo,
1176 3721 1299 3783 quum

143 3807 317 3891 primum
341 3810 616 3892 magistratus
639 3810 728 3892 ipse
756 3810 950 3891 cepisset,
980 3808 1087 3873 diem
1116 3808 1298 3887 diceret,

144 3915 349 3980 inimicum
373 3916 421 3981 ad
444 3916 643 3999 populum
666 3925 896 3981 accusaret.
941 3917 1086 3980 Primum
1115 3936 1180 3981 non
1208 3924 1297 3981 recte

144 4018 179 4087 in
206 4022 268 4088 hac
296 4046 331 4088 re
355 4025 504 4089 absolute
529 4023 649 4090 dicitur
670 4025 910 4103 tirocinium
933 4045 1096 4108 ponere3
1128 4032 1164 4088 ut
1194 4025 1292 4108 signi·
1312 4010 1384 4079 (618)

149 4177 369 4185 —-·——.—-—.

218 4279 366 4332 cessarium
388 4297 471 4348 quam
490 4277 589 4346 XLIV,
609 4282 649 4341 33,
671 4283 702 4334 10
728 4285 1014 4350 praeparaverant
1031 4297 1084 4349 pro
1112 4297 1297 4350 reparave-

214 4368 298 4430 rant,
319 4363 521 4434 uNipperdeio
541 4367 773 4421 commendatum.
