2994 5108
699 467 738 529 81
1178 481 1240 537 uis.
1261 482 1297 538 n

135 650 226 735 quod
260 651 435 735 genetivus
468 651 511 717 ad
544 671 765 718 concursus
799 651 969 735 pertinens
997 652 1127 737 lougius
1155 654 1297 720 reiectus

136 765 237 824 esset.
290 756 478 826 Concursus
500 759 721 825 multitudinis
748 760 928 844 saepissime
951 760 1086 841 dicitur,
1113 760 1297 828 homines

136 865 359 934 concitata
380 867 660 934 multitudinis
683 889 853 952 nusquam.
890 867 996 950 1861.)
1030 868 1202 936 Postremo
1226 867 1242 953 ἓ
1267 875 1295 949 6,

136 975 196 1060 qui
217 996 324 1042 novus
346 975 499 1042 tribunus
520 975 626 1058 legem
643 975 873 1060 perferendam
891 984 1082 1060 susceperat
1097 977 1296 1044 vehementi-

138 1104 246 1168 usque
267 1104 342 1149 eam
357 1105 428 1150 rem
444 1083 584 1168 urgebat
600 1104 699 1167 quam
716 1084 786 1168 ipse
804 1085 952 1149 inventor
968 1085 1060 1167 legis,
1083 1085 1136 1150 vix
1154 1093 1296 1152 auctor

138 1192 307 1258 recentior
329 1198 363 1257 et
384 1192 491 1258 acrior
513 1213 534 1256 a
554 1191 647 1258 Livio
671 1191 778 1258 dictus
801 1199 861 1272 est,
883 1191 940 1257 sed
963 1199 1087 1258 actor.
1116 1192 1274 1276 (1873.)¹)

227 1296 307 1384 Gap.
337 1305 393 1380 59,
424 1304 458 1364 3:
499 1307 605 1365 ut—
627 1300 735 1365 satis
768 1305 901 1364 tamen
933 1308 1168 1384 appareret,
1203 1302 1365 1386 capitoe)

138 1412 301 1473 tantum
338 1407 685 1474 castra-militem
724 1407 939 1472 Romanum
983 1407 1183 1488 noluisse3
1223 1409 1297 1474 alii

139 1515 318 1599 gaudere
346 1537 418 1583 sua
446 1515 571 1582 clade.
622 1515 692 1582 Nec
720 1515 793 1580 alii
822 1515 869 1580 illi
893 1517 949 1598 qui
971 1516 1037 1580 sint
1060 1536 1120 1581 neo
1142 1515 1221 1600 quid
1243 1516 1296 1581 hic

22 1677 26 1684 .
137 1626 219 1707 agat
252 1623 431 1690 infinitivus
463 1623 657 1702 historicus,
689 1622 837 1707 intellegi
870 1630 996 1707 potest,
1030 1622 1108 1707 quid
1133 1625 1298 1690 sententia

139 1731 338 1816 postularet,
370 1731 454 1797 uidit
485 1732 567 1812 inm,
603 1731 658 1814 qui
686 1732 720 1795 in
748 1730 861 1796 codice
883 1731 1109 1795 recentissimo
1134 1730 1295 1815 (Portug.)

140 1837 327 1925 alioquin
352 1840 462 1924 'supra
489 1839 636 1923 scripsit,
668 1837 819 1904 1166111116
848 1838 966 1904 deinde
995 1844 1071 1922 post
1093 1838 1297 1904 Perizonium

138 1945 308 2032 Hauptius
340 1956 375 2015 et
408 1946 711 2027 Weissenbornius;
750 1947 808 2012 sed
841 1967 901 2011 nec
940 1945 1079 2025 aliter,
1119 1945 1206 2031 quod
1240 1946 1296 2011 ille

138 2055 265 2137 tentat,
298 2077 320 2123 a
342 2056 434 2122 Liuio
462 2057 509 2121 sic
539 2055 659 2121 dicitur
687 2061 912 2138 praetereaque
934 2054 1064 2138 longius
1088 2075 1108 2118 a
1130 2053 1296 2120 codicibus

140 2162 298 2244 discedit,
332 2170 366 2229 66
393 2163 493 2230 alibi
520 2161 697 2247 gaudere
726 2183 795 2227 sua
826 2162 943 2228 clade
971 2184 1031 2246 pro
1062 2161 1221 2247 alioqui
1243 2161 1296 2243 (X,

139 2273 194 2350 35,
217 2269 252 2352 7)
273 2269 452 2336 barbarum
475 2279 534 2337 est.
585 2269 711 2354 (Longe
734 2270 899 2336 diversum
922 2277 983 2350 est,
1013 2269 1101 2354 quod
1123 2269 1180 2349 III,
1205 2275 1254 2348 14,
1277 2274 1295 2333 5

136 2378 292 2444 iuventus
315 2378 435 2444 dicitur
457 2377 574 2458 alibi,
608 2377 671 2442 boc
699 2383 763 2458 est,
796 2378 831 2443 iu
858 2377 932 2443 aliis
955 2377 1053 2442 rebus
1082 2376 1296 2461 popularis

140 2485 299 2565 fuisse.)
355 2485 429 2552 Una
460 2486 573 2552 littera
605 2484 764 2550 mutanda
797 2491 849 2551 est
882 2484 1170 2569 scribendumque:
1205 2485 1296 2568 capi

137 2599 299 2659 tantum
343 2602 480 2660 castra
516 2593 688 2659 militem
727 2594 943 2659 Romanum
981 2592 1179 2672 uoluisse,
1219 2592 1295 2652 alla

137 2700 318 2784 gaudere
341 2723 412 2769 sua
434 2701 562 2782 clade,
595 2700 659 2766 boc
682 2708 747 2782 est,
781 2701 909 2785 reliqua
932 2722 992 2766 sua
1014 2699 1122 2780 clade,
1158 2706 1296 2783 excepta

137 2815 328 2875 castrorum
354 2810 609 2894 expugnatione,
642 2808 908 2893 frequentissimo
938 2807 1025 2892 apud
1053 2807 1179 2872 Livium
1207 2807 1296 2872 vocis

137 2916 248 2984 alius
274 2939 352 2999 usu,
386 2918 477 2982 ouius
504 2916 555 2982 vel
583 2918 689 2982 lexica
717 2917 939 3000 exemplorum
968 2918 1048 2981 satis
1073 2914 1294 2999 suppeditant.

138 3023 354 3110 [0161611116]
405 3023 576 3106 (Eiusdem
603 3024 722 3108 capitis
747 3023 762 3108 ἓ
788 3029 821 3105 6,
852 3024 940 3109 quod
963 3024 1003 3088 66
1025 3024 1132 3107 Appio
1157 3020 1295 3087 claudio

137 3133 312 3200 scribitur:
343 3132 488 3197 Victus
511 3131 685 3212 tandem,
715 3133 874 3217 quando
898 3132 1056 3214 quidem
1078 3128 1181 3194 nihil
1203 3149 1295 3214 prae-

139 3246 204 3307 ter
230 3247 389 3324 tempus
416 3261 526 3307 noxae
553 3240 816 3306 lucrarentur
839 3239 987 3321 (milites,
1016 3240 1050 3304 iu
1073 3260 1157 3322 quos
1181 3238 1296 3303 6661116

139 3347 321 3430 decrerat),
368 3348 538 3413 remissa
583 3349 775 3414 contione
815 3350 897 3414 iter
936 3349 974 3411 in
1014 3348 1296 3429 insequentem

139 3454 246 3521 diem
283 3456 549 3539 pronuntiari
582 3477 700 3540 quum
734 3457 947 3535 iussisset,
987 3454 1121 3531 verbum
1154 3456 1295 3519 remit·

136 3563 269 3644 tendi,
303 3562 393 3647 quod
427 3562 476 3627 de
493 3563 622 3646 poenis,
657 3562 792 3643 debitis,
825 3564 1005 3646 postulatis
1033 3585 1100 3627 nou
1128 3561 1296 3646 exigendis

138 3670 276 3752 dicitur,
311 3691 332 3736 a
359 3672 513 3737 contione
551 3670 694 3735 ebenum
721 3692 856 3754 prorsus
885 3679 950 3750 est,
986 3673 1081 3754 quasi
1115 3692 1155 3735 ea
1183 3691 1297 3754 poenae

137 3779 214 3847 loco
253 3778 429 3846 toleranda
467 3778 629 3843 militibus
668 3776 777 3843 fuerit.
846 3776 941 3854 Quod
975 3775 1131 3843 Claudius
1170 3784 1296 3861 postea,

139 3907 251 3972 pugna
272 3887 462 3967 interiecta,
492 3886 526 3950 in
549 3885 625 3951 aliis
648 3887 767 3951 castris
792 3886 979 3952 contionem
1002 3885 1184 3962 advocavit,
1214 3883 1295 3946 nihil

135 3994 296 4061 adhunc
324 3994 435 4059 locum
462 3995 620 4078 pertinet,
654 4014 713 4058 nec
741 3994 954 4058 remittere
978 3990 1150 4058 differendi
1174 3987 1296 4073 siguifi-

145 4261 148 4264 ’
170 4248 195 4314 ¹)
212 4246 293 4318 [Quae
312 4246 488 4303 6616661616
506 4249 644 4303 orationis
663 4247 847 4312 distinctione
865 4246 989 4307 111667,
1008 4247 1023 4298 3
1039 4245 1114 4314 (post
1128 4242 1296 4308 Strotbium)

207 4339 236 4389 et
252 4335 297 4402 58,
315 4334 335 4388 4
352 4331 561 4403 admonueram,
579 4333 649 4388 nihil
666 4351 742 4389 nuuc
760 4331 851 4402 repeti
869 4348 940 4401 opus
959 4327 1020 4397 est]

1048 4433 1066 4486 6
