2994 5108
215 495 279 553 Lib.
296 495 331 551 11.
776 485 816 546 76

305 667 384 754 Cap.
408 672 466 749 42,
504 673 557 733 10:
591 671 775 755 motique
803 670 865 736 ira
890 670 1065 737 numinis
1092 689 1255 735 causam
1285 669 1376 734 nul·

218 779 297 845 lam
320 778 443 845 aliam
466 783 581 843 vates
604 778 869 845 canebant—
886 801 1003 863 quam
1025 778 1134 844 haud
1154 779 1234 844 rite
1257 797 1377 844 sacra

217 887 330 968 fieri,
370 886 438 971 qui
471 893 654 954 terrores
688 894 820 954 tamen
853 908 898 953 eo
932 907 1116 967 evasere,
1148 892 1194 952 ut
1227 884 1376 970 Oppia,

217 998 333 1079 virgo
367 995 564 1075 Vestalis,
603 996 797 1061 damnata
828 995 979 1061 incesti
1012 1016 1166 1080 poenas
1200 993 1373 1060 dederit

217 1104 292 1168 Non
331 1124 410 1168 sane
449 1102 511 1168 hoc
544 1104 746 1170 contrarium
777 1104 889 1170 timori
921 1103 1037 1189 populi
1069 1101 1378 1187 denuntiationique

220 1218 339 1291 vatum,
363 1210 422 1278 sed
444 1211 495 1276 vel
517 1213 658 1277 maxime
682 1218 957 1293 consentaneum
984 1212 1099 1296 itaque
1121 1231 1220 1296 prave
1242 1219 1376 1277 tamen

220 1320 356 1400 dicitur,
389 1319 478 1404 quod
507 1326 682 1386 senserunt
703 1319 845 1387 fortasse
868 1320 1011 1386 editores
1033 1319 1118 1385 Aldo
1141 1319 1284 1404 priores,
1317 1320 1375 1404 qui

219 1450 292 1494 eam
313 1449 425 1493 vocem
448 1427 637 1493 omiserunt.
684 1428 748 1494 Sed
770 1427 980 1494 scribendum
1002 1434 1055 1495 est
1076 1427 1252 1508 tandem3
1275 1427 1377 1510 signi·

219 1536 338 1603 ficatur
367 1535 441 1601 finis
470 1535 650 1618 aliquando
678 1537 854 1621 impositus
876 1537 1040 1602 diuturnae
1064 1536 1247 1602 animorum
1269 1535 1378 1618 agita·

218 1646 311 1710 tioni.
350 1643 440 1709 Nihil
462 1641 668 1728 frequentius
691 1648 905 1729 permutatur.
946 1643 1025 1726 (cfr.
1044 1645 1087 1710 ad
1108 1644 1197 1725 VIII,
1222 1648 1272 1723 10,
1296 1641 1378 1726 3.)¹)

305 1749 404 1836 *Cap
427 1755 479 1831 45,
506 1756 560 1816 16:
607 1751 786 1818 Omnium
814 1752 888 1819 illo
917 1753 997 1833 die,
1031 1775 1110 1838 qua
1137 1751 1274 1837 plebis
1297 1772 1377 1837 qua

219 1867 389 1946 patrum,
413 1861 560 1927 eximia
582 1861 714 1926 virtus
736 1860 834 1942 fuit3
856 1861 1023 1927 Fabium
1045 1881 1187 1926 nomen
1209 1860 1378 1926 maxime

220 1969 384 2035 enituit.
424 1967 496 2033 Hoc
520 1968 632 2035 Livius
655 1970 848 2053 scripserat3
871 1968 1001 2035 addidit
1023 1968 1154 2053 aliquis,
1177 1975 1215 2034 ut
1236 1988 1378 2034 nomen

221 2076 422 2157 declararet,
455 2076 583 2142 Fabia
610 2098 707 2160 gens
730 2076 911 2159 (Fabium
939 2098 1095 2157 nomen,
1128 2074 1257 2142 Fabia
1279 2095 1379 2159 gens

153 2201 207 2269 (62)
226 2186 395 2252 maxime
424 2185 602 2267 enituit).
652 2185 742 2251 Livio
764 2186 828 2270 ipsi
851 2186 907 2269 qui
929 2185 964 2250 id
986 2183 1209 2270 superaddere
1231 2184 1267 2249 in
1288 2203 1379 2250 men·

45 2283 50 2294 ’
219 2300 286 2359 tem
314 2293 424 2359 venire
452 2294 584 2377 potuit?
623 2294 707 2359 Nam
729 2294 885 2373 nominis,
920 2293 1009 2377 quod
1031 2292 1164 2378 proprie
1187 2290 1323 2371 dicitur,
1357 2310 1380 2357 a

222 2406 318 2486 gente
353 2402 528 2483 seiunctio,
566 2409 605 2467 ut
645 2408 679 2467 et
717 2422 836 2467 nomen
869 2406 904 2466 et
935 2422 1015 2486 gens
1049 2400 1204 2467 enituisse
1237 2399 1380 2481 dicatur,

220 2510 394 2594 perinepta
415 2514 475 2575 est.
522 2507 589 2592 [lta
611 2510 677 2575 iam
701 2507 856 2575 Schaefer
878 2508 1066 2593 iudicarat]

307 2615 386 2702 Cap.
410 2622 463 2696 48,
494 2621 528 2681 6:
567 2617 616 2683 Et
643 2617 725 2683 alia
753 2617 866 2684 bella
893 2626 965 2683 aut
990 2616 1215 2702 praesentia
1242 2616 1378 2682 insta·

221 2725 331 2805 bant,
353 2733 398 2791 ut
420 2726 467 2791 ab
490 2725 630 2809 AEqnis
652 2725 897 2809 Volscisque
920 2762 972 2806 -,
995 2732 1067 2791 aut
1087 2745 1175 2790 mox
1195 2731 1378 2790 moturos

223 2855 263 2900 se
298 2833 526 2919 apparebat
556 2833 730 2899 Sabinos
759 2855 918 2917 semper
945 2831 1122 2899 infestos
1150 2833 1379 2898 Etruriam-

223 2965 298 3028 que
328 2963 492 3007 omnem.
549 2941 602 3007 Sic
632 2942 743 3007 Livius
773 2942 856 3007 alia
884 2940 994 3007 bella
1022 2942 1128 3025 primo
1156 2940 1230 3006 loco
1257 2941 1379 3025 posuit,

223 3051 341 3117 deinde
371 3057 442 3114 aut
469 3049 625 3129 subiecit,
659 3056 698 3114 ut
725 3050 790 3116 duo
814 3050 913 3115 adid
937 3049 1180 3115 substantivum
1202 3049 1304 3114 verba
1325 3070 1381 3115 ac·

223 3158 508 3239 commodaturum
542 3179 602 3223 nec
636 3180 726 3238 eum,
761 3159 882 3223 omissa
910 3157 1060 3242 legitima
1087 3158 1247 3223 orationis
1275 3158 1380 3223 conti-

221 3268 395 3346 nuatione,
435 3267 470 3330 in
511 3266 732 3331 anacoluthon
773 3266 926 3332 incidisse
961 3265 1063 3348 (quod
1097 3267 1264 3331 rarissime
1297 3264 1380 3331 facit

223 3375 370 3452 omnino,
403 3375 529 3438 intem
552 3373 642 3438 brevi
664 3375 797 3457 quidem
821 3375 991 3440 sententiae
1014 3374 1195 3458 complexu,
1227 3373 1321 3440 nulla
1341 3394 1380 3439 re

224 3481 382 3546 orationis
422 3502 555 3546 cursum
589 3481 822 3566 perturbante,
857 3482 1057 3567 nunquam),
1093 3483 1173 3547 satis
1209 3481 1382 3547 declarant

223 3588 304 3654 illis:
339 3594 410 3653 aut
442 3591 665 3671 prasentia
697 3590 916 3656 instabant
949 3590 1019 3655 haec
1047 3596 1202 3656 accurate
1229 3590 1378 3656 reddita:

225 3704 292 3762 aut
320 3718 406 3763 mox
436 3705 628 3763 moturos.
679 3697 797 3782 Itaque
827 3699 900 3763 duee
928 3699 1047 3764 littera
1076 3697 1144 3778 (se)
1168 3697 1380 3764 detrahenda

253 3933 275 4001 ¹)
295 3934 428 3989 Mendum
447 3936 593 4005 permultis
612 3936 681 3989 locis
700 3936 843 3990 sublatum
860 3936 966 3990 mansit
984 3941 1012 3989 et
1031 3935 1097 3990 alibi
1116 3941 1145 3989 et
1162 3934 1238 4004 apud
1256 3934 1381 3990 Hirtium

294 4021 328 4074 de
346 4021 376 4073 B.
397 4019 428 4075 G.
447 4019 522 4087 VIII,
544 4024 583 4089 19,
601 4021 651 4075 ubi
669 4020 826 4075 necessario
846 4021 1024 4077 scribendum
1043 4026 1098 4075 est:
1122 4019 1218 4075 Victi
1240 4021 1381 4075 tandem

294 4106 387 4174 (vulgo
407 4106 529 4173 tamen)
551 4106 774 4176 perculsique
793 4107 922 4175 (hostes);
949 4107 1078 4176 proxime
1096 4107 1171 4160 enim
1189 4112 1255 4160 unte
1271 4104 1380 4161 Hirtius

294 4209 341 4246 eos
360 4191 460 4246 animis
478 4192 635 4247 concidisse
654 4196 683 4246 et
701 4191 913 4247 difficultatibus
932 4193 1056 4247 locorum
1075 4192 1282 4245 circumventos
1300 4191 1380 4245 dixit.

293 4277 351 4332 Nec
369 4279 462 4332 minus
480 4283 588 4332 certum
606 4282 661 4344 est,
686 4275 888 4343 Quintilianum
906 4277 940 4347 Χ,
963 4279 989 4346 6,
1012 4280 1030 4331 4
1048 4277 1204 4346 scripsisse:
1232 4274 1280 4330 Eo
1299 4281 1379 4331 tan·

293 4363 366 4416 dem
386 4363 453 4431 (non
471 4364 594 4431 tamen)
612 4362 781 4432 pervenit,
800 4366 853 4418 cet
