<?xml version="1.0" encoding="UTF-8"?>
<!DOCTYPE html PUBLIC "-//W3C//DTD XHTML 1.0 Transitional//EN"
    "http://www.w3.org/TR/xhtml1/DTD/xhtml1-transitional.dtd">
<html xmlns="http://www.w3.org/1999/xhtml" xml:lang="en" lang="en">
 <head>
  <title>
</title>
<meta http-equiv="Content-Type" content="text/html;charset=utf-8" />
  <meta name='ocr-system' content='tesseract 3.04.00' />
  <meta name='ocr-capabilities' content='ocr_page ocr_carea ocr_par ocr_line ocrx_word'/>
</head>
<body>
  <div class='ocr_page' id='page_1' title='image "./emendationesliv00madvgoog_0531.png"; bbox 0 0 2994 5108; ppageno 0'>
   <div class='ocr_carea' id='block_1_1' title="bbox 220 495 825 563">
    <p class='ocr_par' dir='ltr' id='par_1_1' title="bbox 220 495 825 563">
     <span class='ocr_line' id='line_1_1' title="bbox 220 495 825 563; baseline -0.015 0"><span class='ocrx_word' id='word_1_1' title='bbox 220 509 280 563; x_wconf 85' lang='lat' dir='ltr'>Lib.</span> <span class='ocrx_word' id='word_1_2' title='bbox 300 508 424 562; x_wconf 81' lang='lat' dir='ltr'>XXXVI.</span> <span class='ocrx_word' id='word_1_3' title='bbox 765 495 825 556; x_wconf 75' lang='lat'>522</span> 
     </span>
    </p>
   </div>
   <div class='ocr_carea' id='block_1_2' title="bbox 217 676 1376 1408">
    <p class='ocr_par' dir='ltr' id='par_1_2' title="bbox 217 676 1376 1408">
     <span class='ocr_line' id='line_1_2' title="bbox 217 676 1373 769; baseline -0.003 -24"><span class='ocrx_word' id='word_1_4' title='bbox 217 680 326 745; x_wconf 88' lang='lat' dir='ltr'>haud</span> <span class='ocrx_word' id='word_1_5' title='bbox 355 680 519 744; x_wconf 82' lang='lat' dir='ltr'>facilem</span> <span class='ocrx_word' id='word_1_6' title='bbox 549 701 644 762; x_wconf 87' lang='lat' dir='ltr'>pars</span> <span class='ocrx_word' id='word_1_7' title='bbox 667 677 866 755; x_wconf 87' lang='lat' dir='ltr'>habebat,</span> <span class='ocrx_word' id='word_1_8' title='bbox 900 677 943 769; x_wconf 88' lang='grc' dir='ltr'>Μ.</span> <span class='ocrx_word' id='word_1_9' title='bbox 966 676 1099 743; x_wconf 83' lang='lat' dir='ltr'>Baebio</span> <span class='ocrx_word' id='word_1_10' title='bbox 1123 677 1181 757; x_wconf 75' lang='lat'>(133</span> <span class='ocrx_word' id='word_1_11' title='bbox 1212 678 1373 742; x_wconf 82' lang='lat' dir='ltr'>coeteris</span> 
     </span>
     <span class='ocr_line' id='line_1_3' title="bbox 218 784 1373 871; baseline -0.003 -19"><span class='ocrx_word' id='word_1_12' title='bbox 218 788 260 852; x_wconf 89' lang='lat' dir='ltr'>ad</span> <span class='ocrx_word' id='word_1_13' title='bbox 300 789 499 871; x_wconf 82' lang='lat' dir='ltr'>scripturam</span> <span class='ocrx_word' id='word_1_14' title='bbox 532 786 575 850; x_wconf 87' lang='lat' dir='ltr'>M.</span> <span class='ocrx_word' id='word_1_15' title='bbox 606 785 784 850; x_wconf 77' lang='lat' dir='ltr'>Baebium</span> <span class='ocrx_word' id='word_1_16' title='bbox 823 784 907 850; x_wconf 93' lang='lat' dir='ltr'>nihil</span> <span class='ocrx_word' id='word_1_17' title='bbox 944 784 1108 863; x_wconf 87' lang='lat' dir='ltr'>notatur),</span> <span class='ocrx_word' id='word_1_18' title='bbox 1151 784 1198 849; x_wconf 89' lang='lat' dir='ltr'>ab</span> <span class='ocrx_word' id='word_1_19' title='bbox 1239 784 1373 850; x_wconf 86' lang='lat' dir='ltr'>altero</span> 
     </span>
     <span class='ocr_line' id='line_1_4' title="bbox 219 891 1373 979; baseline -0.003 -19"><span class='ocrx_word' id='word_1_20' title='bbox 219 896 364 979; x_wconf 90' lang='lat' dir='ltr'>angulo</span> <span class='ocrx_word' id='word_1_21' title='bbox 390 894 547 979; x_wconf 85' lang='lat' dir='ltr'>(quidam,</span> <span class='ocrx_word' id='word_1_22' title='bbox 577 896 715 958; x_wconf 86' lang='lat' dir='ltr'>sirecte</span> <span class='ocrx_word' id='word_1_23' title='bbox 739 898 883 958; x_wconf 91' lang='lat' dir='ltr'>tacetur:</span> <span class='ocrx_word' id='word_1_24' title='bbox 914 893 962 958; x_wconf 90' lang='lat' dir='ltr'>ab</span> <span class='ocrx_word' id='word_1_25' title='bbox 986 892 1120 958; x_wconf 90' lang='lat' dir='ltr'>altero</span> <span class='ocrx_word' id='word_1_26' title='bbox 1144 891 1373 973; x_wconf 85' lang='lat' dir='ltr'>amniculo),</span> 
     </span>
     <span class='ocr_line' id='line_1_5' title="bbox 218 998 1374 1088; baseline -0.003 -20"><span class='ocrx_word' id='word_1_27' title='bbox 218 1025 331 1088; x_wconf 91' lang='lat' dir='ltr'>quem</span> <span class='ocrx_word' id='word_1_28' title='bbox 364 1002 519 1067; x_wconf 90' lang='lat' dir='ltr'>Melena</span> <span class='ocrx_word' id='word_1_29' title='bbox 558 1008 718 1078; x_wconf 81' lang='lat' dir='ltr'>vocant,</span> <span class='ocrx_word' id='word_1_30' title='bbox 760 1001 957 1065; x_wconf 83' lang='lat' dir='ltr'>adversus</span> <span class='ocrx_word' id='word_1_31' title='bbox 992 1000 1128 1065; x_wconf 88' lang='lat' dir='ltr'>Dianae</span> <span class='ocrx_word' id='word_1_32' title='bbox 1167 998 1374 1083; x_wconf 90' lang='lat' dir='ltr'>templum,</span> 
     </span>
     <span class='ocr_line' id='line_1_6' title="bbox 217 1107 1376 1194; baseline -0.003 -19"><span class='ocrx_word' id='word_1_33' title='bbox 217 1112 310 1194; x_wconf 82' lang='lat' dir='ltr'>App.</span> <span class='ocrx_word' id='word_1_34' title='bbox 343 1107 558 1175; x_wconf 85' lang='lat' dir='ltr'>Claudium</span> <span class='ocrx_word' id='word_1_35' title='bbox 598 1109 808 1193; x_wconf 89' lang='lat' dir='ltr'>opposuit,</span> <span class='ocrx_word' id='word_1_36' title='bbox 849 1109 883 1172; x_wconf 92' lang='lat' dir='ltr'>in</span> <span class='ocrx_word' id='word_1_37' title='bbox 918 1127 984 1191; x_wconf 86' lang='lat' dir='ltr'>qua</span> <span class='ocrx_word' id='word_1_38' title='bbox 1017 1108 1195 1190; x_wconf 87' lang='lat' dir='ltr'>scriptura,</span> <span class='ocrx_word' id='word_1_39' title='bbox 1236 1114 1275 1171; x_wconf 89' lang='lat' dir='ltr'>ut-</span> <span class='ocrx_word' id='word_1_40' title='bbox 1308 1107 1376 1172; x_wconf 85' lang='lat' dir='ltr'>alia</span> 
     </span>
     <span class='ocr_line' id='line_1_7' title="bbox 218 1214 1376 1299; baseline -0.003 -17"><span class='ocrx_word' id='word_1_41' title='bbox 218 1218 318 1282; x_wconf 87' lang='lat' dir='ltr'>dubia</span> <span class='ocrx_word' id='word_1_42' title='bbox 346 1218 426 1295; x_wconf 91' lang='lat' dir='ltr'>sint,</span> <span class='ocrx_word' id='word_1_43' title='bbox 461 1217 494 1281; x_wconf 91' lang='lat' dir='ltr'>id</span> <span class='ocrx_word' id='word_1_44' title='bbox 529 1216 666 1282; x_wconf 91' lang='lat' dir='ltr'>dubium</span> <span class='ocrx_word' id='word_1_45' title='bbox 700 1237 767 1280; x_wconf 92' lang='lat' dir='ltr'>non</span> <span class='ocrx_word' id='word_1_46' title='bbox 802 1223 868 1292; x_wconf 89' lang='lat' dir='ltr'>est,</span> <span class='ocrx_word' id='word_1_47' title='bbox 904 1216 983 1298; x_wconf 91' lang='lat' dir='ltr'>quin</span> <span class='ocrx_word' id='word_1_48' title='bbox 1011 1221 1088 1280; x_wconf 84' lang='lat' dir='ltr'>ante</span> <span class='ocrx_word' id='word_1_49' title='bbox 1116 1214 1376 1299; x_wconf 87' lang='lat' dir='ltr'>frequentius</span> 
     </span>
     <span class='ocr_line' id='line_1_8' title="bbox 219 1321 1376 1408; baseline -0.001 -19"><span class='ocrx_word' id='word_1_50' title='bbox 219 1325 344 1408; x_wconf 88' lang='lat' dir='ltr'>aliquid</span> <span class='ocrx_word' id='word_1_51' title='bbox 374 1325 543 1388; x_wconf 86' lang='lat' dir='ltr'>exciderit.</span> <span class='ocrx_word' id='word_1_52' title='bbox 595 1324 632 1388; x_wconf 94' lang='lat' dir='ltr'>In</span> <span class='ocrx_word' id='word_1_53' title='bbox 655 1324 688 1388; x_wconf 88' lang='lat' dir='ltr'><strong>M</strong></span> <span class='ocrx_word' id='word_1_54' title='bbox 711 1325 854 1407; x_wconf 91' lang='lat' dir='ltr'>primum</span> <span class='ocrx_word' id='word_1_55' title='bbox 877 1322 1079 1394; x_wconf 86' lang='lat' dir='ltr'>Carbachius</span> <span class='ocrx_word' id='word_1_56' title='bbox 1109 1323 1157 1387; x_wconf 85' lang='lat' dir='ltr'>sic</span> <span class='ocrx_word' id='word_1_57' title='bbox 1185 1321 1288 1388; x_wconf 85' lang='lat' dir='ltr'>scribi</span> <span class='ocrx_word' id='word_1_58' title='bbox 1316 1322 1376 1388; x_wconf 87' lang='lat' dir='ltr'>ad·</span> 
     </span>
    </p>
   </div>
   <div class='ocr_carea' id='block_1_3' title="bbox 155 1432 1384 4410">
    <p class='ocr_par' dir='ltr' id='par_1_3' title="bbox 155 1432 1384 4410">
     <span class='ocr_line' id='line_1_9' title="bbox 217 1432 1377 1520; baseline 0 -23"><span class='ocrx_word' id='word_1_59' title='bbox 217 1433 358 1498; x_wconf 86' lang='lat' dir='ltr'>notarit:</span> <span class='ocrx_word' id='word_1_60' title='bbox 414 1469 455 1478; x_wconf 93' lang='lat'><strong>—</strong></span> <span class='ocrx_word' id='word_1_61' title='bbox 490 1433 791 1516; x_wconf 83' lang='lat' dir='ltr'>oppugnationi</span> <span class='ocrx_word' id='word_1_62' title='bbox 825 1432 1053 1515; x_wconf 84' lang='lat' dir='ltr'>praeposuit</span> <span class='ocrx_word' id='word_1_63' title='bbox 1092 1451 1223 1520; x_wconf 88' lang='lat' dir='ltr'>arcem</span> <span class='ocrx_word' id='word_1_64' title='bbox 1257 1437 1377 1497; x_wconf 83' lang='lat' dir='ltr'>extra</span> 
     </span>
     <span class='ocr_line' id='line_1_10' title="bbox 217 1537 1376 1622; baseline 0.001 -18"><span class='ocrx_word' id='word_1_65' title='bbox 217 1562 367 1617; x_wconf 90' lang='lat' dir='ltr'>muros,</span> <span class='ocrx_word' id='word_1_66' title='bbox 402 1560 485 1621; x_wconf 81' lang='lat' dir='ltr'>quae</span> <span class='ocrx_word' id='word_1_67' title='bbox 514 1539 775 1622; x_wconf 84' lang='lat' dir='ltr'>frequentius</span> <span class='ocrx_word' id='word_1_68' title='bbox 804 1560 928 1622; x_wconf 84' lang='lat' dir='ltr'>prope</span> <span class='ocrx_word' id='word_1_69' title='bbox 951 1559 1067 1620; x_wconf 92' lang='lat' dir='ltr'>quam</span> <span class='ocrx_word' id='word_1_70' title='bbox 1089 1537 1185 1604; x_wconf 89' lang='lat' dir='ltr'>urbs</span> <span class='ocrx_word' id='word_1_71' title='bbox 1208 1537 1376 1605; x_wconf 84' lang='lat' dir='ltr'>habita·</span> 
     </span>
     <span class='ocr_line' id='line_1_11' title="bbox 217 1645 1376 1731; baseline 0 -19"><span class='ocrx_word' id='word_1_72' title='bbox 217 1647 352 1727; x_wconf 73' lang='lat' dir='ltr'>batur,</span> <span class='ocrx_word' id='word_1_73' title='bbox 376 1647 493 1712; x_wconf 90' lang='lat' dir='ltr'>deinde</span> <span class='ocrx_word' id='word_1_74' title='bbox 517 1668 577 1731; x_wconf 94' lang='lat' dir='ltr'>pro</span> <span class='ocrx_word' id='word_1_75' title='bbox 600 1646 681 1712; x_wconf 88' lang='lat' dir='ltr'>illis:</span> <span class='ocrx_word' id='word_1_76' title='bbox 716 1647 924 1729; x_wconf 84' lang='lat' dir='ltr'>regionem</span> <span class='ocrx_word' id='word_1_77' title='bbox 945 1645 1069 1711; x_wconf 86' lang='lat' dir='ltr'>Mella</span> <span class='ocrx_word' id='word_1_78' title='bbox 1092 1666 1254 1730; x_wconf 91' lang='lat' dir='ltr'>quoque</span> <span class='ocrx_word' id='word_1_79' title='bbox 1279 1646 1376 1712; x_wconf 85' lang='lat' dir='ltr'>Gele-</span> 
     </span>
     <span class='ocr_line' id='line_1_12' title="bbox 217 1753 1377 1838; baseline 0.001 -20"><span class='ocrx_word' id='word_1_80' title='bbox 217 1755 288 1819; x_wconf 82' lang='lat' dir='ltr'>nius</span> <span class='ocrx_word' id='word_1_81' title='bbox 322 1756 356 1818; x_wconf 91' lang='lat' dir='ltr'>in</span> <span class='ocrx_word' id='word_1_82' title='bbox 383 1755 418 1819; x_wconf 87' lang='grc' dir='ltr'><strong>Μ</strong></span> <span class='ocrx_word' id='word_1_83' title='bbox 452 1761 485 1819; x_wconf 91' lang='lat' dir='ltr'>et</span> <span class='ocrx_word' id='word_1_84' title='bbox 514 1753 659 1837; x_wconf 81' lang='lat' dir='ltr'>Spirensi</span> <span class='ocrx_word' id='word_1_85' title='bbox 693 1753 773 1838; x_wconf 90' lang='lat' dir='ltr'>(quo</span> <span class='ocrx_word' id='word_1_86' title='bbox 809 1753 914 1818; x_wconf 88' lang='lat' dir='ltr'>altero</span> <span class='ocrx_word' id='word_1_87' title='bbox 945 1753 1056 1819; x_wconf 89' lang='lat' dir='ltr'>codice</span> <span class='ocrx_word' id='word_1_88' title='bbox 1086 1775 1165 1818; x_wconf 88' lang='lat' dir='ltr'>usus</span> <span class='ocrx_word' id='word_1_89' title='bbox 1197 1753 1263 1834; x_wconf 89' lang='lat' dir='ltr'>est)</span> <span class='ocrx_word' id='word_1_90' title='bbox 1295 1754 1377 1819; x_wconf 87' lang='lat' dir='ltr'>dicit</span> 
     </span>
     <span class='ocr_line' id='line_1_13' title="bbox 218 1860 1376 1944; baseline 0 -17"><span class='ocrx_word' id='word_1_91' title='bbox 218 1883 305 1928; x_wconf 89' lang='lat' dir='ltr'>esse:</span> <span class='ocrx_word' id='word_1_92' title='bbox 339 1863 474 1927; x_wconf 89' lang='lat' dir='ltr'>asinu</span> <span class='ocrx_word' id='word_1_93' title='bbox 499 1861 672 1926; x_wconf 78' lang='lat' dir='ltr'>Maliaco</span> <span class='ocrx_word' id='word_1_94' title='bbox 703 1881 802 1944; x_wconf 69' lang='lat' dir='ltr'>quoe,</span> <span class='ocrx_word' id='word_1_95' title='bbox 837 1866 1005 1944; x_wconf 91' lang='lat' dir='ltr'>postremo</span> <span class='ocrx_word' id='word_1_96' title='bbox 1035 1882 1135 1943; x_wconf 89' lang='lat' dir='ltr'>quum</span> <span class='ocrx_word' id='word_1_97' title='bbox 1164 1862 1198 1925; x_wconf 94' lang='lat' dir='ltr'>in</span> <span class='ocrx_word' id='word_1_98' title='bbox 1228 1860 1376 1927; x_wconf 84' lang='lat' dir='ltr'>editione</span> 
     </span>
     <span class='ocr_line' id='line_1_14' title="bbox 218 1967 1376 2054; baseline 0 -20"><span class='ocrx_word' id='word_1_99' title='bbox 218 1971 289 2053; x_wconf 91' lang='lat' dir='ltr'>ipsa</span> <span class='ocrx_word' id='word_1_100' title='bbox 311 1969 504 2054; x_wconf 86' lang='lat' dir='ltr'>Moguntina</span> <span class='ocrx_word' id='word_1_101' title='bbox 528 1977 629 2048; x_wconf 87' lang='lat' dir='ltr'>esset,</span> <span class='ocrx_word' id='word_1_102' title='bbox 664 1970 756 2033; x_wconf 91' lang='lat' dir='ltr'>utin</span> <span class='ocrx_word' id='word_1_103' title='bbox 781 1967 1021 2051; x_wconf 86' lang='lat' dir='ltr'>superioribus:</span> <span class='ocrx_word' id='word_1_104' title='bbox 1056 1967 1104 2033; x_wconf 89' lang='lat' dir='ltr'>ab</span> <span class='ocrx_word' id='word_1_105' title='bbox 1134 1967 1270 2034; x_wconf 91' lang='lat' dir='ltr'>altero</span> <span class='ocrx_word' id='word_1_106' title='bbox 1294 1989 1376 2034; x_wconf 87' lang='lat' dir='ltr'>am·</span> 
     </span>
     <span class='ocr_line' id='line_1_15' title="bbox 217 2074 1376 2160; baseline 0.001 -20"><span class='ocrx_word' id='word_1_107' title='bbox 217 2077 370 2154; x_wconf 90' lang='lat' dir='ltr'>niculo,</span> <span class='ocrx_word' id='word_1_108' title='bbox 405 2098 519 2160; x_wconf 87' lang='lat' dir='ltr'>quem</span> <span class='ocrx_word' id='word_1_109' title='bbox 547 2076 709 2141; x_wconf 88' lang='lat' dir='ltr'>Melena</span> <span class='ocrx_word' id='word_1_110' title='bbox 742 2081 904 2153; x_wconf 88' lang='lat' dir='ltr'>vocant,</span> <span class='ocrx_word' id='word_1_111' title='bbox 939 2074 1141 2140; x_wconf 86' lang='lat' dir='ltr'>Carbachius</span> <span class='ocrx_word' id='word_1_112' title='bbox 1171 2096 1188 2139; x_wconf 89' lang='lat' dir='ltr'>e</span> <span class='ocrx_word' id='word_1_113' title='bbox 1217 2076 1293 2142; x_wconf 93' lang='lat' dir='ltr'>cod.</span> <span class='ocrx_word' id='word_1_114' title='bbox 1317 2076 1376 2141; x_wconf 90' lang='lat' dir='ltr'>ad·</span> 
     </span>
     <span class='ocr_line' id='line_1_16' title="bbox 218 2182 1375 2266; baseline 0 -18"><span class='ocrx_word' id='word_1_115' title='bbox 218 2185 360 2249; x_wconf 88' lang='lat' dir='ltr'>notarit:</span> <span class='ocrx_word' id='word_1_116' title='bbox 396 2186 442 2249; x_wconf 85' lang='lat' dir='ltr'>ab</span> <span class='ocrx_word' id='word_1_117' title='bbox 472 2184 605 2248; x_wconf 85' lang='lat' dir='ltr'>altero</span> <span class='ocrx_word' id='word_1_118' title='bbox 637 2184 764 2247; x_wconf 88' lang='lat' dir='ltr'>amnis</span> <span class='ocrx_word' id='word_1_119' title='bbox 793 2182 942 2262; x_wconf 89' lang='lat' dir='ltr'>latere,</span> <span class='ocrx_word' id='word_1_120' title='bbox 976 2203 1092 2266; x_wconf 89' lang='lat' dir='ltr'>quem</span> <span class='ocrx_word' id='word_1_121' title='bbox 1114 2182 1279 2248; x_wconf 86' lang='lat' dir='ltr'>Melana</span> <span class='ocrx_word' id='word_1_122' title='bbox 1307 2196 1375 2248; x_wconf 83' lang='lat' dir='ltr'>r&#39;o·</span> 
     </span>
     <span class='ocr_line' id='line_1_17' title="bbox 218 2289 1375 2373; baseline -0.001 -17"><span class='ocrx_word' id='word_1_123' title='bbox 218 2298 331 2368; x_wconf 86' lang='lat' dir='ltr'>cant,</span> <span class='ocrx_word' id='word_1_124' title='bbox 363 2293 420 2356; x_wconf 90' lang='lat' dir='ltr'>sed</span> <span class='ocrx_word' id='word_1_125' title='bbox 446 2290 600 2355; x_wconf 85' lang='lat' dir='ltr'>Gelenius</span> <span class='ocrx_word' id='word_1_126' title='bbox 624 2289 786 2369; x_wconf 87' lang='lat' dir='ltr'>adfirmat,</span> <span class='ocrx_word' id='word_1_127' title='bbox 816 2298 848 2355; x_wconf 92' lang='lat' dir='ltr'>et</span> <span class='ocrx_word' id='word_1_128' title='bbox 870 2290 904 2354; x_wconf 89' lang='lat' dir='ltr'><strong>M</strong></span> <span class='ocrx_word' id='word_1_129' title='bbox 927 2296 960 2355; x_wconf 91' lang='lat' dir='ltr'>et</span> <span class='ocrx_word' id='word_1_130' title='bbox 983 2289 1066 2373; x_wconf 78' lang='lat' dir='ltr'>Spin</span> <span class='ocrx_word' id='word_1_131' title='bbox 1090 2289 1213 2355; x_wconf 90' lang='lat' dir='ltr'>habere</span> <span class='ocrx_word' id='word_1_132' title='bbox 1242 2290 1291 2355; x_wconf 88' lang='lat' dir='ltr'>ab</span> <span class='ocrx_word' id='word_1_133' title='bbox 1315 2290 1375 2355; x_wconf 89' lang='lat' dir='ltr'>al·</span> 
     </span>
     <span class='ocr_line' id='line_1_18' title="bbox 216 2396 1374 2480; baseline 0.001 -18"><span class='ocrx_word' id='word_1_134' title='bbox 216 2404 307 2462; x_wconf 87' lang='lat' dir='ltr'>tero</span> <span class='ocrx_word' id='word_1_135' title='bbox 342 2399 558 2462; x_wconf 89' lang='lat' dir='ltr'>amniculo.</span> <span class='ocrx_word' id='word_1_136' title='bbox 615 2397 760 2462; x_wconf 90' lang='lat' dir='ltr'>Primum</span> <span class='ocrx_word' id='word_1_137' title='bbox 794 2398 828 2461; x_wconf 94' lang='lat' dir='ltr'>in</span> <span class='ocrx_word' id='word_1_138' title='bbox 856 2397 1065 2480; x_wconf 87' lang='lat' dir='ltr'>Mellaquo</span> <span class='ocrx_word' id='word_1_139' title='bbox 1101 2418 1176 2480; x_wconf 87' lang='lat' dir='ltr'>que</span> <span class='ocrx_word' id='word_1_140' title='bbox 1206 2396 1248 2479; x_wconf 90' lang='lat' dir='ltr'>(B</span> <span class='ocrx_word' id='word_1_141' title='bbox 1277 2397 1374 2479; x_wconf 82' lang='lat' dir='ltr'>dett.)</span> 
     </span>
     <span class='ocr_line' id='line_1_19' title="bbox 219 2503 1374 2589; baseline 0.001 -21"><span class='ocrx_word' id='word_1_142' title='bbox 219 2511 333 2588; x_wconf 88' lang='lat' dir='ltr'>aperte</span> <span class='ocrx_word' id='word_1_143' title='bbox 362 2506 447 2569; x_wconf 85' lang='lat' dir='ltr'>inest</span> <span class='ocrx_word' id='word_1_144' title='bbox 476 2504 508 2569; x_wconf 92' lang='lat' dir='ltr'>id</span> <span class='ocrx_word' id='word_1_145' title='bbox 536 2506 656 2588; x_wconf 89' lang='lat' dir='ltr'>ipsum,</span> <span class='ocrx_word' id='word_1_146' title='bbox 691 2504 779 2586; x_wconf 88' lang='lat' dir='ltr'>quod</span> <span class='ocrx_word' id='word_1_147' title='bbox 802 2503 836 2568; x_wconf 93' lang='lat' dir='ltr'><strong>M</strong></span> <span class='ocrx_word' id='word_1_148' title='bbox 859 2504 1015 2568; x_wconf 83' lang='lat' dir='ltr'>serravit:</span> <span class='ocrx_word' id='word_1_149' title='bbox 1050 2504 1244 2582; x_wconf 84' lang='lat' dir='ltr'>Maliaco,</span> <span class='ocrx_word' id='word_1_150' title='bbox 1277 2526 1374 2589; x_wconf 85' lang='lat' dir='ltr'>quae.</span> 
     </span>
     <span class='ocr_line' id='line_1_20' title="bbox 218 2610 1378 2695; baseline 0.003 -20"><span class='ocrx_word' id='word_1_151' title='bbox 218 2612 343 2676; x_wconf 86' lang='lat' dir='ltr'>Deinde</span> <span class='ocrx_word' id='word_1_152' title='bbox 374 2611 457 2678; x_wconf 88' lang='lat' dir='ltr'>illud</span> <span class='ocrx_word' id='word_1_153' title='bbox 486 2619 604 2676; x_wconf 81' lang='lat' dir='ltr'>extra</span> <span class='ocrx_word' id='word_1_154' title='bbox 631 2633 762 2677; x_wconf 91' lang='lat' dir='ltr'>muros</span> <span class='ocrx_word' id='word_1_155' title='bbox 792 2612 963 2695; x_wconf 89' lang='lat' dir='ltr'>perspicue</span> <span class='ocrx_word' id='word_1_156' title='bbox 997 2618 1030 2676; x_wconf 89' lang='lat' dir='ltr'>et</span> <span class='ocrx_word' id='word_1_157' title='bbox 1064 2632 1117 2677; x_wconf 94' lang='lat' dir='ltr'>res</span> <span class='ocrx_word' id='word_1_158' title='bbox 1141 2610 1320 2678; x_wconf 84' lang='lat' dir='ltr'>confirmat</span> <span class='ocrx_word' id='word_1_159' title='bbox 1342 2621 1378 2678; x_wconf 88' lang='lat' dir='ltr'>et</span> 
     </span>
     <span class='ocr_line' id='line_1_21' title="bbox 219 2718 1377 2802; baseline 0.002 -19"><span class='ocrx_word' id='word_1_160' title='bbox 219 2719 306 2801; x_wconf 89' lang='lat' dir='ltr'>quod</span> <span class='ocrx_word' id='word_1_161' title='bbox 332 2739 358 2782; x_wconf 93' lang='lat' dir='ltr'>c.</span> <span class='ocrx_word' id='word_1_162' title='bbox 383 2723 438 2798; x_wconf 71' lang='lat'>24,</span> <span class='ocrx_word' id='word_1_163' title='bbox 468 2724 485 2783; x_wconf 83' lang='lat'>5</span> <span class='ocrx_word' id='word_1_164' title='bbox 517 2719 556 2783; x_wconf 84' lang='lat' dir='ltr'>do</span> <span class='ocrx_word' id='word_1_165' title='bbox 586 2720 699 2784; x_wconf 83' lang='lat' dir='ltr'>eadem</span> <span class='ocrx_word' id='word_1_166' title='bbox 722 2719 770 2783; x_wconf 87' lang='lat' dir='ltr'>Ti.</span> <span class='ocrx_word' id='word_1_167' title='bbox 796 2718 979 2801; x_wconf 84' lang='lat' dir='ltr'>Sempronii</span> <span class='ocrx_word' id='word_1_168' title='bbox 1010 2727 1105 2802; x_wconf 88' lang='lat' dir='ltr'>parte</span> <span class='ocrx_word' id='word_1_169' title='bbox 1129 2719 1171 2801; x_wconf 88' lang='lat' dir='ltr'>(c.</span> <span class='ocrx_word' id='word_1_170' title='bbox 1196 2725 1253 2797; x_wconf 74' lang='lat'>24,</span> <span class='ocrx_word' id='word_1_171' title='bbox 1282 2719 1319 2800; x_wconf 79' lang='lat'>2)</span> <span class='ocrx_word' id='word_1_172' title='bbox 1343 2722 1377 2785; x_wconf 95' lang='lat' dir='ltr'>in</span> 
     </span>
     <span class='ocr_line' id='line_1_22' title="bbox 219 2826 1378 2909; baseline 0.003 -20"><span class='ocrx_word' id='word_1_173' title='bbox 219 2826 332 2890; x_wconf 81' lang='lat' dir='ltr'>eodem</span> <span class='ocrx_word' id='word_1_174' title='bbox 355 2828 388 2890; x_wconf 95' lang='lat' dir='ltr'>M</span> <span class='ocrx_word' id='word_1_175' title='bbox 412 2827 581 2898; x_wconf 79' lang='lat' dir='ltr'>scribitur,</span> <span class='ocrx_word' id='word_1_176' title='bbox 612 2829 730 2892; x_wconf 87' lang='lat' dir='ltr'>ceteris</span> <span class='ocrx_word' id='word_1_177' title='bbox 753 2828 849 2909; x_wconf 88' lang='lat' dir='ltr'>longe</span> <span class='ocrx_word' id='word_1_178' title='bbox 874 2826 1121 2891; x_wconf 82' lang='lat' dir='ltr'>aberrantibus:</span> <span class='ocrx_word' id='word_1_179' title='bbox 1156 2827 1258 2891; x_wconf 86' lang='lat' dir='ltr'>Pars</span> <span class='ocrx_word' id='word_1_180' title='bbox 1289 2849 1378 2909; x_wconf 92' lang='lat' dir='ltr'>una,</span> 
     </span>
     <span class='ocr_line' id='line_1_23' title="bbox 218 2933 1379 3016; baseline 0.004 -20"><span class='ocrx_word' id='word_1_181' title='bbox 218 2935 256 2996; x_wconf 91' lang='lat' dir='ltr'>in</span> <span class='ocrx_word' id='word_1_182' title='bbox 291 2956 367 3016; x_wconf 87' lang='lat' dir='ltr'>qua</span> <span class='ocrx_word' id='word_1_183' title='bbox 401 2935 581 2999; x_wconf 72' lang='lat' dir='ltr'>aedilicia</span> <span class='ocrx_word' id='word_1_184' title='bbox 616 2943 731 2999; x_wconf 82' lang='lat' dir='ltr'>extra</span> <span class='ocrx_word' id='word_1_185' title='bbox 764 2934 900 2998; x_wconf 89' lang='lat' dir='ltr'>urbem</span> <span class='ocrx_word' id='word_1_186' title='bbox 935 2941 1059 2998; x_wconf 87' lang='lat' dir='ltr'>erant.</span> <span class='ocrx_word' id='word_1_187' title='bbox 1117 2933 1180 2998; x_wconf 85' lang='lat' dir='ltr'>Sed</span> <span class='ocrx_word' id='word_1_188' title='bbox 1210 2933 1252 2999; x_wconf 87' lang='lat' dir='ltr'>ab</span> <span class='ocrx_word' id='word_1_189' title='bbox 1282 2955 1379 3001; x_wconf 80' lang='lat' dir='ltr'>arce</span> 
     </span>
     <span class='ocr_line' id='line_1_24' title="bbox 219 3039 1380 3125; baseline 0.003 -22"><span class='ocrx_word' id='word_1_190' title='bbox 219 3039 306 3123; x_wconf 71' lang='lat' dir='ltr'>(quae</span> <span class='ocrx_word' id='word_1_191' title='bbox 335 3042 527 3105; x_wconf 82' lang='lat' dir='ltr'>imminebat</span> <span class='ocrx_word' id='word_1_192' title='bbox 556 3043 627 3106; x_wconf 84' lang='lat' dir='ltr'>loco</span> <span class='ocrx_word' id='word_1_193' title='bbox 653 3041 720 3106; x_wconf 89' lang='lat' dir='ltr'>alto</span> <span class='ocrx_word' id='word_1_194' title='bbox 745 3050 777 3104; x_wconf 90' lang='lat' dir='ltr'>et</span> <span class='ocrx_word' id='word_1_195' title='bbox 800 3042 945 3124; x_wconf 90' lang='lat' dir='ltr'>undique</span> <span class='ocrx_word' id='word_1_196' title='bbox 969 3042 1147 3125; x_wconf 65' lang='lat' dir='ltr'>praecipiti,</span> <span class='ocrx_word' id='word_1_197' title='bbox 1178 3040 1195 3123; x_wconf 63' lang='grc' dir='ltr'>ξ</span> <span class='ocrx_word' id='word_1_198' title='bbox 1220 3047 1255 3120; x_wconf 84' lang='grc'>5,</span> <span class='ocrx_word' id='word_1_199' title='bbox 1286 3046 1380 3107; x_wconf 84' lang='lat' dir='ltr'>etin</span> 
     </span>
     <span class='ocr_line' id='line_1_25' title="bbox 221 3148 1379 3234; baseline 0.004 -23"><span class='ocrx_word' id='word_1_200' title='bbox 221 3170 319 3230; x_wconf 85' lang='lat' dir='ltr'>quam</span> <span class='ocrx_word' id='word_1_201' title='bbox 336 3148 436 3212; x_wconf 84' lang='lat' dir='ltr'>AEtoli</span> <span class='ocrx_word' id='word_1_202' title='bbox 462 3170 496 3212; x_wconf 87' lang='lat' dir='ltr'>se</span> <span class='ocrx_word' id='word_1_203' title='bbox 519 3155 724 3231; x_wconf 86' lang='lat' dir='ltr'>receperunt,</span> <span class='ocrx_word' id='word_1_204' title='bbox 748 3171 847 3229; x_wconf 87' lang='lat' dir='ltr'>quum</span> <span class='ocrx_word' id='word_1_205' title='bbox 870 3149 927 3213; x_wconf 86' lang='lat' dir='ltr'>illa</span> <span class='ocrx_word' id='word_1_206' title='bbox 951 3150 1025 3231; x_wconf 88' lang='lat' dir='ltr'>ipsa</span> <span class='ocrx_word' id='word_1_207' title='bbox 1047 3154 1142 3232; x_wconf 90' lang='lat' dir='ltr'>parte</span> <span class='ocrx_word' id='word_1_208' title='bbox 1166 3149 1247 3214; x_wconf 89' lang='lat' dir='ltr'>urbs</span> <span class='ocrx_word' id='word_1_209' title='bbox 1273 3158 1379 3234; x_wconf 88' lang='lat' dir='ltr'>capta</span> 
     </span>
     <span class='ocr_line' id='line_1_26' title="bbox 220 3255 1382 3337; baseline 0.003 -19"><span class='ocrx_word' id='word_1_210' title='bbox 220 3263 320 3330; x_wconf 90' lang='lat' dir='ltr'>esset,</span> <span class='ocrx_word' id='word_1_211' title='bbox 357 3255 372 3337; x_wconf 69' lang='grc' dir='ltr'>ξ</span> <span class='ocrx_word' id='word_1_212' title='bbox 409 3257 441 3335; x_wconf 86' lang='grc'>6)</span> <span class='ocrx_word' id='word_1_213' title='bbox 476 3256 669 3320; x_wconf 87' lang='lat' dir='ltr'>suburbium</span> <span class='ocrx_word' id='word_1_214' title='bbox 703 3256 785 3319; x_wconf 89' lang='lat' dir='ltr'>illud</span> <span class='ocrx_word' id='word_1_215' title='bbox 816 3256 978 3321; x_wconf 85' lang='lat' dir='ltr'>diversum</span> <span class='ocrx_word' id='word_1_216' title='bbox 1009 3255 1128 3320; x_wconf 89' lang='lat' dir='ltr'>fuisse.</span> <span class='ocrx_word' id='word_1_217' title='bbox 1163 3257 1382 3322; x_wconf 79' lang='lat' dir='ltr'>manifestum</span> 
     </span>
     <span class='ocr_line' id='line_1_27' title="bbox 219 3364 1383 3445; baseline 0.003 -19"><span class='ocrx_word' id='word_1_218' title='bbox 219 3370 283 3439; x_wconf 84' lang='lat' dir='ltr'>est;</span> <span class='ocrx_word' id='word_1_219' title='bbox 318 3364 430 3444; x_wconf 85' lang='lat' dir='ltr'>itaque</span> <span class='ocrx_word' id='word_1_220' title='bbox 455 3364 609 3428; x_wconf 83' lang='lat' dir='ltr'>Gronorii</span> <span class='ocrx_word' id='word_1_221' title='bbox 635 3366 871 3437; x_wconf 81' lang='lat' dir='ltr'>coniecturam,</span> <span class='ocrx_word' id='word_1_222' title='bbox 905 3370 1059 3445; x_wconf 87' lang='lat' dir='ltr'>partem</span> <span class='ocrx_word' id='word_1_223' title='bbox 1083 3364 1274 3442; x_wconf 86' lang='lat' dir='ltr'>scribentis,</span> <span class='ocrx_word' id='word_1_224' title='bbox 1311 3365 1383 3430; x_wconf 83' lang='lat' dir='ltr'>fere</span> 
     </span>
     <span class='ocr_line' id='line_1_28' title="bbox 219 3469 1382 3553; baseline 0.005 -22"><span class='ocrx_word' id='word_1_225' title='bbox 219 3469 471 3551; x_wconf 88' lang='lat' dir='ltr'>amplectuntur,</span> <span class='ocrx_word' id='word_1_226' title='bbox 490 3493 554 3535; x_wconf 90' lang='lat' dir='ltr'>non</span> <span class='ocrx_word' id='word_1_227' title='bbox 573 3471 669 3534; x_wconf 86' lang='lat' dir='ltr'>raldo</span> <span class='ocrx_word' id='word_1_228' title='bbox 687 3471 902 3553; x_wconf 89' lang='lat' dir='ltr'>probabilem.</span> <span class='ocrx_word' id='word_1_229' title='bbox 943 3470 1021 3534; x_wconf 91' lang='lat' dir='ltr'>Mihi</span> <span class='ocrx_word' id='word_1_230' title='bbox 1041 3472 1125 3535; x_wconf 87' lang='lat' dir='ltr'>arcis</span> <span class='ocrx_word' id='word_1_231' title='bbox 1142 3492 1261 3535; x_wconf 91' lang='lat' dir='ltr'>nomen</span> <span class='ocrx_word' id='word_1_232' title='bbox 1281 3474 1382 3537; x_wconf 81' lang='lat' dir='ltr'>malae</span> 
     </span>
     <span class='ocr_line' id='line_1_29' title="bbox 219 3577 1384 3660; baseline 0.005 -21"><span class='ocrx_word' id='word_1_233' title='bbox 219 3577 354 3658; x_wconf 89' lang='lat' dir='ltr'>originis</span> <span class='ocrx_word' id='word_1_234' title='bbox 379 3587 567 3660; x_wconf 85' lang='lat' dir='ltr'>suspectum</span> <span class='ocrx_word' id='word_1_235' title='bbox 587 3586 637 3642; x_wconf 91' lang='lat' dir='ltr'>est</span> <span class='ocrx_word' id='word_1_236' title='bbox 656 3585 824 3659; x_wconf 85' lang='lat' dir='ltr'>tamquam</span> <span class='ocrx_word' id='word_1_237' title='bbox 844 3578 1002 3654; x_wconf 85' lang='lat' dir='ltr'>additum,</span> <span class='ocrx_word' id='word_1_238' title='bbox 1026 3577 1114 3659; x_wconf 88' lang='lat' dir='ltr'>quod</span> <span class='ocrx_word' id='word_1_239' title='bbox 1133 3578 1384 3645; x_wconf 77' lang='lat' dir='ltr'>substantivum</span> 
     </span>
     <span class='ocr_line' id='line_1_30' title="bbox 220 3684 1384 3764; baseline 0.002 -18"><span class='ocrx_word' id='word_1_240' title='bbox 220 3684 473 3762; x_wconf 82' lang='lat' dir='ltr'>desideraretur,</span> <span class='ocrx_word' id='word_1_241' title='bbox 493 3694 525 3748; x_wconf 90' lang='lat' dir='ltr'>et</span> <span class='ocrx_word' id='word_1_242' title='bbox 544 3686 590 3748; x_wconf 88' lang='lat' dir='ltr'>sio</span> <span class='ocrx_word' id='word_1_243' title='bbox 609 3685 817 3751; x_wconf 85' lang='lat' dir='ltr'>scribendum</span> <span class='ocrx_word' id='word_1_244' title='bbox 835 3685 980 3749; x_wconf 87' lang='lat' dir='ltr'>videtur:</span> <span class='ocrx_word' id='word_1_245' title='bbox 1005 3687 1119 3748; x_wconf 84' lang='lat' dir='ltr'>extra</span> <span class='ocrx_word' id='word_1_246' title='bbox 1136 3707 1288 3763; x_wconf 78' lang='lat' dir='ltr'>muroS,</span> <span class='ocrx_word' id='word_1_247' title='bbox 1311 3706 1384 3764; x_wconf 73' lang='lat' dir='ltr'>qna</span> 
     </span>
     <span class='ocr_line' id='line_1_31' title="bbox 221 3791 1383 3875; baseline 0.004 -21"><span class='ocrx_word' id='word_1_248' title='bbox 221 3791 281 3872; x_wconf 89' lang='lat' dir='ltr'>(sic</span> <span class='ocrx_word' id='word_1_249' title='bbox 308 3794 374 3855; x_wconf 89' lang='lat' dir='ltr'>iam</span> <span class='ocrx_word' id='word_1_250' title='bbox 398 3793 595 3869; x_wconf 79' lang='lat' dir='ltr'>Gronovius)</span> <span class='ocrx_word' id='word_1_251' title='bbox 619 3792 876 3873; x_wconf 88' lang='lat' dir='ltr'>frequentius</span> <span class='ocrx_word' id='word_1_252' title='bbox 905 3813 1031 3875; x_wconf 90' lang='lat' dir='ltr'>prope</span> <span class='ocrx_word' id='word_1_253' title='bbox 1060 3813 1177 3875; x_wconf 88' lang='lat' dir='ltr'>quam</span> <span class='ocrx_word' id='word_1_254' title='bbox 1207 3794 1247 3857; x_wconf 89' lang='lat' dir='ltr'>in</span> <span class='ocrx_word' id='word_1_255' title='bbox 1278 3795 1383 3859; x_wconf 90' lang='lat' dir='ltr'>urbe</span> 
     </span>
     <span class='ocr_line' id='line_1_32' title="bbox 218 3898 1384 3982; baseline 0.003 -22"><span class='ocrx_word' id='word_1_256' title='bbox 218 3899 504 3968; x_wconf 84' lang='lat' dir='ltr'>habitabatur,</span> <span class='ocrx_word' id='word_1_257' title='bbox 550 3899 602 3962; x_wconf 86' lang='lat' dir='ltr'>Ti.</span> <span class='ocrx_word' id='word_1_258' title='bbox 645 3898 882 3982; x_wconf 88' lang='lat' dir='ltr'>Sempronio</span> <span class='ocrx_word' id='word_1_259' title='bbox 923 3899 1057 3980; x_wconf 91' lang='lat' dir='ltr'>Longo</span> <span class='ocrx_word' id='word_1_260' title='bbox 1107 3902 1384 3982; x_wconf 74' lang='lat' dir='ltr'>oppugnando</span> 
     </span>
     <span class='ocr_line' id='line_1_33' title="bbox 221 4004 1384 4086; baseline 0.005 -18"><span class='ocrx_word' id='word_1_261' title='bbox 221 4004 348 4084; x_wconf 72' lang='lat' dir='ltr'>dedit,</span> <span class='ocrx_word' id='word_1_262' title='bbox 383 4029 402 4070; x_wconf 86' lang='lat' dir='ltr'>a</span> <span class='ocrx_word' id='word_1_263' title='bbox 431 4007 520 4070; x_wconf 89' lang='lat' dir='ltr'>sinu</span> <span class='ocrx_word' id='word_1_264' title='bbox 549 4007 741 4082; x_wconf 74' lang='lat' dir='ltr'>Maliaco,</span> <span class='ocrx_word' id='word_1_265' title='bbox 776 4026 859 4086; x_wconf 80' lang='lat' dir='ltr'>quae</span> <span class='ocrx_word' id='word_1_266' title='bbox 889 4005 1046 4070; x_wconf 88' lang='lat' dir='ltr'>aditum</span> <span class='ocrx_word' id='word_1_267' title='bbox 1075 4004 1182 4069; x_wconf 92' lang='lat' dir='ltr'>haud</span> <span class='ocrx_word' id='word_1_268' title='bbox 1212 4006 1384 4074; x_wconf 86' lang='lat' dir='ltr'>facilem</span> 
     </span>
     <span class='ocr_line' id='line_1_34' title="bbox 219 4111 1384 4194; baseline 0.003 -19"><span class='ocrx_word' id='word_1_269' title='bbox 219 4132 313 4194; x_wconf 88' lang='lat' dir='ltr'>pars</span> <span class='ocrx_word' id='word_1_270' title='bbox 343 4113 538 4191; x_wconf 87' lang='lat' dir='ltr'>habebat,</span> <span class='ocrx_word' id='word_1_271' title='bbox 569 4114 610 4177; x_wconf 92' lang='lat' dir='ltr'>M.</span> <span class='ocrx_word' id='word_1_272' title='bbox 642 4114 831 4189; x_wconf 86' lang='lat' dir='ltr'>Baebiu&#39;m,</span> <span class='ocrx_word' id='word_1_273' title='bbox 863 4111 909 4176; x_wconf 87' lang='lat' dir='ltr'>ab</span> <span class='ocrx_word' id='word_1_274' title='bbox 940 4113 1071 4177; x_wconf 90' lang='lat' dir='ltr'>altero</span> <span class='ocrx_word' id='word_1_275' title='bbox 1102 4114 1312 4178; x_wconf 88' lang='lat' dir='ltr'>amniculo</span> <span class='ocrx_word' id='word_1_276' title='bbox 1340 4151 1384 4160; x_wconf 92' lang='lat'>—</span> 
     </span>
     <span class='ocr_line' id='line_1_35' title="bbox 219 4218 1383 4303; baseline 0.004 -22"><span class='ocrx_word' id='word_1_277' title='bbox 219 4220 314 4301; x_wconf 86' lang='lat' dir='ltr'>App.</span> <span class='ocrx_word' id='word_1_278' title='bbox 340 4219 557 4285; x_wconf 89' lang='lat' dir='ltr'>Claudium</span> <span class='ocrx_word' id='word_1_279' title='bbox 587 4223 791 4303; x_wconf 91' lang='lat' dir='ltr'>opposuit.</span> <span class='ocrx_word' id='word_1_280' title='bbox 849 4218 883 4282; x_wconf 88' lang='lat' dir='ltr'>Si</span> <span class='ocrx_word' id='word_1_281' title='bbox 912 4220 986 4302; x_wconf 89' lang='lat' dir='ltr'>quis</span> <span class='ocrx_word' id='word_1_282' title='bbox 1009 4221 1042 4283; x_wconf 90' lang='lat' dir='ltr'>in</span> <span class='ocrx_word' id='word_1_283' title='bbox 1064 4218 1091 4282; x_wconf 93' lang='lat' dir='ltr'><strong>B</strong></span> <span class='ocrx_word' id='word_1_284' title='bbox 1116 4221 1305 4303; x_wconf 86' lang='lat' dir='ltr'>ceterisque</span> <span class='ocrx_word' id='word_1_285' title='bbox 1330 4223 1383 4301; x_wconf 87' lang='lat' dir='ltr'>(et</span> 
     </span>
     <span class='ocr_line' id='line_1_36' title="bbox 155 4325 1384 4410; baseline 0.003 -22"><span class='ocrx_word' id='word_1_286' title='bbox 155 4365 163 4381; x_wconf 85' lang='lat'><strong>·</strong></span> <span class='ocrx_word' id='word_1_287' title='bbox 223 4328 441 4407; x_wconf 80' lang='lat' dir='ltr'>regionem)</span> <span class='ocrx_word' id='word_1_288' title='bbox 478 4329 544 4390; x_wconf 84' lang='lat' dir='ltr'>veri</span> <span class='ocrx_word' id='word_1_289' title='bbox 580 4329 750 4410; x_wconf 81' lang='lat' dir='ltr'>vestigium</span> <span class='ocrx_word' id='word_1_290' title='bbox 786 4326 891 4391; x_wconf 85' lang='lat' dir='ltr'>latere</span> <span class='ocrx_word' id='word_1_291' title='bbox 928 4325 1054 4404; x_wconf 85' lang='lat' dir='ltr'>credet,</span> <span class='ocrx_word' id='word_1_292' title='bbox 1089 4326 1229 4392; x_wconf 87' lang='lat' dir='ltr'>scribet:</span> <span class='ocrx_word' id='word_1_293' title='bbox 1265 4337 1384 4393; x_wconf 86' lang='lat' dir='ltr'>extra</span> 
     </span>
    </p>
   </div>
   <div class='ocr_carea' id='block_1_4' title="bbox 0 0 1509 5108">
    <p class='ocr_par' dir='ltr' id='par_1_4' title="bbox 0 0 1509 5108">
     <span class='ocr_line' id='line_1_37' title="bbox 0 0 1509 5108; baseline 0 0"><span class='ocrx_word' id='word_1_294' title='bbox 0 0 1509 5108; x_wconf 95' lang='lat' dir='ltr'> </span> 
     </span>
    </p>
   </div>
  </div>
 </body>
</html>
