2994 5108
702 508 743 569 85
1169 522 1232 579 no.
1251 523 1300 579 nr.

141 689 293 758 ferunt.
330 690 618 757 Weissenbornius
640 692 674 757 in
700 691 812 757 codice
830 692 1002 777 Bamberg.
1028 701 1067 760 et
1090 703 1301 779 argentum

141 806 179 866 et
200 821 252 867 aes
274 799 375 866 scribi
398 800 511 866 tradit.
560 798 698 880 XXVII,
728 803 783 881 36,
814 804 869 865 12:
894 803 932 866 in
957 801 1117 882 Sicilia,
1145 804 1183 868 in
1207 802 1301 869 Sar·

141 908 259 975 dinia
290 914 331 974 et
360 907 514 989 Gallia;
544 909 678 975 omissio
705 911 949 994 praepositionis
976 911 1011 976 in
1033 912 1131 977 tertio
1154 911 1301 978 membro

142 1017 368 1100 suspicionem
389 1016 500 1082 habet.
543 1015 663 1098 XXIX,
686 1024 716 1097 4,
739 1021 773 1081 6:
803 1018 948 1100 viginti
972 1020 1152 1104 quinque
1173 1019 1300 1103 longae

141 1146 284 1205 naves,
319 1145 388 1191 sex
414 1125 550 1190 millia
576 1123 781 1209 peditum,
817 1127 1049 1208 octingenti
1072 1128 1237 1211 equites
1260 1135 1302 1192 et

143 1238 299 1317 septem
332 1232 564 1317 elephanti,
597 1233 648 1298 ad
679 1231 755 1300 hoc
783 1254 924 1317 magna
952 1236 1139 1318 pecunia;
1174 1236 1301 1320 equites

143 1347 177 1406 et
199 1339 369 1425 elephanti
391 1341 590 1407 coniunctim
611 1341 782 1425 peditibus
807 1341 942 1424 adiungi
967 1341 1128 1407 videntur.
1166 1341 1301 1422 XXXII,

145 1452 203 1528 33,
246 1452 303 1514 16:
354 1448 514 1515 Thebas
552 1447 741 1530 Phthias,
786 1447 998 1530 Echinum,
1041 1451 1223 1516 Larisam
1262 1458 1301 1516 ct

142 1555 396 1624 Pharsalum.
437 1555 597 1642 Copulam
620 1558 654 1622 in
677 1562 835 1639 quattuor
844 1556 1107 1623 Drakenborchii
1131 1558 1300 1623 codicibus

144 1669 180 1730 et
212 1666 247 1730 in
274 1664 511 1747 Bambergensi
540 1666 695 1730 omissam
721 1672 810 1730 recte
840 1665 975 1731 sustulit
1004 1664 1300 1731 Weissenboruius.

142 1771 283 1853 XXXV,
318 1776 374 1852 34,
409 1777 445 1836 4:
498 1771 817 1852 Demetriadem,
863 1771 1098 1838 Chalcidem
1142 1780 1182 1839 et
1227 1773 1331 1838 Lea

143 1880 429 1947 cedaemonem.
490 1879 691 1946 Particulam
729 1881 764 1945 in
803 1880 1038 1964 Bambergensi
1084 1880 1302 1965 omnibusque

142 1987 406 2055 Drakenborchii
451 1988 620 2056 codicibus
660 1989 816 2054 omissam
855 1987 1024 2054 Bekkerus
1063 1995 1097 2054 et
1134 1989 1297 2054 Weissen·
1316 2006 1369 2072 (το)

103 2154 109 2161 .
142 2098 284 2165 homins
306 2097 519 2164 sustulerunt.
575 2096 728 2176 XXXVI,
759 2103 813 2177 14,
846 2102 899 2161 ll:
933 2096 1176 2176 Pharsalus,
1207 2096 1301 2163 Sco·

144 2212 265 2272 tussa
298 2210 339 2271 et
369 2204 518 2271 Pherae.
574 2205 677 2270 Recte
709 2205 808 2270 iidem
842 2226 860 2269 e
893 2203 1145 2288 Bambergensi:
1178 2204 1302 2269 Pbar-

144 2311 263 2379 salus
291 2319 331 2379 et
358 2311 559 2380 Scotussa
588 2319 627 2378 et
653 2312 798 2379 Pherae.
849 2312 998 2392 XXXIX,
1022 2317 1072 2392 33,
1099 2319 1131 2377 l:
1161 2311 1198 2388 Q.
1223 2311 1302 2378 Cae-

143 2420 280 2501 cilius,
302 2420 347 2486 Μ.
370 2420 533 2486 Baebius
557 2426 596 2485 et
618 2420 672 2486 Ti.
691 2419 965 2505 Sempronius.
1006 2419 1172 2486 Omissum
1194 2423 1229 2485 in
1252 2420 1302 2486 ed.

141 2529 341 2614 Mogentina
368 2537 402 2595 et
430 2530 574 2614 quinque
602 2527 863 2594 Drakenborchii
892 2528 986 2594 codd.
1017 2535 1055 2593 et
1077 2528 1302 2595 Weissenbor-

36 2651 40 2673 '
142 2638 220 2704 nius
254 2636 388 2717 delerit,
421 2642 535 2702 natum
564 2658 603 2702 ex
632 2643 645 2700 l
673 2639 833 2722 sequenti.
889 2635 941 2701 Ita
968 2637 1002 2701 in
1031 2636 1154 2702 decade
1184 2640 1304 2721 quarta

142 2745 257 2811 nullus
289 2744 490 2830 relinquitur
523 2744 622 2811 buius
648 2747 777 2828 generis
808 2745 918 2824 locus,
953 2765 1051 2826 quem
1078 2767 1144 2810 non
1172 2745 1303 2810 codices

144 2854 213 2938 ipsi
236 2853 445 2934 subtrahant,
477 2858 599 2938 praeter
622 2852 843 2933 XXXIV,·54,
866 2857 896 2932 2,
919 2852 977 2917 ubi
1000 2853 1032 2916 in
1056 2853 1303 2917 enumeratione

144 2966 326 3046 pratorum
346 2960 463 3027 ultimo
486 2961 561 3028 loco
585 2960 742 3027 scribitur
763 2961 799 3025 L.
822 2961 993 3027 Porcius
1015 2961 1181 3025 Licinus
1205 2967 1244 3025 et
1267 2957 1302 3023 C.

144 3070 386 3135 Flaminius.
441 3068 479 3134 In
513 3071 631 3154 quinta
664 3069 787 3135 decade
823 3068 908 3151 (cod.
938 3066 1200 3148 Vindobonensi)
1235 3065 1304 3130 haec
1422 3155 1425 3160 ,

145 3177 365 3244 obiiciantur:
399 3177 500 3258 XLII,
530 3181 580 3258 33,
612 3182 639 3256 l,
670 3177 710 3242 de
733 3199 799 3262 quo
822 3176 895 3243 loco
919 3177 1027 3241 dicam
1050 3176 1238 3259 separatim,
1272 3181 1305 3238 et

145 3289 198 3366 37,
220 3291 257 3350 4:
279 3285 438 3370 Epirus,
461 3285 617 3351 AEtolia
639 3292 680 3351 et
702 3284 930 3364 Thessalia,
954 3285 1011 3350 ubi
1034 3291 1075 3349 et
1097 3305 1136 3349 ex
1158 3289 1171 3346 t
1194 3291 1304 3349 ortum

145 3400 209 3474 est,
241 3399 313 3460 tum
336 3397 386 3474 53,
414 3399 450 3458 6:
484 3393 699 3460 descendit
722 3393 769 3458 ad
793 3393 997 3477 (Tripolin
1020 3391 1181 3473 vocant)
1204 3393 1304 3457 Azo-

146 3523 246 3583 rum,
273 3500 475 3586 Pythoum
498 3509 537 3567 et
559 3501 760 3568 Dolichen
783 3502 1027 3567 incolentes.
1074 3499 1198 3565 Omitto
1221 3521 1306 3564 nunc

147 3609 251 3676 verba
283 3610 544 3694 transpositione
576 3609 729 3690 turbata;
770 3611 845 3693 ipsa
877 3611 1011 3674 nomino
1044 3610 1077 3672 in
1111 3608 1224 3673 codice
1259 3609 1306 3672 sic

147 3717 353 3784 scribuntur:
382 3698 954 3802 adzdvispytolumetdoscen3
983 3723 1132 3801 apparet,
1156 3718 1189 3780 in
1212 3722 1307 3780 tanta

146 3825 352 3911 reliquorum
384 3825 620 3910 depravatione
654 3827 754 3890 etiam
792 3832 833 3890 et
862 3826 1087 3889 incertissima
1116 3823 1195 3889 fidei
1224 3844 1304 3888 esse.

147 3933 252 4015 XLII,
282 3937 333 4014 65,
364 3938 419 3998 14:
454 3930 649 4000 Consulis
670 3933 807 3999 latera
828 3940 974 4015 tegunt
996 3933 1205 4010 Eumenes
1235 3931 1305 3995 At-

147 4041 257 4108 talns
294 4047 334 4107 et
360 4041 608 4126 Misagenes,
642 4041 811 4125 regulus
844 4041 1119 4106 Numidarum.
1175 4037 1305 4121 Perspi-

148 4171 241 4217 cuum
264 4155 318 4217 est
340 4148 543 4234 Misagenem
565 4149 813 4232 aPergamenis
837 4150 998 4232 separari3
1023 4148 1080 4213 sed
1103 4146 1178 4210 illos
1194 4145 1306 4209 Livius

147 4280 211 4325 non
233 4265 388 4330 ἅσυνὸέτως
409 4258 645 4324 nominaverat.
696 4257 814 4324 Utrum
836 4255 1090 4340 Attalusque
1114 4274 1156 4318 an
1180 4258 1219 4317 et
1241 4252 1306 4315 At·

148 4367 254 4434 talus
291 4366 480 4450 scripserit,
512 4387 580 4432 non
614 4386 734 4450 quaro.
796 4363 916 4443 XLIV,
951 4367 1008 4442 43,
1044 4368 1077 4427 6:
1119 4359 1307 4426 Euander
