3000 5116
196 480 257 533 Lib.
277 480 402 534 XXXIX.
745 468 806 528 556

196 651 298 715 hebat
322 650 399 729 (etsi
422 653 456 715 in
479 651 541 715 hoc
564 651 606 716 ad
628 672 745 716 novam
766 670 835 714 rem
863 669 938 713 cum
966 647 1188 713 admiratione
1210 649 1352 713 transitu

198 757 388 822 difficillime
413 759 610 838 excusatur),
634 758 785 822 AEmilius
808 756 922 821 consul
945 756 976 818 in
999 762 1118 820 senatu
1138 762 1256 821 contra
1278 754 1351 820 Ful-

196 866 283 928 rium
307 866 437 929 dixerat
459 871 640 947 auctorque
664 863 773 929 fuerat
800 870 933 929 senatus
961 862 1104 934 consulti
1127 861 1284 941 faciendi,
1306 869 1351 941 ut,

196 994 297 1055 quum
319 973 453 1037 Fulvius
477 975 617 1036 Romam
641 973 797 1050 redisset,
819 972 860 1036 de
883 970 1016 1053 templis
1040 971 1226 1035 Ambracia
1248 970 1291 1036 ab
1313 990 1352 1037 eo

197 1079 348 1162 spoliatis
381 1079 423 1143 ad
452 1078 625 1162 pontifices
656 1079 835 1143 referretur
859 1071 1053 1159 (XXXVIII,
1083 1077 1152 1159 44).
1198 1077 1272 1142 Hoc
1297 1079 1351 1160 qui

196 1188 303 1269 possit
336 1188 485 1269 quamvis
519 1187 677 1252 invidiose
712 1187 764 1251 his
792 1186 900 1251 verbis
925 1184 1110 1268 significari,
1144 1191 1184 1249 ut
1205 1185 1353 1250 AEmilins

198 1293 327 1358 dicatur
350 1297 420 1378 ipse
450 1294 497 1358 ad
520 1295 748 1378 pontifices
779 1294 1019 1359 calumniam
1048 1292 1267 1371 attulisse,
1290 1314 1353 1358 non

196 1401 305 1480 vide03
323 1423 399 1465 nam
418 1401 616 1466 calumniam
634 1402 743 1467 adfert
760 1402 803 1466 ad
820 1402 965 1484 aliquem
981 1401 1052 1483 ipse
1064 1401 1217 1465 occultus
1234 1401 1353 1465 calum·

196 1510 315 1573 uiator.
369 1507 433 1573 Sed
461 1510 643 1574 remedium
672 1530 738 1573 non
768 1509 896 1592 reperio
925 1508 999 1573 loco
1027 1507 1173 1573 fortasse
1201 1507 1351 1573 lacunam

111 1620 181 1690 (452)
200 1615 344 1680 habenti.
389 1617 427 1679 Id
450 1617 585 1681 dubium
612 1639 678 1681 non
711 1623 776 1695 est,
807 1618 886 1699 quin
915 1616 1064 1699 proxima
1098 1615 1199 1680 verba
1226 1615 1352 1681 codices

196 1723 276 1787 Poll.
308 1730 340 1787 et
364 1723 670 1790 Drakenborchiani
700 1724 755 1804 (de
783 1724 816 1788 Μ
844 1724 987 1804 tacetur)
1021 1731 1113 1788 recte
1147 1724 1196 1787 sic
1230 1724 1350 1807 scripta

197 1831 356 1895 habeant:
390 1833 431 1895 in
458 1831 676 1896 Ambracia
703 1853 780 1895 una
802 1838 923 1915 capta
944 1853 1021 1895 non
1044 1830 1231 1896 valuerit
1252 1830 1350 1897 belli

196 1939 258 2003 ius
282 1937 348 2016 (bei
373 1939 447 2003 dem
471 1938 644 2003 erobcrten
666 1937 868 2019 Ambracia),
897 1938 954 2003 ubi
977 1937 1089 2003 editur
1116 1939 1157 2001 in
1187 1937 1350 2003 Ambra·

198 2047 298 2110 ciam
321 2067 438 2110 unam
461 2052 628 2128 captam.
675 2045 768 2129 Saepe
801 2047 835 2111 in
865 2046 927 2110 hoc
954 2067 1018 2110 usu
1047 2047 1292 2128 praepositionis
1313 2047 1348 2110 in

197 2153 417 2234 aberratur.²)

283 2259 360 2344 Cap.
386 2264 456 2338 7‚2
491 2260 546 2341 (de
569 2259 734 2343 triumpho
765 2257 822 2324 Cn.
846 2260 961 2325 Manlii
992 2281 1032 2324 ex
1060 2259 1172 2341 Asia):
1209 2260 1346 2325 Militi·

196 2368 269 2433 bus
298 2368 586 2450 quadragenos
620 2367 739 2432 binos
774 2367 968 2432 denarios
1003 2367 1167 2446 divisit,
1205 2368 1346 2452 duplex

198 2477 441 2554 centurioni,
464 2482 504 2539 et
527 2475 778 2557 stipendium
802 2475 950 2558 duplex
972 2476 1013 2538 in
1035 2475 1200 2558 pedites
1223 2476 1344 2554 dedit,

196 2584 349 2665 triplex
378 2584 416 2646 in
446 2583 618 2663 equites.
665 2580 752 2658 Quid
782 2589 867 2647 esset
896 2583 930 2647 in
952 2581 1003 2646 his
1026 2582 1098 2646 vitii
1121 2590 1156 2648 et
1179 2584 1260 2667 quid
1281 2603 1344 2649 aen·

194 2692 300 2754 tentia
317 2692 508 2771 requireret,
526 2688 678 2753 Dukerus
703 2696 737 2754 et
754 2687 1045 2755 Drakenborchius
1068 2690 1231 2756 viderunt.
1265 2690 1338 2754 Nam

196 2819 302 2880 neque
326 2799 358 2861 iu
382 2798 544 2862 communi
567 2796 742 2879 largitione
766 2797 968 2881 triumphali,
991 2795 1113 2879 peditis
1137 2803 1172 2861 et
1190 2799 1338 2863 centurio·

197 2907 246 2968 nis
271 2926 398 2969 summa
421 2905 586 2981 distincta,
611 2905 745 2969 tertium
775 2907 895 2988 equitis
924 2904 1063 2986 gradum
1094 2906 1202 2971 omitti
1235 2925 1335 2989 perpe·

196 3019 271 3076 tuus
295 3034 364 3076 moa
388 3013 518 3076 sinebat
541 3019 722 3094 contraque
741 3014 773 3076 in
792 3011 957 3096 stipendio
975 3019 1069 3077 extra
1087 3013 1235 3078 ordinem
1251 3017 1333 3076 aucto

195 3119 383 3183 huiusmodi
407 3120 557 3183 ordinum
581 3119 824 3184 distinctionem
847 3120 955 3184 locum
978 3141 1043 3184 non
1067 3119 1191 3185 habere
1214 3126 1247 3185 et
1264 3116 1329 3183 Livii

120 3287 122 3291 ,
196 3225 259 3291 loci
284 3227 324 3289 de
348 3227 471 3309 duplici
493 3227 654 3309 triplicire
679 3227 844 3309 stipendio
874 3227 1053 3292 ostendunt
1083 3249 1104 3291 a
1126 3227 1256 3292 Dukero
1276 3223 1325 3289 col·

195 3332 272 3397 lecu
295 3315 427 3413 (xxiu,
447 3339 496 3413 20,
517 3340 545 3412 a,
566 3334 729 3412 xuxvu,
751 3339 799 3413 59,
813 3339 841 3412 a,
862 3334 928 3413 uu,
947 3338 998 3412 43,
1019 3338 1052 3398 r:
1068 3335 1272 3399 mnitibus
1291 3331 1324 3393 ue

196 3438 1321 3524 prada—triplexequiti‚-etstipendiumomnibusdu

195 3548 302 3631 plex3
322 3569 398 3612 uam
410 3549 527 3627 XXIX,
543 3554 570 3623 3,
585 3555 602 3613 5
616 3557 648 3614 et
660 3550 761 3626 XXX,
776 3554 823 3627 16,
840 3554 877 3612 12
890 3549 972 3613 nihil
984 3551 1026 3614 ad
1039 3550 1124 3614 hanc
1141 3550 1317 3632 largitionem

195 3655 376 3738 pertinent)
396 3663 430 3720 et
452 3657 557 3722 multo
580 3658 684 3740 magis
702 3659 748 3721 rei
765 3665 900 3736 natura3
923 3679 1000 3721 nam
1020 3660 1217 3741 stipendium
1236 3657 1317 3738 ipsun

196 3825 422 3835 *—

220 3942 244 4007 ¹)
264 3942 343 4010 Quod
362 3960 384 3995 c.
411 3945 434 4009 5,
454 3946 469 3996 9
489 3962 522 3997 ex
546 3944 575 3997 ld
602 3944 695 3998 editur
718 3962 896 3999 necessum
925 3952 1019 3999 esset
1043 3945 1164 4015 (Gelenii
1186 3943 1247 4008 fide;
1268 3947 1314 3991 nm

264 4027 436 4082 Carbachiua
460 4029 526 4083 inde
551 4030 677 4083 enotavit
703 4046 842 4084 necesse
870 4036 975 4096 eaaet;
993 4031 1024 4084 in
1049 4033 1152 4086 ceteris
1171 4037 1212 4085 est
1227 4035 1315 4082 nevel·

265 4113 390 4164 serium
413 4113 519 4178 esset)
538 4117 567 4166 et
584 4113 710 4178 XXXIV,
729 4117 788 4180 Μ
811 4134 846 4169 ex
872 4116 972 4169 ecdem
994 4132 1177 4170 necessum
1200 4120 1250 4170 est
1271 4101 1315 4173 (lli

263 4197 332 4249 Bet
351 4199 439 4252 ceteri
457 4198 563 4252 habent
587 4216 727 4252 necesse
755 4198 827 4265 est),
851 4200 932 4253 valde
955 4217 1064 4265 vereor,
1084 4220 1119 4256 ne
1139 4218 1215 4256 cacus
1231 4212 1273 4251 nor
1286 4191 1314 4242 Ιῠ·

263 4281 312 4334 dat
336 4283 365 4334 in
385 4283 493 4337 duobus
520 4283 563 4337 his
588 4285 657 4337 locis
679 4284 839 4338 Plautinam
857 4285 1113 4354 Lucretianamque
1137 4281 1269 4356 pervagati
1283 4289 1316 4327 vt

264 4366 358 4420 ccbuli
375 4366 492 4421 formam
511 4369 654 4423 obiiciona.
