<?xml version="1.0" encoding="UTF-8"?>
<!DOCTYPE html PUBLIC "-//W3C//DTD XHTML 1.0 Transitional//EN"
    "http://www.w3.org/TR/xhtml1/DTD/xhtml1-transitional.dtd">
<html xmlns="http://www.w3.org/1999/xhtml" xml:lang="en" lang="en">
 <head>
  <title>
</title>
<meta http-equiv="Content-Type" content="text/html;charset=utf-8" />
  <meta name='ocr-system' content='tesseract 3.04.00' />
  <meta name='ocr-capabilities' content='ocr_page ocr_carea ocr_par ocr_line ocrx_word'/>
</head>
<body>
  <div class='ocr_page' id='page_1' title='image "./emendationesliv00madvgoog_0032.png"; bbox 0 0 2994 5108; ppageno 0'>
   <div class='ocr_carea' id='block_1_1' title="bbox 715 469 754 532">
    <p class='ocr_par' dir='ltr' id='par_1_1' title="bbox 715 469 754 532">
     <span class='ocr_line' id='line_1_1' title="bbox 715 469 754 532; baseline -0.051 0"><span class='ocrx_word' id='word_1_1' title='bbox 715 469 754 532; x_wconf 80' lang='lat'>19</span> 
     </span>
    </p>
   </div>
   <div class='ocr_carea' id='block_1_2' title="bbox 150 652 1379 3878">
    <p class='ocr_par' dir='ltr' id='par_1_2' title="bbox 150 652 1379 3878">
     <span class='ocr_line' id='line_1_2' title="bbox 153 652 1311 733; baseline 0.003 -13"><span class='ocrx_word' id='word_1_2' title='bbox 153 661 348 720; x_wconf 86' lang='lat' dir='ltr'>nostrorum</span> <span class='ocrx_word' id='word_1_3' title='bbox 370 653 520 719; x_wconf 90' lang='lat' dir='ltr'>codicum</span> <span class='ocrx_word' id='word_1_4' title='bbox 542 652 717 718; x_wconf 84' lang='lat' dir='ltr'>ostendere</span> <span class='ocrx_word' id='word_1_5' title='bbox 740 653 886 733; x_wconf 86' lang='lat' dir='ltr'>videtur,</span> <span class='ocrx_word' id='word_1_6' title='bbox 915 656 1038 720; x_wconf 89' lang='lat' dir='ltr'>iamin</span> <span class='ocrx_word' id='word_1_7' title='bbox 1061 656 1174 722; x_wconf 90' lang='lat' dir='ltr'>codice</span> <span class='ocrx_word' id='word_1_8' title='bbox 1198 678 1311 723; x_wconf 90' lang='lat' dir='ltr'>eorum</span> 
     </span>
     <span class='ocr_line' id='line_1_3' title="bbox 153 761 1310 848; baseline 0.002 -20"><span class='ocrx_word' id='word_1_9' title='bbox 153 763 334 848; x_wconf 81' lang='lat' dir='ltr'>archetypo</span> <span class='ocrx_word' id='word_1_10' title='bbox 358 784 398 828; x_wconf 89' lang='lat' dir='ltr'>ex</span> <span class='ocrx_word' id='word_1_11' title='bbox 421 761 607 844; x_wconf 82' lang='lat' dir='ltr'>antiquiore</span> <span class='ocrx_word' id='word_1_12' title='bbox 630 761 818 827; x_wconf 87' lang='lat' dir='ltr'>huiusmodi</span> <span class='ocrx_word' id='word_1_13' title='bbox 836 763 1049 829; x_wconf 80' lang='lat' dir='ltr'>adnotatione</span> <span class='ocrx_word' id='word_1_14' title='bbox 1067 771 1176 830; x_wconf 87' lang='lat' dir='ltr'>ortum</span> <span class='ocrx_word' id='word_1_15' title='bbox 1195 765 1310 832; x_wconf 87' lang='lat' dir='ltr'>fuisse:</span> 
     </span>
     <span class='ocr_line' id='line_1_4' title="bbox 153 869 1310 954; baseline 0.002 -17"><span class='ocrx_word' id='word_1_16' title='bbox 153 873 337 954; x_wconf 83' lang='lat' dir='ltr'>quietam</span> <span class='ocrx_word' id='word_1_17' title='bbox 365 877 406 936; x_wconf 88' lang='lat' dir='ltr'>et</span> <span class='ocrx_word' id='word_1_18' title='bbox 429 878 692 936; x_wconf 85' lang='lat' dir='ltr'>exoneratam</span> <span class='ocrx_word' id='word_1_19' title='bbox 714 869 901 936; x_wconf 91' lang='lat' dir='ltr'>deducta.</span> <span class='ocrx_word' id='word_1_20' title='bbox 954 870 1092 954; x_wconf 82' lang='lat' dir='ltr'>(Contra</span> <span class='ocrx_word' id='word_1_21' title='bbox 1116 873 1151 938; x_wconf 92' lang='lat' dir='ltr'>iu</span> <span class='ocrx_word' id='word_1_22' title='bbox 1174 873 1244 954; x_wconf 91' lang='lat' dir='ltr'>VH,</span> <span class='ocrx_word' id='word_1_23' title='bbox 1273 879 1310 939; x_wconf 86' lang='grc'>16</span> 
     </span>
     <span class='ocr_line' id='line_1_5' title="bbox 303 983 1311 1067; baseline 0.002 -21"><span class='ocrx_word' id='word_1_24' title='bbox 303 990 307 996; x_wconf 82' lang='grc'><em>“</em></span> <span class='ocrx_word' id='word_1_25' title='bbox 1146 983 1311 1067; x_wconf 87' lang='lat' dir='ltr'>accepit</span> 
     </span>
     <span class='ocr_line' id='line_1_6' title="bbox 155 1086 1310 1174; baseline 0.003 -22"><span class='ocrx_word' id='word_1_26' title='bbox 155 1094 171 1151; x_wconf 96' lang='grc'>1</span> <span class='ocrx_word' id='word_1_27' title='bbox 197 1089 232 1152; x_wconf 93' lang='lat' dir='ltr'>in</span> <span class='ocrx_word' id='word_1_28' title='bbox 254 1087 433 1172; x_wconf 84' lang='lat' dir='ltr'>archetypo</span> <span class='ocrx_word' id='word_1_29' title='bbox 460 1086 542 1152; x_wconf 93' lang='lat' dir='ltr'>nihil</span> <span class='ocrx_word' id='word_1_30' title='bbox 564 1086 667 1152; x_wconf 87' lang='lat' dir='ltr'>fuisse</span> <span class='ocrx_word' id='word_1_31' title='bbox 690 1087 754 1152; x_wconf 92' lang='lat' dir='ltr'>nisi</span> <span class='ocrx_word' id='word_1_32' title='bbox 774 1089 899 1152; x_wconf 87' lang='lat' dir='ltr'>scivit</span> <span class='ocrx_word' id='word_1_33' title='bbox 917 1090 1082 1174; x_wconf 85' lang='lat' dir='ltr'>accepit</span> <span class='ocrx_word' id='word_1_34' title='bbox 1100 1097 1160 1156; x_wconf 89' lang='lat' dir='ltr'>aut</span> <span class='ocrx_word' id='word_1_35' title='bbox 1176 1091 1310 1171; x_wconf 85' lang='lat' dir='ltr'>scivit,</span> 
     </span>
     <span class='ocr_line' id='line_1_7' title="bbox 153 1194 1312 1282; baseline 0.001 -20"><span class='ocrx_word' id='word_1_36' title='bbox 153 1196 303 1262; x_wconf 87' lang='lat' dir='ltr'>ostendit</span> <span class='ocrx_word' id='word_1_37' title='bbox 336 1196 408 1261; x_wconf 85' lang='lat' dir='ltr'>cod.</span> <span class='ocrx_word' id='word_1_38' title='bbox 436 1194 621 1274; x_wconf 80' lang='lat' dir='ltr'>Mediceus3</span> <span class='ocrx_word' id='word_1_39' title='bbox 655 1196 689 1258; x_wconf 92' lang='lat' dir='ltr'>in</span> <span class='ocrx_word' id='word_1_40' title='bbox 717 1197 834 1261; x_wconf 86' lang='lat' dir='ltr'>ceteris</span> <span class='ocrx_word' id='word_1_41' title='bbox 865 1203 917 1262; x_wconf 90' lang='lat' dir='ltr'>est</span> <span class='ocrx_word' id='word_1_42' title='bbox 945 1198 1218 1282; x_wconf 85' lang='lat' dir='ltr'>accepitque.)</span> <span class='ocrx_word' id='word_1_43' title='bbox 1273 1199 1312 1263; x_wconf 94' lang='lat' dir='ltr'>ln</span> 
     </span>
     <span class='ocr_line' id='line_1_8' title="bbox 153 1303 1311 1390; baseline 0.002 -21"><span class='ocrx_word' id='word_1_44' title='bbox 153 1305 322 1390; x_wconf 88' lang='lat' dir='ltr'>plerisque</span> <span class='ocrx_word' id='word_1_45' title='bbox 361 1310 472 1369; x_wconf 89' lang='lat' dir='ltr'>autem</span> <span class='ocrx_word' id='word_1_46' title='bbox 505 1303 694 1368; x_wconf 90' lang='lat' dir='ltr'>huiusmodi</span> <span class='ocrx_word' id='word_1_47' title='bbox 727 1303 875 1369; x_wconf 90' lang='lat' dir='ltr'>locorum</span> <span class='ocrx_word' id='word_1_48' title='bbox 907 1307 942 1370; x_wconf 93' lang='lat' dir='ltr'>in</span> <span class='ocrx_word' id='word_1_49' title='bbox 976 1306 1089 1372; x_wconf 89' lang='lat' dir='ltr'>codice</span> <span class='ocrx_word' id='word_1_50' title='bbox 1122 1314 1311 1373; x_wconf 85' lang='lat' dir='ltr'>nostrorum</span> 
     </span>
     <span class='ocr_line' id='line_1_9' title="bbox 153 1410 1311 1500; baseline 0.003 -22"><span class='ocrx_word' id='word_1_51' title='bbox 153 1410 334 1496; x_wconf 85' lang='lat' dir='ltr'>archetypo</span> <span class='ocrx_word' id='word_1_52' title='bbox 373 1433 476 1496; x_wconf 88' lang='lat' dir='ltr'>supra</span> <span class='ocrx_word' id='word_1_53' title='bbox 515 1410 689 1495; x_wconf 87' lang='lat' dir='ltr'>scriptum,</span> <span class='ocrx_word' id='word_1_54' title='bbox 728 1434 794 1477; x_wconf 92' lang='lat' dir='ltr'>uon</span> <span class='ocrx_word' id='word_1_55' title='bbox 826 1414 860 1478; x_wconf 90' lang='lat' dir='ltr'>in</span> <span class='ocrx_word' id='word_1_56' title='bbox 893 1415 965 1497; x_wconf 91' lang='lat' dir='ltr'>ipso</span> <span class='ocrx_word' id='word_1_57' title='bbox 1000 1415 1114 1480; x_wconf 91' lang='lat' dir='ltr'>ordine</span> <span class='ocrx_word' id='word_1_58' title='bbox 1148 1416 1311 1500; x_wconf 86' lang='lat' dir='ltr'>perscrip-</span> 
     </span>
     <span class='ocr_line' id='line_1_10' title="bbox 151 1518 1379 1604; baseline 0.002 -19"><span class='ocrx_word' id='word_1_59' title='bbox 151 1528 227 1585; x_wconf 90' lang='lat' dir='ltr'>tum</span> <span class='ocrx_word' id='word_1_60' title='bbox 262 1521 594 1604; x_wconf 86' lang='lat' dir='ltr'>interpretamentum</span> <span class='ocrx_word' id='word_1_61' title='bbox 627 1518 745 1600; x_wconf 82' lang='lat' dir='ltr'>fuisse,</span> <span class='ocrx_word' id='word_1_62' title='bbox 785 1520 944 1602; x_wconf 83' lang='lat' dir='ltr'>ostendit,</span> <span class='ocrx_word' id='word_1_63' title='bbox 983 1523 1085 1604; x_wconf 88' lang='lat' dir='ltr'>quod,</span> <span class='ocrx_word' id='word_1_64' title='bbox 1126 1524 1220 1588; x_wconf 88' lang='lat' dir='ltr'>cuius</span> <span class='ocrx_word' id='word_1_65' title='bbox 1259 1525 1379 1602; x_wconf 72' lang='grc'><strong>111118)</strong></span> 
     </span>
     <span class='ocr_line' id='line_1_11' title="bbox 150 1627 1312 1713; baseline 0.002 -18"><span class='ocrx_word' id='word_1_66' title='bbox 150 1631 222 1695; x_wconf 87' lang='lat' dir='ltr'>iam</span> <span class='ocrx_word' id='word_1_67' title='bbox 249 1628 399 1713; x_wconf 85' lang='lat' dir='ltr'>exempla</span> <span class='ocrx_word' id='word_1_68' title='bbox 427 1628 522 1712; x_wconf 89' lang='lat' dir='ltr'>posui</span> <span class='ocrx_word' id='word_1_69' title='bbox 553 1627 614 1709; x_wconf 90' lang='lat' dir='ltr'>(ll,</span> <span class='ocrx_word' id='word_1_70' title='bbox 644 1633 700 1708; x_wconf 79' lang='lat'>56,</span> <span class='ocrx_word' id='word_1_71' title='bbox 729 1632 764 1707; x_wconf 77' lang='lat'>2,</span> <span class='ocrx_word' id='word_1_72' title='bbox 795 1629 840 1708; x_wconf 87' lang='lat' dir='ltr'>X,</span> <span class='ocrx_word' id='word_1_73' title='bbox 871 1633 926 1709; x_wconf 82' lang='lat'>37,</span> <span class='ocrx_word' id='word_1_74' title='bbox 960 1629 1027 1711; x_wconf 85' lang='lat'>15),</span> <span class='ocrx_word' id='word_1_75' title='bbox 1055 1632 1090 1695; x_wconf 90' lang='lat' dir='ltr'>in</span> <span class='ocrx_word' id='word_1_76' title='bbox 1119 1631 1194 1696; x_wconf 90' lang='lat' dir='ltr'>aliis</span> <span class='ocrx_word' id='word_1_77' title='bbox 1223 1632 1312 1698; x_wconf 91' lang='lat' dir='ltr'>codi-</span> 
     </span>
     <span class='ocr_line' id='line_1_12' title="bbox 152 1734 1311 1822; baseline 0.003 -20"><span class='ocrx_word' id='word_1_78' title='bbox 152 1737 251 1803; x_wconf 80' lang='lat' dir='ltr'>cibus</span> <span class='ocrx_word' id='word_1_79' title='bbox 274 1743 351 1802; x_wconf 88' lang='lat' dir='ltr'>ante</span> <span class='ocrx_word' id='word_1_80' title='bbox 374 1735 509 1800; x_wconf 86' lang='lat' dir='ltr'>verbum</span> <span class='ocrx_word' id='word_1_81' title='bbox 532 1734 703 1799; x_wconf 79' lang='lat' dir='ltr'>Livianum</span> <span class='ocrx_word' id='word_1_82' title='bbox 726 1737 876 1820; x_wconf 89' lang='lat' dir='ltr'>ponitur,</span> <span class='ocrx_word' id='word_1_83' title='bbox 905 1738 939 1801; x_wconf 92' lang='lat' dir='ltr'>in</span> <span class='ocrx_word' id='word_1_84' title='bbox 962 1738 1037 1803; x_wconf 89' lang='lat' dir='ltr'>aliis</span> <span class='ocrx_word' id='word_1_85' title='bbox 1059 1746 1136 1822; x_wconf 86' lang='lat' dir='ltr'>post</span> <span class='ocrx_word' id='word_1_86' title='bbox 1158 1738 1201 1814; x_wconf 88' lang='lat' dir='ltr'>id,</span> <span class='ocrx_word' id='word_1_87' title='bbox 1232 1740 1311 1805; x_wconf 84' lang='lat' dir='ltr'>scri·</span> 
     </span>
     <span class='ocr_line' id='line_1_13' title="bbox 151 1843 1311 1931; baseline 0.001 -20"><span class='ocrx_word' id='word_1_88' title='bbox 151 1847 288 1925; x_wconf 89' lang='lat' dir='ltr'>barum,</span> <span class='ocrx_word' id='word_1_89' title='bbox 328 1845 386 1927; x_wconf 91' lang='lat' dir='ltr'>qui</span> <span class='ocrx_word' id='word_1_90' title='bbox 426 1843 641 1928; x_wconf 82' lang='lat' dir='ltr'>archetypum</span> <span class='ocrx_word' id='word_1_91' title='bbox 675 1853 925 1928; x_wconf 87' lang='lat' dir='ltr'>expresserunt,</span> <span class='ocrx_word' id='word_1_92' title='bbox 966 1846 1114 1911; x_wconf 90' lang='lat' dir='ltr'>arbitrio.</span> <span class='ocrx_word' id='word_1_93' title='bbox 1179 1847 1311 1931; x_wconf 86' lang='lat' dir='ltr'>(ltaque</span> 
     </span>
     <span class='ocr_line' id='line_1_14' title="bbox 151 1952 1311 2037; baseline -0.001 -18"><span class='ocrx_word' id='word_1_94' title='bbox 151 1954 241 2019; x_wconf 84' lang='lat' dir='ltr'>male</span> <span class='ocrx_word' id='word_1_95' title='bbox 274 1953 429 2018; x_wconf 87' lang='lat' dir='ltr'>Hertzius</span> <span class='ocrx_word' id='word_1_96' title='bbox 463 1952 506 2017; x_wconf 88' lang='lat' dir='ltr'>ad</span> <span class='ocrx_word' id='word_1_97' title='bbox 540 1952 605 2032; x_wconf 88' lang='lat' dir='ltr'>lll,</span> <span class='ocrx_word' id='word_1_98' title='bbox 640 1956 696 2032; x_wconf 78' lang='lat'>35,</span> <span class='ocrx_word' id='word_1_99' title='bbox 732 1957 750 2016; x_wconf 78' lang='lat'><strong>7</strong></span> <span class='ocrx_word' id='word_1_100' title='bbox 785 1960 898 2037; x_wconf 89' lang='lat' dir='ltr'>putat,</span> <span class='ocrx_word' id='word_1_101' title='bbox 934 1953 1022 2036; x_wconf 90' lang='lat' dir='ltr'>quod</span> <span class='ocrx_word' id='word_1_102' title='bbox 1056 1956 1090 2018; x_wconf 93' lang='lat' dir='ltr'>iu</span> <span class='ocrx_word' id='word_1_103' title='bbox 1123 1955 1311 2020; x_wconf 87' lang='lat' dir='ltr'>huiusmodi</span> 
     </span>
     <span class='ocr_line' id='line_1_15' title="bbox 151 2061 1311 2145; baseline 0 -17"><span class='ocrx_word' id='word_1_104' title='bbox 151 2062 236 2128; x_wconf 88' lang='lat' dir='ltr'>locis</span> <span class='ocrx_word' id='word_1_105' title='bbox 276 2061 390 2126; x_wconf 88' lang='lat' dir='ltr'>ordine</span> <span class='ocrx_word' id='word_1_106' title='bbox 430 2061 522 2144; x_wconf 90' lang='lat' dir='ltr'>prius</span> <span class='ocrx_word' id='word_1_107' title='bbox 566 2061 609 2125; x_wconf 91' lang='lat' dir='ltr'>sit</span> <span class='ocrx_word' id='word_1_108' title='bbox 647 2061 798 2141; x_wconf 88' lang='lat' dir='ltr'>verbum,</span> <span class='ocrx_word' id='word_1_109' title='bbox 838 2063 938 2126; x_wconf 90' lang='lat' dir='ltr'>etiam</span> <span class='ocrx_word' id='word_1_110' title='bbox 977 2062 1102 2144; x_wconf 82' lang='lat' dir='ltr'>origine</span> <span class='ocrx_word' id='word_1_111' title='bbox 1145 2064 1311 2145; x_wconf 90' lang='lat' dir='ltr'>antiquius</span> 
     </span>
     <span class='ocr_line' id='line_1_16' title="bbox 151 2167 1310 2255; baseline 0 -18"><span class='ocrx_word' id='word_1_112' title='bbox 151 2170 251 2251; x_wconf 84' lang='lat' dir='ltr'>esse.)</span> <span class='ocrx_word' id='word_1_113' title='bbox 308 2168 409 2248; x_wconf 82' lang='lat' dir='ltr'>Quid,</span> <span class='ocrx_word' id='word_1_114' title='bbox 450 2167 539 2252; x_wconf 91' lang='lat' dir='ltr'>quod</span> <span class='ocrx_word' id='word_1_115' title='bbox 579 2167 743 2233; x_wconf 89' lang='lat' dir='ltr'>interdum</span> <span class='ocrx_word' id='word_1_116' title='bbox 783 2191 844 2234; x_wconf 87' lang='lat' dir='ltr'>vox</span> <span class='ocrx_word' id='word_1_117' title='bbox 879 2192 980 2254; x_wconf 85' lang='lat' dir='ltr'>supra</span> <span class='ocrx_word' id='word_1_118' title='bbox 1014 2173 1138 2255; x_wconf 88' lang='lat' dir='ltr'>scripta</span> <span class='ocrx_word' id='word_1_119' title='bbox 1171 2172 1212 2236; x_wconf 89' lang='lat' dir='ltr'>ab</span> <span class='ocrx_word' id='word_1_120' title='bbox 1246 2194 1310 2237; x_wconf 91' lang='lat' dir='ltr'>uno</span> 
     </span>
     <span class='ocr_line' id='line_1_17' title="bbox 152 2275 1311 2358; baseline 0.001 -15"><span class='ocrx_word' id='word_1_121' title='bbox 152 2286 190 2344; x_wconf 89' lang='lat' dir='ltr'>et</span> <span class='ocrx_word' id='word_1_122' title='bbox 212 2278 317 2343; x_wconf 86' lang='lat' dir='ltr'>altero</span> <span class='ocrx_word' id='word_1_123' title='bbox 342 2276 480 2341; x_wconf 90' lang='lat' dir='ltr'>librario</span> <span class='ocrx_word' id='word_1_124' title='bbox 504 2282 634 2341; x_wconf 88' lang='lat' dir='ltr'>tautum</span> <span class='ocrx_word' id='word_1_125' title='bbox 657 2275 860 2358; x_wconf 84' lang='lat' dir='ltr'>singularum</span> <span class='ocrx_word' id='word_1_126' title='bbox 882 2277 1071 2343; x_wconf 88' lang='lat' dir='ltr'>litterarum</span> <span class='ocrx_word' id='word_1_127' title='bbox 1095 2281 1222 2344; x_wconf 88' lang='lat' dir='ltr'>curioso</span> <span class='ocrx_word' id='word_1_128' title='bbox 1240 2280 1311 2344; x_wconf 86' lang='lat' dir='ltr'>voci</span> 
     </span>
     <span class='ocr_line' id='line_1_18' title="bbox 151 2384 1309 2466; baseline 0.001 -14"><span class='ocrx_word' id='word_1_129' title='bbox 151 2386 300 2453; x_wconf 77' lang='lat' dir='ltr'>Liviana</span> <span class='ocrx_word' id='word_1_130' title='bbox 330 2385 464 2450; x_wconf 85' lang='lat' dir='ltr'>divulsae</span> <span class='ocrx_word' id='word_1_131' title='bbox 490 2384 600 2449; x_wconf 87' lang='lat' dir='ltr'>media</span> <span class='ocrx_word' id='word_1_132' title='bbox 626 2385 753 2449; x_wconf 86' lang='lat' dir='ltr'>inserta</span> <span class='ocrx_word' id='word_1_133' title='bbox 782 2393 847 2464; x_wconf 88' lang='lat' dir='ltr'>est,</span> <span class='ocrx_word' id='word_1_134' title='bbox 882 2394 920 2450; x_wconf 90' lang='lat' dir='ltr'>ut</span> <span class='ocrx_word' id='word_1_135' title='bbox 948 2386 1011 2466; x_wconf 90' lang='lat'>111,</span> <span class='ocrx_word' id='word_1_136' title='bbox 1046 2391 1103 2466; x_wconf 77' lang='lat'>40,</span> <span class='ocrx_word' id='word_1_137' title='bbox 1140 2388 1213 2452; x_wconf 85' lang='lat' dir='ltr'>7iu</span> <span class='ocrx_word' id='word_1_138' title='bbox 1236 2388 1309 2453; x_wconf 89' lang='lat' dir='ltr'>Par.</span> 
     </span>
     <span class='ocr_line' id='line_1_19' title="bbox 988 2496 1203 2561; baseline 0.009 -2"><span class='ocrx_word' id='word_1_139' title='bbox 988 2496 1203 2561; x_wconf 86' lang='lat' dir='ltr'>convenire</span> 
     </span>
     <span class='ocr_line' id='line_1_20' title="bbox 153 2601 1310 2688; baseline 0.002 -21"><span class='ocrx_word' id='word_1_140' title='bbox 153 2604 278 2688; x_wconf 86' lang='lat' dir='ltr'>(prima</span> <span class='ocrx_word' id='word_1_141' title='bbox 305 2601 433 2682; x_wconf 81' lang='lat' dir='ltr'>nrauu):</span> <span class='ocrx_word' id='word_1_142' title='bbox 474 2623 517 2666; x_wconf 93' lang='lat' dir='ltr'>co</span> <span class='ocrx_word' id='word_1_143' title='bbox 548 2602 747 2666; x_wconf 88' lang='lat' dir='ltr'>oomivere</span> <span class='ocrx_word' id='word_1_144' title='bbox 777 2603 851 2675; x_wconf 85' lang='lat' dir='ltr'>ire,</span> <span class='ocrx_word' id='word_1_145' title='bbox 885 2601 948 2669; x_wconf 90' lang='lat' dir='ltr'>hoc</span> <span class='ocrx_word' id='word_1_146' title='bbox 971 2611 1022 2667; x_wconf 87' lang='lat' dir='ltr'>est</span> <span class='ocrx_word' id='word_1_147' title='bbox 1050 2606 1175 2682; x_wconf 86' lang='lat' dir='ltr'>coire,</span> <span class='ocrx_word' id='word_1_148' title='bbox 1210 2610 1244 2669; x_wconf 89' lang='lat' dir='ltr'>et</span> <span class='ocrx_word' id='word_1_149' title='bbox 1271 2604 1310 2685; x_wconf 86' lang='lat' dir='ltr'>X,</span> 
     </span>
     <span class='ocr_line' id='line_1_21' title="bbox 152 2708 1310 2793; baseline 0 -17"><span class='ocrx_word' id='word_1_150' title='bbox 152 2715 213 2789; x_wconf 76' lang='lat'>43,</span> <span class='ocrx_word' id='word_1_151' title='bbox 245 2715 282 2773; x_wconf 77' lang='lat'>12</span> <span class='ocrx_word' id='word_1_152' title='bbox 311 2711 345 2774; x_wconf 93' lang='lat' dir='ltr'>iu</span> <span class='ocrx_word' id='word_1_153' title='bbox 368 2708 498 2774; x_wconf 85' lang='lat' dir='ltr'>eodem:</span> <span class='ocrx_word' id='word_1_154' title='bbox 532 2716 572 2774; x_wconf 92' lang='lat' dir='ltr'>te</span> <span class='ocrx_word' id='word_1_155' title='bbox 594 2730 719 2793; x_wconf 86' lang='lat' dir='ltr'>prope</span> <span class='ocrx_word' id='word_1_156' title='bbox 741 2731 861 2788; x_wconf 86' lang='lat' dir='ltr'>merc,</span> <span class='ocrx_word' id='word_1_157' title='bbox 900 2718 958 2775; x_wconf 91' lang='lat' dir='ltr'>aut</span> <span class='ocrx_word' id='word_1_158' title='bbox 981 2712 1011 2775; x_wconf 87' lang='lat' dir='ltr'>oi</span> <span class='ocrx_word' id='word_1_159' title='bbox 1033 2711 1148 2776; x_wconf 87' lang='lat' dir='ltr'>mediae</span> <span class='ocrx_word' id='word_1_160' title='bbox 1171 2713 1310 2777; x_wconf 91' lang='lat' dir='ltr'>circum·</span> 
     </span>
     <span class='ocr_line' id='line_1_22' title="bbox 153 2817 1309 2901; baseline -0.001 -16"><span class='ocrx_word' id='word_1_161' title='bbox 153 2820 246 2898; x_wconf 88' lang='lat' dir='ltr'>data,</span> <span class='ocrx_word' id='word_1_162' title='bbox 270 2825 307 2882; x_wconf 88' lang='lat' dir='ltr'>ut</span> <span class='ocrx_word' id='word_1_163' title='bbox 329 2818 368 2896; x_wconf 87' lang='grc' dir='ltr'>Χ,</span> <span class='ocrx_word' id='word_1_164' title='bbox 391 2822 441 2895; x_wconf 76' lang='grc'>29,</span> <span class='ocrx_word' id='word_1_165' title='bbox 467 2824 485 2881; x_wconf 84' lang='grc'>7</span> <span class='ocrx_word' id='word_1_166' title='bbox 509 2818 542 2882; x_wconf 92' lang='lat' dir='ltr'>in</span> <span class='ocrx_word' id='word_1_167' title='bbox 565 2818 660 2896; x_wconf 79' lang='lat' dir='ltr'>Med,</span> <span class='ocrx_word' id='word_1_168' title='bbox 684 2817 773 2882; x_wconf 89' lang='lat' dir='ltr'>Leid.</span> <span class='ocrx_word' id='word_1_169' title='bbox 801 2823 832 2881; x_wconf 93' lang='lat' dir='ltr'>l:</span> <span class='ocrx_word' id='word_1_170' title='bbox 867 2820 1125 2901; x_wconf 76' lang='lat' dir='ltr'>uerarisque</span> <span class='ocrx_word' id='word_1_171' title='bbox 1148 2818 1309 2900; x_wconf 89' lang='lat' dir='ltr'>rutis.¹)</span> 
     </span>
     <span class='ocr_line' id='line_1_23' title="bbox 153 2925 1310 3011; baseline -0.003 -17"><span class='ocrx_word' id='word_1_172' title='bbox 153 2926 287 3011; x_wconf 72' lang='lat' dir='ltr'>[Semel</span> <span class='ocrx_word' id='word_1_173' title='bbox 316 2925 404 3008; x_wconf 93' lang='lat' dir='ltr'>quod</span> <span class='ocrx_word' id='word_1_174' title='bbox 428 2926 560 3008; x_wconf 87' lang='lat' dir='ltr'>quidem</span> <span class='ocrx_word' id='word_1_175' title='bbox 583 2925 881 3007; x_wconf 83' lang='lat' dir='ltr'>animadverterim,</span> <span class='ocrx_word' id='word_1_176' title='bbox 904 2926 962 3005; x_wconf 88' lang='lat' dir='ltr'>Vl,</span> <span class='ocrx_word' id='word_1_177' title='bbox 994 2931 1047 3006; x_wconf 91' lang='grc'>13,</span> <span class='ocrx_word' id='word_1_178' title='bbox 1077 2930 1095 2989; x_wconf 88' lang='grc'><strong>3</strong></span> <span class='ocrx_word' id='word_1_179' title='bbox 1119 2928 1152 2990; x_wconf 93' lang='lat' dir='ltr'>in</span> <span class='ocrx_word' id='word_1_180' title='bbox 1175 2927 1254 2991; x_wconf 89' lang='lat' dir='ltr'>solis</span> <span class='ocrx_word' id='word_1_181' title='bbox 1276 2927 1310 2991; x_wconf 90' lang='lat' dir='ltr'>M</span> 
     </span>
     <span class='ocr_line' id='line_1_24' title="bbox 152 3032 1310 3117; baseline -0.002 -15"><span class='ocrx_word' id='word_1_182' title='bbox 152 3044 190 3102; x_wconf 85' lang='lat' dir='ltr'>et</span> <span class='ocrx_word' id='word_1_183' title='bbox 219 3035 248 3100; x_wconf 87' lang='lat' dir='ltr'><strong>R</strong></span> <span class='ocrx_word' id='word_1_184' title='bbox 275 3036 323 3098; x_wconf 89' lang='lat' dir='ltr'>sic</span> <span class='ocrx_word' id='word_1_185' title='bbox 352 3033 545 3099; x_wconf 88' lang='lat' dir='ltr'>adnotatur:</span> <span class='ocrx_word' id='word_1_186' title='bbox 581 3033 780 3098; x_wconf 89' lang='lat' dir='ltr'>credebat</span> <span class='ocrx_word' id='word_1_187' title='bbox 809 3035 910 3100; x_wconf 88' lang='lat' dir='ltr'>alibi</span> <span class='ocrx_word' id='word_1_188' title='bbox 939 3032 1156 3117; x_wconf 83' lang='lat' dir='ltr'>cernebat]</span> <span class='ocrx_word' id='word_1_189' title='bbox 1201 3036 1310 3116; x_wconf 84' lang='lat' dir='ltr'>Atque</span> 
     </span>
     <span class='ocr_line' id='line_1_25' title="bbox 151 3142 1310 3226; baseline -0.003 -16"><span class='ocrx_word' id='word_1_190' title='bbox 151 3146 226 3210; x_wconf 81' lang='lat' dir='ltr'>haec</span> <span class='ocrx_word' id='word_1_191' title='bbox 254 3142 376 3226; x_wconf 85' lang='lat' dir='ltr'>duplex</span> <span class='ocrx_word' id='word_1_192' title='bbox 406 3143 582 3225; x_wconf 88' lang='lat' dir='ltr'>scriptura,</span> <span class='ocrx_word' id='word_1_193' title='bbox 611 3142 673 3206; x_wconf 92' lang='lat' dir='ltr'>hoc</span> <span class='ocrx_word' id='word_1_194' title='bbox 704 3149 769 3218; x_wconf 89' lang='lat' dir='ltr'>est,</span> <span class='ocrx_word' id='word_1_195' title='bbox 800 3149 837 3207; x_wconf 90' lang='lat' dir='ltr'>ut</span> <span class='ocrx_word' id='word_1_196' title='bbox 866 3143 948 3222; x_wconf 85' lang='lat' dir='ltr'>dixi,</span> <span class='ocrx_word' id='word_1_197' title='bbox 977 3144 1011 3207; x_wconf 92' lang='lat' dir='ltr'>in</span> <span class='ocrx_word' id='word_1_198' title='bbox 1040 3143 1206 3226; x_wconf 86' lang='lat' dir='ltr'>plerisque</span> <span class='ocrx_word' id='word_1_199' title='bbox 1228 3142 1310 3207; x_wconf 88' lang='lat' dir='ltr'>locis</span> 
     </span>
     <span class='ocr_line' id='line_1_26' title="bbox 150 3249 1308 3336; baseline -0.003 -19"><span class='ocrx_word' id='word_1_200' title='bbox 150 3251 440 3336; x_wconf 83' lang='lat' dir='ltr'>interpretamenti</span> <span class='ocrx_word' id='word_1_201' title='bbox 478 3271 579 3334; x_wconf 89' lang='lat' dir='ltr'>snpra</span> <span class='ocrx_word' id='word_1_202' title='bbox 612 3271 740 3314; x_wconf 88' lang='lat' dir='ltr'>versum</span> <span class='ocrx_word' id='word_1_203' title='bbox 776 3250 973 3334; x_wconf 88' lang='lat' dir='ltr'>adscriptio,</span> <span class='ocrx_word' id='word_1_204' title='bbox 1006 3249 1122 3332; x_wconf 91' lang='lat' dir='ltr'>multo</span> <span class='ocrx_word' id='word_1_205' title='bbox 1145 3250 1247 3315; x_wconf 87' lang='lat' dir='ltr'>latius</span> <span class='ocrx_word' id='word_1_206' title='bbox 1275 3251 1308 3314; x_wconf 95' lang='lat' dir='ltr'>in</span> 
     </span>
     <span class='ocr_line' id='line_1_27' title="bbox 153 3358 1309 3442; baseline -0.003 -17"><span class='ocrx_word' id='word_1_207' title='bbox 153 3360 269 3426; x_wconf 89' lang='lat' dir='ltr'>codice</span> <span class='ocrx_word' id='word_1_208' title='bbox 298 3359 477 3442; x_wconf 86' lang='lat' dir='ltr'>archetypo</span> <span class='ocrx_word' id='word_1_209' title='bbox 501 3358 623 3441; x_wconf 88' lang='lat' dir='ltr'>patuit,</span> <span class='ocrx_word' id='word_1_210' title='bbox 652 3379 750 3439; x_wconf 90' lang='lat' dir='ltr'>quam</span> <span class='ocrx_word' id='word_1_211' title='bbox 779 3358 875 3441; x_wconf 84' lang='lat' dir='ltr'>vulgo</span> <span class='ocrx_word' id='word_1_212' title='bbox 907 3359 1054 3423; x_wconf 89' lang='lat' dir='ltr'>creditur</span> <span class='ocrx_word' id='word_1_213' title='bbox 1083 3366 1141 3423; x_wconf 90' lang='lat' dir='ltr'>aut</span> <span class='ocrx_word' id='word_1_214' title='bbox 1168 3358 1309 3423; x_wconf 82' lang='lat' dir='ltr'>fortasse</span> 
     </span>
     <span class='ocr_line' id='line_1_28' title="bbox 152 3466 1309 3551; baseline -0.004 -15"><span class='ocrx_word' id='word_1_215' title='bbox 152 3468 277 3551; x_wconf 88' lang='lat' dir='ltr'>aliquis</span> <span class='ocrx_word' id='word_1_216' title='bbox 298 3487 385 3532; x_wconf 89' lang='lat' dir='ltr'>nunc</span> <span class='ocrx_word' id='word_1_217' title='bbox 409 3487 540 3551; x_wconf 90' lang='lat' dir='ltr'>quoque</span> <span class='ocrx_word' id='word_1_218' title='bbox 562 3471 668 3549; x_wconf 84' lang='lat' dir='ltr'>putet.</span> <span class='ocrx_word' id='word_1_219' title='bbox 718 3467 802 3531; x_wconf 82' lang='lat' dir='ltr'>Nam</span> <span class='ocrx_word' id='word_1_220' title='bbox 826 3466 952 3548; x_wconf 89' lang='lat' dir='ltr'>aliquot</span> <span class='ocrx_word' id='word_1_221' title='bbox 975 3466 1055 3531; x_wconf 90' lang='lat' dir='ltr'>locis</span> <span class='ocrx_word' id='word_1_222' title='bbox 1078 3467 1127 3530; x_wconf 92' lang='lat' dir='ltr'>ita</span> <span class='ocrx_word' id='word_1_223' title='bbox 1149 3468 1183 3531; x_wconf 92' lang='lat' dir='ltr'>iu</span> <span class='ocrx_word' id='word_1_224' title='bbox 1206 3467 1309 3531; x_wconf 90' lang='lat' dir='ltr'>omni·</span> 
     </span>
     <span class='ocr_line' id='line_1_29' title="bbox 150 3573 1309 3659; baseline -0.005 -15"><span class='ocrx_word' id='word_1_225' title='bbox 150 3579 217 3644; x_wconf 87' lang='lat' dir='ltr'>bus</span> <span class='ocrx_word' id='word_1_226' title='bbox 257 3575 425 3640; x_wconf 87' lang='lat' dir='ltr'>codicibus</span> <span class='ocrx_word' id='word_1_227' title='bbox 464 3574 628 3658; x_wconf 89' lang='lat' dir='ltr'>primariis</span> <span class='ocrx_word' id='word_1_228' title='bbox 668 3582 700 3638; x_wconf 94' lang='lat' dir='ltr'>et</span> <span class='ocrx_word' id='word_1_229' title='bbox 734 3574 883 3639; x_wconf 87' lang='lat' dir='ltr'>codicum</span> <span class='ocrx_word' id='word_1_230' title='bbox 916 3574 1049 3639; x_wconf 82' lang='lat' dir='ltr'>familiis</span> <span class='ocrx_word' id='word_1_231' title='bbox 1083 3576 1155 3658; x_wconf 91' lang='lat' dir='ltr'>ipsa</span> <span class='ocrx_word' id='word_1_232' title='bbox 1189 3573 1309 3659; x_wconf 86' lang='lat' dir='ltr'>duplex</span> 
     </span>
     <span class='ocr_line' id='line_1_30' title="bbox 151 3683 1309 3769; baseline -0.003 -18"><span class='ocrx_word' id='word_1_233' title='bbox 151 3685 323 3769; x_wconf 89' lang='lat' dir='ltr'>scriptura</span> <span class='ocrx_word' id='word_1_234' title='bbox 345 3688 497 3766; x_wconf 90' lang='lat' dir='ltr'>superest</span> <span class='ocrx_word' id='word_1_235' title='bbox 519 3688 578 3747; x_wconf 90' lang='lat' dir='ltr'>aut</span> <span class='ocrx_word' id='word_1_236' title='bbox 598 3683 668 3746; x_wconf 84' lang='lat' dir='ltr'>eius</span> <span class='ocrx_word' id='word_1_237' title='bbox 685 3683 832 3766; x_wconf 84' lang='lat' dir='ltr'>vestigia,</span> <span class='ocrx_word' id='word_1_238' title='bbox 855 3689 892 3746; x_wconf 92' lang='lat' dir='ltr'>ut</span> <span class='ocrx_word' id='word_1_239' title='bbox 909 3704 1005 3748; x_wconf 89' lang='lat' dir='ltr'>nemo</span> <span class='ocrx_word' id='word_1_240' title='bbox 1024 3683 1176 3748; x_wconf 91' lang='lat' dir='ltr'>dubitare</span> <span class='ocrx_word' id='word_1_241' title='bbox 1196 3684 1309 3766; x_wconf 89' lang='lat' dir='ltr'>possit,</span> 
     </span>
     <span class='ocr_line' id='line_1_31' title="bbox 150 3789 1308 3878; baseline 0 -23"><span class='ocrx_word' id='word_1_242' title='bbox 150 3793 237 3878; x_wconf 86' lang='lat' dir='ltr'>quin</span> <span class='ocrx_word' id='word_1_243' title='bbox 263 3793 297 3856; x_wconf 90' lang='lat' dir='ltr'>in</span> <span class='ocrx_word' id='word_1_244' title='bbox 326 3790 438 3856; x_wconf 87' lang='lat' dir='ltr'>codice</span> <span class='ocrx_word' id='word_1_245' title='bbox 461 3791 640 3874; x_wconf 87' lang='lat' dir='ltr'>archetypo</span> <span class='ocrx_word' id='word_1_246' title='bbox 663 3789 780 3871; x_wconf 75' lang='lat' dir='ltr'>fuerit,</span> <span class='ocrx_word' id='word_1_247' title='bbox 812 3792 846 3855; x_wconf 91' lang='lat' dir='ltr'>in</span> <span class='ocrx_word' id='word_1_248' title='bbox 874 3791 986 3856; x_wconf 89' lang='lat' dir='ltr'>multis</span> <span class='ocrx_word' id='word_1_249' title='bbox 1015 3791 1089 3855; x_wconf 90' lang='lat' dir='ltr'>aliis</span> <span class='ocrx_word' id='word_1_250' title='bbox 1118 3797 1246 3856; x_wconf 90' lang='lat' dir='ltr'>tantum</span> <span class='ocrx_word' id='word_1_251' title='bbox 1275 3792 1308 3855; x_wconf 93' lang='lat' dir='ltr'>in</span> 
     </span>
    </p>
   </div>
   <div class='ocr_carea' id='block_1_3' title="bbox 183 4004 1309 4424">
    <p class='ocr_par' dir='ltr' id='par_1_3' title="bbox 183 4004 1309 4424">
     <span class='ocr_line' id='line_1_32' title="bbox 183 4004 1308 4079; baseline -0.004 -13"><span class='ocrx_word' id='word_1_252' title='bbox 183 4014 208 4079; x_wconf 89' lang='lat'>¹)</span> <span class='ocrx_word' id='word_1_253' title='bbox 226 4012 339 4066; x_wconf 85' lang='lat' dir='ltr'>Livium</span> <span class='ocrx_word' id='word_1_254' title='bbox 363 4010 522 4078; x_wconf 79' lang='lat' dir='ltr'>scripsisse:</span> <span class='ocrx_word' id='word_1_255' title='bbox 550 4004 680 4078; x_wconf 82' lang='lat' dir='ltr'>quibus</span> <span class='ocrx_word' id='word_1_256' title='bbox 702 4010 880 4079; x_wconf 85' lang='lat' dir='ltr'>plerisque</span> <span class='ocrx_word' id='word_1_257' title='bbox 910 4011 944 4065; x_wconf 93' lang='lat' dir='ltr'>in</span> <span class='ocrx_word' id='word_1_258' title='bbox 967 4016 1066 4065; x_wconf 86' lang='lat' dir='ltr'>scuta</span> <span class='ocrx_word' id='word_1_259' title='bbox 1088 4009 1252 4077; x_wconf 81' lang='lat' dir='ltr'>rarisque</span> <span class='ocrx_word' id='word_1_260' title='bbox 1274 4008 1308 4062; x_wconf 92' lang='lat' dir='ltr'>in</span> 
     </span>
     <span class='ocr_line' id='line_1_33' title="bbox 225 4093 1308 4168; baseline -0.006 -16"><span class='ocrx_word' id='word_1_261' title='bbox 225 4114 375 4168; x_wconf 88' lang='lat' dir='ltr'>corpora</span> <span class='ocrx_word' id='word_1_262' title='bbox 397 4096 473 4165; x_wconf 88' lang='lat' dir='ltr'>ipsa</span> <span class='ocrx_word' id='word_1_263' title='bbox 495 4094 577 4149; x_wconf 84' lang='lat' dir='ltr'>fixis</span> <span class='ocrx_word' id='word_1_264' title='bbox 600 4101 708 4149; x_wconf 86' lang='lat' dir='ltr'>certum</span> <span class='ocrx_word' id='word_1_265' title='bbox 731 4100 774 4149; x_wconf 87' lang='lat' dir='ltr'>est</span> <span class='ocrx_word' id='word_1_266' title='bbox 794 4096 838 4148; x_wconf 85' lang='lat' dir='ltr'>vel</span> <span class='ocrx_word' id='word_1_267' title='bbox 862 4096 899 4149; x_wconf 92' lang='lat' dir='ltr'>ob</span> <span class='ocrx_word' id='word_1_268' title='bbox 922 4095 1104 4164; x_wconf 84' lang='lat' dir='ltr'>plerisque</span> <span class='ocrx_word' id='word_1_269' title='bbox 1122 4098 1151 4147; x_wconf 88' lang='lat' dir='ltr'>st</span> <span class='ocrx_word' id='word_1_270' title='bbox 1168 4094 1210 4160; x_wconf 89' lang='lat' dir='ltr'>id,</span> <span class='ocrx_word' id='word_1_271' title='bbox 1233 4093 1308 4161; x_wconf 91' lang='lat' dir='ltr'>qnod</span> 
     </span>
     <span class='ocr_line' id='line_1_34' title="bbox 226 4176 1306 4252; baseline -0.009 -14"><span class='ocrx_word' id='word_1_272' title='bbox 226 4184 365 4252; x_wconf 85' lang='lat' dir='ltr'>sequitur:</span> <span class='ocrx_word' id='word_1_273' title='bbox 388 4197 509 4250; x_wconf 75' lang='lat' dir='ltr'>magna</span> <span class='ocrx_word' id='word_1_274' title='bbox 531 4197 611 4249; x_wconf 89' lang='lat' dir='ltr'>pars</span> <span class='ocrx_word' id='word_1_275' title='bbox 633 4181 786 4250; x_wconf 77' lang='lat' dir='ltr'>integris</span> <span class='ocrx_word' id='word_1_276' title='bbox 804 4180 1028 4250; x_wconf 90' lang='lat' dir='ltr'>corporibus;</span> <span class='ocrx_word' id='word_1_277' title='bbox 1050 4178 1121 4233; x_wconf 88' lang='lat' dir='ltr'>nihil</span> <span class='ocrx_word' id='word_1_278' title='bbox 1140 4183 1227 4246; x_wconf 83' lang='lat' dir='ltr'>agunt</span> <span class='ocrx_word' id='word_1_279' title='bbox 1243 4177 1270 4230; x_wconf 93' lang='lat' dir='ltr'>h.</span> <span class='ocrx_word' id='word_1_280' title='bbox 1288 4176 1306 4229; x_wconf 89' lang='lat' dir='ltr'>l.</span> 
     </span>
     <span class='ocr_line' id='line_1_35' title="bbox 226 4262 1309 4337; baseline -0.007 -15"><span class='ocrx_word' id='word_1_281' title='bbox 226 4275 347 4322; x_wconf 85' lang='lat' dir='ltr'>veruta</span> <span class='ocrx_word' id='word_1_282' title='bbox 369 4266 436 4337; x_wconf 89' lang='lat' dir='ltr'>pilis</span> <span class='ocrx_word' id='word_1_283' title='bbox 460 4265 646 4334; x_wconf 84' lang='lat' dir='ltr'>superaddita.</span> <span class='ocrx_word' id='word_1_284' title='bbox 693 4266 835 4322; x_wconf 80' lang='lat' dir='ltr'>Comactio</span> <span class='ocrx_word' id='word_1_285' title='bbox 862 4283 950 4335; x_wconf 84' lang='lat' dir='ltr'>prava</span> <span class='ocrx_word' id='word_1_286' title='bbox 971 4266 1032 4320; x_wconf 85' lang='lat' dir='ltr'>haec</span> <span class='ocrx_word' id='word_1_287' title='bbox 1057 4269 1113 4331; x_wconf 83' lang='lat' dir='ltr'>ost,</span> <span class='ocrx_word' id='word_1_288' title='bbox 1142 4279 1199 4317; x_wconf 91' lang='lat' dir='ltr'>non</span> <span class='ocrx_word' id='word_1_289' title='bbox 1223 4262 1309 4316; x_wconf 91' lang='lat' dir='ltr'>inter·</span> 
     </span>
     <span class='ocr_line' id='line_1_36' title="bbox 225 4359 440 4424; baseline -0.014 -16"><span class='ocrx_word' id='word_1_290' title='bbox 225 4359 440 4424; x_wconf 83' lang='lat' dir='ltr'>prstsmsntum.</span> 
     </span>
    </p>
   </div>
   <div class='ocr_carea' id='block_1_4' title="bbox 1046 4452 1077 4505">
    <p class='ocr_par' dir='ltr' id='par_1_4' title="bbox 1046 4452 1077 4505">
     <span class='ocr_line' id='line_1_37' title="bbox 1046 4452 1077 4505; baseline 0 -20"><span class='ocrx_word' id='word_1_291' title='bbox 1046 4452 1077 4505; x_wconf 69' lang='lat'>2*</span> 
     </span>
    </p>
   </div>
   <div class='ocr_carea' id='block_1_5' title="bbox 0 0 1502 5108">
    <p class='ocr_par' dir='ltr' id='par_1_5' title="bbox 0 0 1502 5108">
     <span class='ocr_line' id='line_1_38' title="bbox 0 0 1502 5108; baseline 0 0"><span class='ocrx_word' id='word_1_292' title='bbox 0 0 1502 5108; x_wconf 95' lang='lat' dir='ltr'> </span> 
     </span>
    </p>
   </div>
  </div>
 </body>
</html>
