2994 5108
676 495 737 556 675
906 551 912 568 ,
1103 506 1165 562 Lib.
1185 507 1283 562 XLIV.

135 679 295 761 scriptum
319 680 361 744 ad
385 679 542 743 decimo
570 678 654 758 die,
682 701 747 745 non
770 679 1008 755 animadverso,
1032 682 1125 762 sequi
1150 689 1287 747 castra

134 786 303 868 movit.¹)
349 786 473 853 Eodem
496 789 604 872 capite
627 795 771 853 extremo
796 786 827 870 (ᾗ
853 786 905 868 12)
929 789 976 852 sic
999 788 1169 853 scribitur:
1193 788 1284 873 Ipse
1302 797 1372 866 (559)
1443 849 1450 862 ,

135 894 304 976 (Perseus)
339 916 424 960 cum
458 896 633 978 requuIs
666 896 797 980 copiis
831 897 942 961 circa
975 895 1094 961 Dium
1134 898 1288 962 stativa

134 1002 299 1085 habuit;
323 1003 484 1084 deinde,
508 1003 609 1069 adeo
631 1010 676 1068 nt
698 1003 960 1087 obtorpuisse
981 1005 1098 1089 inops
1121 1004 1289 1070 consilii

134 1110 357 1192 videretur,
376 1132 461 1176 cum
479 1111 564 1192 (cod.
582 1112 683 1177 adeo
702 1118 744 1176 ut
762 1111 1050 1196 obtorpovisse
1067 1112 1182 1178 inobs
1202 1134 1289 1179 con·

135 1220 378 1286 siliividere
402 1219 568 1301 circum)
592 1219 800 1304 equitibus
818 1218 1021 1305 expeditis
1044 1220 1169 1285 litore
1186 1241 1288 1286 nunc

135 1327 390 1417 Heracleum,
412 1348 516 1393 nunc
539 1327 697 1392 Philam
720 1328 1007 1412 percurrebat,
1032 1327 1172 1394 eodem
1194 1326 1288 1393 inde

136 1457 256 1503 cursu
278 1437 395 1502 Dium
416 1443 619 1520 repetens.
653 1435 767 1520 Neque
790 1435 891 1501 adeo
913 1444 957 1502 ut
978 1441 1105 1520 prout
1126 1443 1216 1501 recte
1240 1436 1288 1500 di·
1345 1518 1347 1522 Α
1434 1440 1437 1447 ’

137 1547 239 1624 citur,
262 1545 319 1610 ubi
340 1565 467 1628 magnae
488 1546 537 1610 rei
558 1544 651 1609 nulla
673 1549 724 1609 est
744 1545 891 1624 notatio,
921 1550 954 1608 et
975 1543 1060 1623 haec,
1090 1543 1169 1626 quid
1191 1541 1288 1608 facile

136 1655 255 1719 coniici
278 1675 317 1719 ex
339 1653 397 1719 illa
418 1653 666 1738 percursatione
689 1653 844 1736 potnerit,
867 1651 1062 1736 significatio
1085 1671 1184 1736 prave
1205 1671 1288 1735 prse-

136 1763 279 1827 mittitur
299 1763 364 1847 ipsi
386 1762 435 1827 rei
457 1761 658 1842 narrationi3
681 1760 739 1826 sed
761 1760 832 1826 haec
854 1762 983 1826 minora
1005 1767 1039 1825 et
1060 1759 1200 1825 fortasse
1222 1780 1288 1825 non

137 1870 288 1937 omnibus
310 1871 500 1955 perspicua3
534 1869 616 1934 illud
637 1867 864 1949 manifestum,
899 1870 1045 1954 torporis
1068 1869 1289 1952 suspicionem

137 2000 178 2044 ex
200 1985 362 2064 perpetua
383 1978 632 2044 concursatione
655 1978 748 2042 nasci
774 1998 839 2042 non
862 1978 1025 2062 potuisse,
1053 1998 1127 2060 quse
1149 1977 1288 2042 maxime

137 2087 248 2153 aliena
281 2093 332 2152 est
360 2086 403 2151 ab
435 2093 569 2169 torpore
593 2084 717 2151 defixis.
762 2085 873 2151 Livius
906 2086 1083 2169 scripserat
1117 2085 1290 2169 aptissima

137 2202 174 2263 et
197 2197 363 2262 sententia
385 2201 418 2260 et
441 2195 607 2260 oratione:
631 2194 789 2274 deinde,
813 2196 934 2272 crode,
956 2212 1000 2256 no
1023 2192 1288 2278 obtorpuisse

135 2304 428 2384 -videretur,
460 2339 504 2350 —
535 2323 638 2368 nunc
665 2302 908 2368 Heracleum
937 2308 998 2367 cet.
1043 2287 1169 2367 Acerbe
1192 2301 1289 2384 signi·

109 2413 111 2416 ’
136 2411 225 2492 ficet,
249 2411 374 2477 nullam
395 2412 495 2477 aliam
512 2412 620 2477 inanis
641 2411 730 2476 illius
746 2411 858 2477 Persei
875 2411 1132 2494 percursationis
1154 2428 1289 2475 causam

137 2521 242 2587 videri
264 2521 383 2599 iuisee,
406 2521 471 2585 nisi
492 2526 531 2585 ut
551 2519 697 2603 torporis
720 2540 760 2585 ex
782 2521 894 2604 inopia
917 2519 1045 2586 consilii
1068 2519 1290 2602 suspicionem

135 2636 327 2695 removeret.
374 2627 526 2712 [Praestat
559 2628 703 2695 fortasse
732 2649 808 2693 cum
837 2627 1031 2693 Gitlbauero
1061 2626 1220 2706 scribere,
1255 2627 1289 2690 in

161 2917 189 2985 ¹)
207 2918 264 2972 Pro
283 2934 329 2985 eo,
347 2918 425 2988 qnod
442 2918 569 2986 seqnitur
587 2915 613 2985 (ἓ
633 2918 672 2984 διε
701 2934 813 2986 quum,
838 2922 1054 2986 exponerent
1071 2917 1104 2972 in
1127 2916 1290 2983 consilio,

208 3003 380 3070 iussisset,
399 3003 554 3058 rectissime
574 3001 732 3056 Gronovius
751 3008 779 3056 et
797 3001 942 3057 Creverins
967 3019 1143 3071 exponere
1165 3002 1222 3072 legi
1240 3019 1288 3055 vo·

180 3148 184 3156 ¹
208 3089 328 3142 luerunt.
364 3087 463 3157 Neque
489 3088 517 3142 in
544 3088 593 3141 tali
620 3107 651 3143 re
679 3088 740 3154 (nbi
766 3104 824 3142 non
851 3088 886 3143 <Ie
917 3088 1034 3142 decreto
1064 3087 1167 3158 agitur)
1194 3088 1291 3142 Livius
1400 3117 1404 3125 ·

208 3173 311 3226 iubeo
336 3172 443 3227 iaciat
466 3175 543 3241 quis
564 3174 756 3243 dicioneque,
783 3173 807 3226 si
829 3172 870 3226 ita
888 3172 1002 3239 diceret,
1020 3173 1071 3227 illo
1089 3173 1188 3227 ordine
1206 3173 1292 3227 verba

209 3260 357 3328 posuisset,
376 3265 415 3320 nt,
430 3261 514 3313 verbo
530 3263 743 3328 exponerent
760 3258 888 3312 subiecto
902 3259 1047 3327 particulae
1063 3276 1173 3328 quum,
1184 3275 1293 3312 summa

209 3350 335 3398 oreretur
353 3345 529 3414 ambiguitas.
564 3343 608 3397 De
634 3343 773 3412 frequenti
800 3344 830 3398 in
856 3343 911 3398 hoc
938 3343 1034 3398 codice
1061 3345 1163 3399 erroris
1190 3359 1292 3413 genere

209 3427 267 3482 dixi
290 3429 326 3482 ad
348 3428 430 3498 XLII,
454 3432 496 3498 24,
516 3433 528 3482 l
548 3447 575 3497 p.
594 3431 657 3495 519;
674 3429 720 3483 hic
739 3429 850 3497 quidem
869 3429 974 3499 duplex
991 3429 1103 3484 errandi
1130 3447 1214 3485 causa
1230 3427 1292 3495 fuit,

209 3531 310 3582 quum
338 3520 367 3569 et
393 3515 568 3569 iussisset.
603 3514 678 3583 (Cap.
702 3515 743 3579 35,
768 3516 784 3566 2
811 3514 901 3569 codex
927 3514 1025 3571 habet:
1061 3515 1120 3585 qui
1145 3513 1293 3568 Pantan-

209 3599 308 3653 chum
334 3628 368 3637 -
395 3600 720 3669 appropinquarent
747 3599 874 3653 castris
900 3607 1066 3654 vetarent
1091 3612 1290 3669 pro'appro·

210 3685 389 3754 pinqnar03
408 3686 455 3740 Iib.
473 3683 575 3752 XLIII,
594 3686 619 3749 3,
637 3686 666 3738 6:
695 3690 732 3739 et
754 3685 783 3738 si
810 3701 874 3752 qua
895 3692 1067 3755 praeterea
1085 3684 1217 3739 vellent
1234 3685 1291 3737 im·

208 3776 374 3838 perorent
396 3787 449 3840 pro
467 3769 655 3839 imperare.)
690 3767 707 3839 ξ
728 3772 760 3823 10
786 3769 946 3825 iuvenum
973 3775 1136 3840 corruptum
1155 3785 1215 3823 esse
1233 3785 1292 3823 cer-

210 3862 270 3907 tum
287 3859 345 3920 est;
363 3873 453 3924 neque
471 3856 553 3920 enim,
572 3872 656 3923 quum
674 3855 742 3909 levis
765 3859 909 3909 armatura
926 3857 1085 3909 mitteretur
1102 3856 1216 3923 eiusque
1234 3870 1294 3908 non

209 3939 301 3993 minus
318 3939 345 3992 X
362 3938 462 4006 millia,
480 3940 539 3994 uIIe
556 3944 669 4009 poterat
685 3956 746 3994 esso
765 3939 858 3994 aetatis
877 3939 1008 4006 selectio;
1025 3947 1185 3995 nectamur
1202 3938 1293 4008 gentis

210 4041 315 4078 nomen
333 4024 420 4091 (velut
436 4025 637 4095 Agrianum)
656 4025 769 4080 subesse
794 4030 897 4094 potest,
924 4026 1054 4094 quoniam
1076 4026 1106 4080 in
1132 4023 1229 4077 Persei
1248 4039 1293 4077 ex·

210 4111 299 4164 ercitu
321 4109 426 4165 nullius
443 4116 547 4180 praeter
563 4111 639 4178 ipsos
656 4109 827 4164 Macedonas
845 4111 940 4179 gentis
957 4117 1053 4165 tantus
1067 4115 1129 4165 erat
1142 4115 1192 4162 aut
1204 4124 1293 4178 prope

210 4199 306 4248 tantus
319 4212 451 4249 numerus
461 4196 528 4262 (vid.
539 4195 625 4261 XLII,
636 4195 686 4262 51).
714 4194 818 4248 Fuitne
836 4195 923 4250 Ievis
942 4202 1123 4250 armaturae
1141 4194 1293 4264 plurium

212 4280 429 4348 (variarumi)
456 4281 636 4349 gentium?
677 4279 764 4349 [Fert.
793 4281 882 4335 levis
914 4286 1096 4335 armatnrae
1124 4281 1293 4349 alienige·

210 4383 298 4419 num.
330 4364 414 4434 1864]
502 4398 507 4403 -

1013 4467 1064 4521 43*
