2994 5108
216 461 278 529 111.
298 473 384 528 xxn.
763 461 825 521 310

215 645 361 724 laudem)
390 647 424 710 in
452 647 523 711 acie
551 664 683 730 quoque
710 644 841 710 fortiter
868 644 976 710 locum
1003 644 1147 708 tenuisse
1175 640 1374 726 significari:

216 753 315 818 debet
352 760 464 819 autem
496 752 690 835 significari,
723 773 779 818 eos
814 753 944 818 omnino
978 751 1060 816 aciei
1090 750 1240 834 fugaque
1267 749 1375 833 parti·

216 862 305 944 cipes
327 883 393 925 nou
415 861 532 941 fuisse;
566 880 626 925 neo
654 861 721 926 ullo
749 860 848 926 modo
877 866 966 924 recte
995 859 1116 923 dicitur
1140 859 1180 923 in
1202 857 1290 922 acie
1312 879 1374 923 re·

215 968 365 1052 iugero.
422 968 537 1051 ltaque
560 968 848 1034 Weissenbornius
877 974 1011 1032 secutus
1041 967 1180 1031 alteram
1208 965 1375 1031 Perizonii

215 1077 439 1141 coniecturam
462 1097 479 1140 e
503 1076 634 1141 duabus
658 1098 703 1141 ex
725 1077 812 1141 acie
837 1074 978 1159 scripsit,
1001 1075 1176 1153 violenter:
1199 1094 1237 1138 ao
1259 1073 1376 1140 nesio

216 1183 349 1267 quidem
371 1203 450 1248 vera
472 1182 614 1248 efficitur
636 1185 816 1263 sententia3
845 1203 951 1267 neque
974 1183 1061 1247 enim
1084 1182 1256 1267 quaeritur,
1283 1181 1376 1247 unde

215 1289 376 1373 fugerint,
405 1291 464 1374 qui
493 1293 624 1357 omnino
653 1312 718 1357 non
741 1290 906 1375 fugerunt.
959 1290 1069 1356 Unum
1090 1290 1202 1355 Livius
1225 1289 1375 1356 scribere

216 1400 552 1482 potuit'soripsitque,
571 1398 661 1484 quod
680 1420 780 1481 quum
792 1397 999 1464 Alschefskio
1017 1400 1051 1463 in
1065 1378 1208 1463 mentem
1218 1397 1376 1475 venisset,

216 1528 284 1571 non
310 1507 432 1572 tenuit:
466 1527 513 1570 ne
548 1507 587 1570 in
616 1506 704 1570 acie
731 1505 892 1589 quidem
920 1506 1078 1569 tuornt
1108 1505 1161 1587 (ut
1188 1505 1229 1571 de
1257 1526 1376 1571 eorum

215 1614 250 1678 in
272 1614 400 1698 proelio
423 1615 544 1679 virtute
567 1614 736 1697 ignaviave
760 1614 893 1678 omnino
916 1635 982 1678 non
1003 1613 1144 1697 agatur).
1190 1612 1222 1697 [ξ
1247 1616 1287 1677 17
1309 1613 1378 1680 tol·

214 1721 350 1787 lendum
378 1730 496 1787 aante
524 1721 654 1800 vobis,
688 1721 780 1804 quod
812 1723 998 1787 necessario
1033 1742 1107 1787 cum
1135 1722 1215 1788 visi
1244 1722 1379 1788 simus

217 1831 434 1913 coniungitur.
484 1827 591 1911 loca]

130 1955 200 2022 (254)
304 1937 353 2002 Do
376 1958 447 2021 cap.
473 1942 528 2017 60,
561 1942 594 2000 ll
628 1936 674 2019 (in
704 1938 855 2003 oratione
878 1938 913 2003 T.
937 1938 1052 2003 Manlii
1074 1937 1234 2020 Torquati
1256 1943 1380 2003 contra

216 2046 387 2129 captivos),
411 2044 468 2111 ubi
491 2067 550 2129 pro
575 2047 685 2111 sicut
707 2045 758 2110 bis
780 2045 1021 2111 restituendum
1040 2051 1090 2110 est
1108 2046 1152 2123 si,
1173 2051 1226 2123 ut,
1248 2044 1381 2111 dictum

216 2160 266 2219 est
289 2154 333 2218 ad
354 2153 428 2218 libr.
451 2153 522 2234 VII,
547 2158 595 2233 13,
618 2157 647 2218 8.
694 2152 758 2218 Sed
781 2153 876 2236 plura
897 2155 934 2218 in
956 2153 1020 2219 hoc
1043 2153 1153 2237 capite
1176 2172 1380 2218 commemo·

215 2261 320 2326 randa
343 2267 429 2340 sunt,
458 2262 601 2345 primum
622 2263 657 2326 iu
680 2260 697 2344 ἕ
724 2266 771 2340 15,
795 2262 851 2327 ubi
874 2263 921 2326 sic
944 2261 1114 2326 scribitur:
1150 2259 1248 2325 Sero
1271 2281 1381 2326 nunc

217 2368 483 2447 desideratis,
517 2368 717 2434 deminuti
746 2369 896 2452 capite,
932 2369 1166 2434 abalienati
1195 2369 1287 2434 iure
1317 2370 1379 2434 ci·

216 2477 328 2554 vium,
353 2477 460 2540 servi
484 2475 889 2559 Carthaginiensium
912 2476 1024 2540 facti.
1054 2476 1192 2541 Etiamsi
1211 2476 1376 2543 Latinum

216 2584 260 2647 sit
293 2582 527 2648 abalienari
560 2585 647 2672 iure
681 2606 740 2668 pro
775 2606 830 2662 eo,
871 2585 959 2666 quod
998 2591 1048 2649 est
1082 2584 1321 2650 abalienari
1355 2607 1378 2652 a

216 2691 318 2767 iure,
347 2691 387 2755 de
417 2713 482 2774 quo
511 2690 605 2756 valde
629 2691 753 2787 dubito,
775 2699 899 2771 tamen,
928 2693 985 2775 qui
1009 2692 1058 2756 ius
1081 2691 1218 2776 aliquod
1240 2693 1378 2774 amittit,

216 2820 322 2881 neque
341 2799 576 2863 ‘abalienari
599 2822 644 2865 eo
668 2802 756 2865 iure
779 2821 884 2881 neque
909 2799 957 2863 ab
980 2820 1024 2864 eo
1049 2800 1135 2864 iure
1159 2799 1224 2863 dici
1248 2807 1377 2883 potest:

216 2905 312 2988 longe
342 2913 392 2971 est
419 2908 504 2971 enim
532 2907 623 2971 aliud
652 2907 699 2972 ab
729 2908 869 2989 aliqua
896 2929 937 2971 re
968 2907 1202 2972 abalienari
1225 2906 1335 2987 (velut
1357 2931 1379 2975 a

217 3014 326 3079 studio
349 3014 485 3098 aliquo).
541 3015 623 3093 Ius,
652 3023 835 3097 ntegrum,
865 3016 1014 3097 vectigal,
1044 3015 1173 3093 similia,
1203 3016 1380 3083 abaliena-

216 3142 301 3195 mus,
330 3123 392 3187 hoc
416 3129 476 3200 est,
506 3123 688 3187 amittimus
711 3143 815 3207 eoque
839 3123 994 3187 cedimus.
1051 3123 1169 3205 Itaque
1191 3144 1261 3189 nou
1285 3125 1380 3192 aba·

216 3228 380 3308 lienati,
404 3230 462 3294 sed
485 3230 723 3295 abalienato
748 3232 836 3295 iure
860 3232 1008 3294 civium
1030 3230 1141 3295 Livius
1165 3231 1321 3315 scripsit3
1344 3234 1381 3300 id

217 3344 354 3419 propter
387 3337 574 3419 praecedens
609 3337 806 3403 deminuti
840 3339 976 3420 capite
1006 3339 1185 3403 mutationi
1214 3347 1381 3424 opportu-

217 3464 296 3506 num
318 3443 390 3507 fuit.
441 3442 471 3526 [ξ
498 3450 545 3523 17,
573 3445 629 3510 ubi
653 3445 774 3518 editur:
805 3446 928 3523 Quam
951 3466 1022 3528 ego
1045 3447 1255 3528 ignaviam
1279 3449 1381 3515 isto·

216 3571 301 3614 rum
330 3572 490 3626 accuso,
526 3574 643 3635 quum
677 3552 813 3617 scelus
848 3553 1000 3634 possim
1028 3556 1272 3634 accusare?‚
1315 3558 1381 3625 Us-

218 3658 342 3740 singius
371 3659 467 3736 vidit,
496 3681 618 3742 nequa,
647 3681 720 3741 queo
747 3661 877 3742 ignavia
899 3666 1090 3738 accusetur,
1120 3669 1210 3727 recte
1234 3665 1382 3732 interro·

217 3767 288 3849 gari
321 3788 418 3849 posse
451 3789 558 3848 neque
592 3767 653 3831 hoc
687 3766 866 3852 quidquam
900 3769 1065 3850 pertinere
1101 3769 1145 3833 ad
1173 3771 1317 3851 ignaviae
1347 3780 1395 3853 et¹

216 3873 349 3938 sceleris
368 3876 656 3958 comparationem,
674 3875 797 3956 requiri
815 3881 925 3940 autem
937 3877 1153 3942 correctionis
1170 3877 1325 3961 figuram,
1343 3856 1397 3948 ut¹

216 3981 287 4062 ipse
310 4003 345 4046 se
362 3981 505 4046 Manlius
523 3982 753 4066 reprehendat,
777 3983 865 4066 quod
885 3983 1009 4049 leniore
1026 3986 1156 4050 nomine
1173 3991 1307 4068 utatur:
1325 4011 1384 4073 ge·

217 4089 342 4152 minata
357 4089 457 4170 igitur
474 4090 601 4172 syllaba
619 4089 841 4154 scribendum:
859 4111 1095 4173 quamquam
1113 4114 1246 4176 ego-‚
1260 4115 1385 4176 quum

216 4197 424 4277 —possim
442 4198 662 4261 accusare?
682 4194 762 4279 §lit
782 4198 839 4262 ubi
857 4198 980 4277 editur:
1000 4221 1129 4284 neque
1147 4199 1211 4265 his
1230 4201 1386 4285 XL(aut

219 4302 293 4380 tot)
322 4300 453 4366 millia
477 4302 656 4368 hostium
678 4304 890 4384 obstitere,
915 4329 932 4371 e
957 4309 1123 4390 scriptura
1146 4309 1301 4375 codicum
1325 4311 1385 4394 (Pt
