2994 5108
700 504 761 565 729
1137 515 1199 571 Lib.
1218 516 1301 572 XLV.

152 691 416 766 cumeundarn
449 690 648 756 Graeciam
683 687 912 773 profectus,
946 707 1149 773 quamquam
1179 690 1303 756 incom-

150 798 338 865 modissime
361 801 448 866 inter
469 797 541 864 haec
571 805 642 864 arte
677 797 876 864 cohaerentia
908 799 1128 882 interponitur
1155 797 1303 883 praefecti

150 909 268 973 castris
292 908 379 973 Galli
401 909 537 985 mentio,
560 905 799 974 incommodius
822 908 923 972 etiam
944 905 1073 974 consilii
1090 909 1181 992 capti
1204 909 1303 991 signi·

150 1015 260 1081 ficatio
284 1016 342 1097 (ut
366 1016 542 1096 statuit),
573 1016 640 1081 sive
669 1036 708 1080 ea
736 1014 779 1079 ad
801 1015 1039 1098 profectionem
1067 1016 1134 1080 sive
1158 1014 1201 1081 ad
1224 1015 1302 1081 Gal-

149 1125 217 1189 lum
249 1124 492 1208 praeficiendum
525 1124 682 1209 pertinet,
717 1146 817 1208 pravo
852 1132 999 1208 tempore
1031 1123 1122 1189 verbi
1156 1145 1302 1207 compre-

150 1233 268 1311 hensa;
303 1255 379 1298 nam
407 1232 527 1299 saltem
555 1239 768 1298 statuerat
802 1231 865 1297 dici
889 1230 1048 1311 debebat;
1072 1231 1302 1317 proiectus,

150 1347 194 1406 ut
218 1343 385 1419 statuit,
419 1362 555 1425 prorsus
583 1340 759 1406 ridiculum
787 1347 846 1406 est.
891 1340 981 1404 Nihil
1012 1340 1086 1406 dico
1109 1341 1151 1406 de
1174 1343 1296 1408 inanis·
1316 1354 1389 1426 (eut)

148 1451 256 1519 simis.
290 1448 397 1532 qualis
420 1471 507 1515 nunc
534 1450 627 1514 locus
652 1457 720 1527 est,
754 1448 804 1513 his
837 1447 1048 1531 ambagibus:
1083 1449 1302 1515 Auctumni

108 1584 113 1597 ¹
148 1565 310 1641 tempus
334 1565 439 1634 erat,
471 1557 586 1622 cuius
614 1557 816 1641 temporis
839 1557 965 1622 inItio
988 1555 1205 1639 profectus
1229 1564 1301 1623 est.

150 1665 378 1749 (Superiores,
412 1666 460 1730 ad
491 1670 568 1730 ante
591 1664 918 1730 circumeundam
952 1664 1098 1744 sublato,
1132 1665 1195 1730 hoc
1229 1686 1303 1731 cum

149 1775 301 1840 statuit
335 1775 585 1852 coniunxerant,
620 1774 700 1838 mire
735 1775 844 1856 posita
876 1773 1041 1856 particula
1075 1779 1132 1850 ut,
1166 1795 1206 1839 ne
1235 1774 1303 1839 alia

147 1882 424 1963 commemorem.)
478 1881 582 1959 Quam
623 1881 745 1966 pusilla
778 1903 831 1947 res
872 1888 1014 1965 quantas
1046 1882 1162 1947 turbas
1196 1881 1301 1948 dedit!

146 1991 220 2056 Una
242 1992 356 2057 littera
384 1990 500 2056 addita
529 1991 638 2055 omnia
672 1998 751 2074 apta
781 1998 813 2055 et
837 2011 917 2056 sana
939 1997 1050 2056 erunt:
1084 1991 1302 2056 Auotumni

146 2099 233 2165 fere
256 2106 413 2185 tempus
437 2105 537 2177 erat,
561 2098 681 2163 cuius
704 2101 905 2182 temporis
923 2099 1045 2164 initio
1064 2098 1113 2164 ad
1136 2099 1301 2164 circum-

146 2207 317 2273 eundam
341 2208 533 2273 Graeciam
552 2243 595 2254 -
616 2206 671 2271 rtl
694 2208 853 2273 statuit.
888 2207 1118 2291 Praeposito
1143 2208 1302 2273 castris

146 2323 208 2383 cet.
255 2316 325 2382 Iam
347 2324 436 2382 recte
460 2317 602 2399 primum
624 2323 754 2401 tempus
784 2318 893 2399 ipsum
916 2313 1117 2398 significatur
1141 2322 1173 2380 et
1196 2317 1300 2381 consi·

143 2426 226 2491 lium
249 2432 326 2491 aute
350 2433 483 2511 captum
506 2425 545 2490 de
570 2426 639 2490 eius
662 2426 819 2508 temporis
841 2429 936 2509 parte
954 2424 1095 2502 utenda;
1119 2423 1236 2490 deinde
1260 2423 1302 2491 ad

144 2533 382 2620 profectionem
415 2535 586 2600 transitur.
639 2532 765 2616 (XLIV,
801 2537 851 2610 35,
886 2538 904 2598 9
938 2541 981 2598 ut
1015 2532 1208 2598 audierat
1240 2546 1301 2618 pro

142 2643 206 2708 uti
230 2644 419 2708 audierat
442 2642 599 2708 scribitur
620 2643 654 2707 iu
678 2642 807 2721 codice3
842 2662 1041 2726 quamquam
1072 2642 1153 2725 quid
1180 2643 1213 2706 in
1240 2640 1301 2708 tali

143 2773 253 2817 errore
277 2751 427 2834 exemplo
450 2751 564 2832 utorl)

232 2858 313 2944 Cap.
349 2863 399 2935 28,
435 2864 468 2924 2:
503 2858 584 2922 Arx
618 2879 781 2944 quoque
816 2865 854 2922 et
881 2856 1056 2923 Isthmus
1092 2858 1299 2943 praebuere

142 2967 425 3054 spectaculum
456 2967 507 3050 (L.
535 2967 672 3032 AEmilio
696 2965 894 3033 Corinthum
921 2965 1065 3047 visenti),
1101 2986 1170 3030 arx
1192 2968 1300 3032 inter

143 3077 277 3144 omnia
301 3077 340 3140 iu
363 3077 577 3141 immanem
600 3075 864 3141 altitudinem
888 3073 1009 3152 edita,
1033 3080 1198 3139 scatens
1221 3073 1303 3141 fon-

141 3186 274 3264 cibus,
297 3184 480 3250 Isthmus
504 3183 581 3248 duo
604 3185 753 3259 maria,
783 3183 830 3248 ab
854 3204 1004 3249 occasu
1029 3189 1066 3248 et
1089 3189 1178 3248 ortu
1202 3184 1303 3250 solis

140 3295 345 3369 finitima,
381 3293 485 3356 artis
519 3291 712 3357 faucibus
748 3291 953 3357 dirimens.
998 3291 1136 3356 Frustra
1164 3312 1302 3374 quaeras,
1370 3325 1373 3332 ·

142 3401 222 3485 quid
245 3401 308 3465 sibi
332 3399 436 3465 velint
458 3399 517 3465 illa
549 3401 660 3465 inter
688 3401 824 3464 omnia
853 3407 887 3465 et
917 3386 988 3482 quae¹
1017 3401 1060 3464 sit
1081 3398 1152 3464 haec
1174 3400 1303 3465 numeri

143 3509 358 3593 significatio,
381 3508 463 3573 nihil
480 3509 566 3573 enim
586 3509 619 3572 iu
639 3506 849 3573 altitudinem
869 3507 980 3572 editur
998 3508 1166 3573 nisiinter
1184 3508 1302 3588 omnia,

142 3639 214 3701 quae
238 3618 327 3682 circa
351 3624 435 3681 sunt.
481 3615 693 3681 Manifestum
717 3638 787 3682 esse
811 3616 944 3699 opinor,
973 3616 1136 3681 excidisse
1159 3615 1300 3681 vocabu·

138 3726 206 3790 lum
230 3726 458 3809 scriptumque
482 3723 561 3790 olim
583 3722 701 3789 fuisse:
725 3725 832 3789 inter
855 3723 977 3806 plana
1001 3724 1142 3790 omnia.
1178 3723 1216 3788 Id
1239 3722 1295 3788 de·

138 3855 226 3898 mum
249 3832 462 3898 memorabile
492 3839 557 3909 est,
590 3831 676 3897 inter
706 3832 815 3897 omnia
844 3833 931 3896 circa
959 3831 1059 3915 plana
1082 3852 1191 3896 arcem
1213 3853 1296 3914 prae-

136 3947 271 4024 ruptam
295 3941 385 4022 erigi.
430 3939 603 4024 Loquendi
627 3960 729 4023 genus
753 3940 961 4004 notissimum
990 3947 1056 4019 est;
1092 3940 1174 4003 Livii
1203 3940 1295 4006 locos

136 4047 266 4133 aliquot
287 4048 575 4113 Weissenbcruius
598 4049 641 4113 ad
663 4046 814 4124 XXVIII,
838 4051 888 4127 42,
915 4052 933 4112 3
957 4047 1103 4130 collegit:
1129 4046 1186 4127 III,
1209 4051 1238 4127 6,
1263 4051 1292 4127 7,

134 4154 222 4234 ΧΧΙ,
246 4160 295 4235 32,
319 4161 348 4235 9,
374 4155 506 4234 XXVII,
533 4161 580 4235 17,
606 4160 643 4236 93
667 4155 743 4220 add.
761 4154 816 4233 IX,
831 4160 877 4233 13,
892 4161 921 4234 6,
948 4154 1080 4233 XXVII,
1100 4160 1152 4233 45,
1165 4161 1193 4221 7.
1219 4155 1294 4238 (Su-

136 4266 268 4348 periore
303 4266 411 4349 capite
436 4263 452 4347 ξ
479 4269 517 4329 10
540 4266 573 4329 in
596 4265 709 4331 codice
739 4287 803 4331 non
829 4271 905 4329 sunt
927 4263 1030 4329 verba
1051 4264 1173 4346 petiit
1201 4265 1294 4329 inde
