2994 5108
696 513 757 574 699
1125 527 1186 581 Lib.
1205 527 1302 582 XLIV.

144 704 251 764 tremo
271 696 552 782 eapite§12hae0
571 697 726 762 eduntur:
745 696 825 761 Hoc
845 697 988 762 audito
1012 697 1195 778 Perseus
1213 718 1303 766 con-

144 808 324 871 traxisse
342 828 428 871 eum
447 804 631 888 (Gentium)
650 805 926 870 necessitates
945 813 1063 871 ratus
1081 807 1131 870 ad
1150 807 1302 873 bellum

145 915 288 996 utique
307 935 391 978 oum
409 914 611 993 Romanis,
631 912 679 976 ad
696 912 983 991 revocandum,
1004 915 1073 998 qui
1091 917 1302 998 pecuniam

148 1022 351 1105 portabat,
370 1023 489 1100 misit,
508 1021 694 1104 quataoita
706 1021 927 1103 praetermissa
941 1023 1050 1101 miror,
1068 1023 1130 1087 nisi
1142 1023 1229 1107 quod
1241 1024 1300 1088 du-

144 1129 288 1195 bitatum
311 1139 369 1208 est,
392 1153 434 1195 an
458 1130 557 1195 scribi
580 1135 763 1212 oporteret:
787 1129 838 1193 ad
859 1129 1126 1210 revocandos,
1149 1134 1216 1214 qui
1239 1154 1300 1216 pe-

143 1239 300 1303 cuniam
333 1238 567 1323 portabant.
612 1238 696 1301 Nam
729 1258 835 1320 neque
869 1239 1143 1304 necessitates
1177 1239 1298 1323 plurali

142 1367 279 1412 numero
302 1347 334 1411 h.
357 1347 377 1410 l.
402 1346 563 1430 appellari
585 1353 732 1430 possunt,
768 1367 869 1427 quum
901 1346 1051 1410 universe
1081 1346 1293 1430 significetur,
1312 1355 1384 1427 (580)

143 1453 297 1519 Gentium
320 1476 358 1520 eo
382 1456 447 1520 iam
470 1456 679 1539 perductum,
709 1461 746 1519 ut
769 1452 890 1518 bellum
912 1474 986 1519 cum
1009 1454 1164 1519 Romanis
1186 1476 1298 1521 neces·

139 1564 227 1627 sario
252 1564 425 1646 suscipiat,
449 1584 554 1645 neque
577 1563 852 1633 necessitates
881 1564 925 1624 ad
958 1562 1109 1626 bellum
1132 1571 1298 1628 contra-

139 1670 235 1735 here
268 1669 490 1757 tolerabiliter
523 1669 643 1735 dicitur
672 1689 778 1751 neque
809 1670 953 1751 utique
988 1690 1061 1734 cum
1089 1669 1296 1736 substantivo

138 1779 350 1843 coniunctum
373 1778 526 1843 latinum
549 1787 615 1857 est3
641 1776 731 1860 (nam
752 1779 780 1841 si
804 1798 876 1842 cum
898 1776 998 1841 verbo
1023 1778 1218 1861 coniungere
1241 1801 1295 1843 oo·

138 1906 227 1966 nere,
249 1888 414 1952 sententie
436 1888 512 1951 erit:
536 1888 679 1970 utique
702 1885 750 1950 ad
772 1885 931 1965 bellum,
955 1885 1082 1949 sinon
1105 1885 1155 1950 ad
1175 1869 1319 1951 aliam'

138 2015 235 2074 rem,
269 1995 332 2059 hoc
365 2001 425 2073 est,
447 1994 675 2077 ineptissima).
720 1994 758 2058 In
792 1992 903 2058 codice
938 1998 1001 2057 est:
1037 1996 1296 2060 contraxisse

138 2123 227 2167 eum
256 2105 534 2168 necessitatis.
580 2102 795 2168 Scribendum
818 2108 883 2166 est:
918 2103 1175 2166 contraxisse
1209 2123 1293 2167 eum

138 2214 410 2277 necessitatis
433 2212 530 2274 satis
552 2217 667 2276 ratus
699 2232 742 2289 ac
772 2210 1006 2272 bellaturum
1029 2210 1175 2293 utique
1210 2232 1295 2276 oum

139 2320 345 2385 Romanis.

225 2427 303 2513 Cap.
329 2431 368 2491 28
394 2428 504 2492 Livius
527 2428 726 2493 Antenorem
756 2430 790 2489 et
813 2421 1000 2508 Callippum
1027 2445 1048 2489 a
1070 2426 1189 2492 Perseo
1220 2446 1293 2491 cum

135 2536 195 2601 XL
217 2536 333 2601 lembis
356 2536 523 2601 Tenedum
544 2537 672 2613 missos,
695 2541 732 2598 ut
753 2533 829 2598 inde
852 2535 960 2616 sparsi
982 2555 1041 2617 per
1058 2530 1221 2617 Cycladas
1244 2537 1294 2600 in-

134 2643 225 2710 sulas
248 2666 346 2710 naves
370 2643 598 2709 Macedoniam
630 2663 705 2707 cum
732 2641 896 2707 frumento
920 2647 1070 2725 petentes
1093 2648 1291 2720 tutarentur,

138 2758 266 2818 stantes
288 2752 412 2818 Tenedi
434 2753 469 2816 in
493 2759 592 2834 portu
614 2750 760 2816 Rhodias
793 2770 892 2814 naves
921 2750 1099 2815 incolumes
1129 2749 1291 2818 dimisisse

136 2867 261 2925 narrat.
305 2861 388 2924 Tum
410 2858 440 2942 (ἓ
464 2858 497 2940 4)
521 2860 568 2924 sic
595 2859 718 2942 pergit:
753 2854 926 2939 Cognito
960 2857 1124 2936 deinde,
1159 2859 1200 2923 in
1233 2859 1292 2925 la-

137 2974 225 3034 tere
249 2970 384 3035 altero
408 2966 558 3049 (Tenedi)
582 2965 879 3049 quinquaginta
896 2967 1110 3031 onerarias
1133 2988 1292 3032 suarum

139 3076 348 3158 (suorum?)
371 3076 617 3141 -inclusas
640 3095 744 3154 esse,
767 3074 1030 3139 circumvecti
1052 3095 1224 3157 propere
1247 3096 1291 3140 ac

140 3184 343 3250 submotis
366 3191 527 3251 terrore
550 3176 925 3248 hostiumnaribu's
948 3182 1158 3247 onerarias
1187 3218 1231 3228 -
1253 3185 1291 3248 in

138 3292 420 3359 Macedoniam
459 3295 640 3359 mittunt.
693 3288 805 3356 Codex
842 3290 957 3356 habet:
997 3292 1290 3356 circumvectus

136 3435 180 3445 —
212 3402 362 3483 mittit,
397 3399 485 3484 quod
518 3421 559 3464 ex
591 3400 647 3464 illo
682 3398 761 3464 oriri
788 3398 841 3462 rix
868 3399 987 3483 potuit.
1031 3400 1147 3481 ltaque
1170 3399 1289 3471 Livius,

137 3528 238 3591 quum
259 3508 353 3574 initio
377 3508 460 3574 duos
483 3509 656 3592 praefectos
680 3507 797 3572 classis
820 3507 915 3590 quasi
932 3506 1093 3590 dignitate
1110 3527 1209 3591 pares
1231 3529 1289 3573 no·

135 3617 302 3695 minasset,
337 3619 418 3683 satis
451 3619 660 3701 neglegenter
693 3617 742 3681 sui
777 3615 899 3681 oblitus
931 3617 998 3680 iam
1030 3615 1084 3680 hic
1118 3614 1160 3679 ad
1188 3637 1289 3680 unum

134 3724 333 3789 Antenorem
356 3725 579 3790 narrationem
601 3723 788 3802 transtulit,
812 3745 909 3807 quem
932 3725 1050 3790 deinde
1073 3725 1107 3788 in
1129 3730 1204 3789 tota
1226 3725 1288 3790 hac
1337 3767 1343 3780 ·

134 3853 171 3897 re
183 3853 284 3897 unum
296 3834 452 3911 nominat,
466 3830 616 3917 Callippo
629 3852 764 3917 prorsus
777 3834 905 3911 omisso,
924 3831 973 3915 §8
991 3840 1025 3898 et
1046 3837 1083 3899 15
1102 3844 1135 3901 et
1153 3860 1179 3902 c.
1193 3838 1244 3913 29,
1260 3839 1287 3898 3.

206 4124 402 4185 troversia)
421 4123 518 4190 dixit,
537 4123 596 4177 sed
613 4124 690 4177 sibi.
719 4122 801 4192 [Quid
820 4125 857 4177 sit
874 4125 969 4179 insuia
988 4123 1090 4195 effugia
1105 4142 1237 4194 quarere,
1252 4143 1286 4179 ne

205 4211 318 4263 veritati
342 4226 453 4279 pareas,
481 4217 510 4263 et
535 4210 682 4278 permultis
710 4209 770 4263 aliis
798 4210 880 4278 locis,
912 4228 981 4281 quos
1009 4212 1098 4264 sciens
1131 4210 1286 4279 lubensque

205 4297 316 4363 omitto,
337 4301 365 4349 et
382 4296 428 4349 hic
446 4295 603 4364 exemplum
622 4313 637 4350 e
652 4295 874 4351 Weissenbornii
893 4296 1073 4351 adnotatione
1092 4295 1154 4364 capi
1171 4293 1285 4364 potest]
