3000 5116
687 456 748 515 34⁷
1117 466 1180 520 Lib.
1200 465 1300 519 XXIV.
1355 505 1361 518 .

138 636 223 701 Nam
253 635 269 719 ξ
294 640 328 716 2,
357 635 415 702 ubi
441 637 628 719 superiores
652 638 810 703 edebant:
845 638 893 703 ad
916 637 1184 703 Hannibalem
1208 637 1292 701 dis·
1315 648 1385 714 (283)

139 745 336 811 cessisset
365 745 651 828 traxissetque
674 745 723 810 ad
746 746 1036 826 defectionem,
1069 766 1176 829 nuper
1199 746 1300 828 scrip·

140 861 210 918 tum
233 859 283 918 est
306 853 519 931 descisset,
543 855 748 918 traxisset
767 854 1050 935 (Pdiscesset),
1074 854 1173 919 verbo
1197 861 1298 918 recto·

140 960 317 1045 quodiam
338 960 486 1025 Muretus
510 967 544 1026 et
567 960 749 1027 Gronovius
772 963 902 1027 restitui
925 961 1108 1039 voluerant,
1139 962 1298 1044 asyndeto

140 1053 242 1152 prav'o
275 1069 309 1132 in
342 1067 459 1133 sedata
492 1069 541 1133 rei
571 1071 762 1152 primariam
791 1071 955 1136 actionem
985 1068 1190 1150 (transitum)
1221 1090 1298 1134 ocn-

140 1183 261 1242 secutae
283 1175 432 1261 pluribus
455 1176 565 1241 verbis
588 1177 815 1258 adiunctione3
844 1178 1056 1243 scribendum
1079 1184 1167 1254 erat,
1196 1178 1297 1261 gemi-

141 1285 228 1350 natis
257 1283 385 1349 duabus
414 1284 551 1350 litteris:
587 1285 794 1351 descisset
817 1292 855 1351 et
878 1287 1089 1351 traxisset.
1143 1285 1208 1350 Sed
1230 1306 1298 1350 ma-

142 1393 214 1457 iora
252 1400 286 1456 et
326 1389 514 1458 difficiliora
552 1393 680 1474 agenda
719 1401 804 1459 sunt.
866 1393 951 1458 Nam
984 1393 1125 1477 primum
1159 1393 1297 1458 aliorum

143 1507 263 1582 prater
295 1500 334 1577 Q.
356 1499 497 1565 Fabium
524 1500 700 1566 Maximum
733 1509 861 1584 patrem
896 1502 936 1566 de
970 1501 1071 1566 Dasio
1106 1501 1230 1566 Altinio
1264 1502 1296 1565 in

140 1607 278 1674 consilio
305 1609 469 1673 sententia
490 1609 538 1673 ita
560 1610 592 1673 in
616 1609 776 1674 codiceP
799 1610 1016 1693 perscribitur
1039 1609 1170 1689 (ceteris
1193 1609 1296 1685 bonis,

140 1722 177 1780 ut
198 1736 344 1799 semper,
366 1717 514 1798 proxime
547 1716 819 1798 adhaerentibus):
855 1718 951 1782 aliis
980 1740 1050 1801 pro
1079 1714 1295 1799 transfuga

142 1823 427 1888 ucruerandus
462 1824 751 1908 necandusque
780 1803 935 1890 uideris
966 1825 1012 1907 (id
1043 1831 1106 1902 est,
1140 1824 1295 1904 videri),

141 1931 338 2015 ancipitis
372 1933 494 1996 animi
528 1935 744 1997 communis
779 1932 927 2011 hostis,
968 1933 1035 2016 qui
1068 1939 1160 2016 post
1194 1931 1294 1996 Can-

141 2059 304 2103 nensem
327 2038 494 2119 cladem,
524 2048 717 2123 tanquam
740 2063 824 2105 oum
847 2040 1014 2106 fortuna
1036 2039 1157 2105 fidem
1179 2047 1292 2104 stare

141 2151 366 2230 oporteret,
395 2147 443 2211 ad
461 2146 740 2214 -Hannibalem
768 2149 970 2213 discesset
992 2148 1041 2228 (id
1063 2155 1127 2226 est,
1156 2161 1193 2212 ut
1217 2148 1292 2227 dixi,

139 2254 350 2319 descisset
372 2255 424 2335 et)
448 2257 644 2321 traxisset
667 2257 714 2321 ad
738 2256 1010 2322 defectionem
1032 2257 1177 2339 Arpos,
1208 2263 1292 2320 tum

139 2383 256 2444 quam
284 2383 348 2427 res
372 2362 545 2428 Romana
572 2371 716 2430 contra
739 2387 848 2449 spem
873 2372 1047 2446 votaque
1071 2366 1159 2429 eius
1183 2363 1293 2429 velut
1376 2440 1382 2455 .

136 2476 405 2552 resurgerent
432 2472 624 2554 turpibus
648 2473 839 2537 videatur
861 2494 1001 2537 novam
1024 2471 1183 2538 referre
1206 2493 1292 2555 prc-

137 2577 333 2642 ditionem
367 2578 563 2660 proditiis
598 2580 699 2663 polli
734 2580 805 2644 VII
839 2580 964 2645 uirali
993 2580 1175 2644 iudicioe
1210 2586 1292 2644 stet

973 2710 1015 2751 .u
1127 2709 1171 2751 us

137 2775 295 2877 semper
323 2794 499 2859 aliumde
529 2796 700 2874 sentiat,
730 2796 885 2860 infidus
914 2796 1037 2860 sociis
1065 2816 1169 2858 uana
1192 2794 1292 2875 (usa

995 2925 1017 2966 u

136 3031 225 3074 man.
247 3009 279 3091 l)
301 3008 451 3075 hostiis
474 3009 522 3075 ad
544 3011 802 3076 Faleriorum
827 3012 1015 3095 phyrrtie
1039 3010 1291 3092 proditorem

136 3118 308 3183 tertium
336 3116 563 3201 transfugis
592 3120 872 3184 documentum
903 3140 1000 3183 esse.
1051 3117 1100 3180 Ex
1130 3117 1180 3181 his
1210 3117 1292 3182 Gro·
1364 3144 1366 3146 ’

136 3225 252 3292 nouus
276 3223 475 3306 (Observatt.
498 3225 555 3290 lib.
579 3227 623 3290 IV
647 3249 673 3292 c.
701 3232 734 3290 1]
762 3250 792 3310 p.
819 3231 878 3291 169
902 3224 986 3308 sqq.)
1011 3246 1050 3289 ea
1073 3222 1190 3300 effecit,
1219 3244 1292 3306 quae

137 3331 255 3397 deinde
284 3333 319 3396 in
348 3332 546 3399 editionibus
575 3342 778 3414 manserunt,
813 3337 1002 3399 coniectura
1030 3334 1151 3416 partim
1180 3333 1292 3414 sagaci

136 3440 303 3524 felicique,
327 3442 446 3524 partim
468 3441 591 3506 infelici
615 3442 815 3523 (adscribam
836 3450 965 3507 tantum
988 3441 1205 3525 posteriorem
1227 3440 1292 3504 loci

136 3556 276 3632 partem,
305 3550 460 3632 quoniam
482 3550 522 3614 de
546 3572 586 3614 ea
609 3551 681 3615 sola
703 3552 910 3631 ambigiturl:
933 3586 976 3594 ——
998 3550 1138 3633 Arp0s3
1162 3570 1292 3630 quum-

137 3678 211 3739 que
244 3677 311 3744 res
341 3657 518 3722 Romana
551 3666 693 3724 contra
727 3680 833 3742 spem
862 3664 1034 3739 votaque
1066 3658 1152 3722 eius
1180 3656 1291 3721 velut

139 3773 393 3847 resurgeret,
426 3766 589 3849 turpius
623 3766 813 3830 videatur
848 3787 983 3830 novam
1014 3764 1169 3829 referre
1192 3785 1291 3847 pro·

139 3869 337 3936 ditionem
363 3870 542 3955 proditis
571 3873 679 3952 olim;
716 3875 784 3956 qui
819 3873 986 3938 aliunde
1015 3879 1096 3937 stet
1125 3892 1290 3955 semper,

140 3976 303 4045 aliunde
336 3981 504 4058 sentiat,
537 3980 692 4046 infidus
720 3983 872 4059 socius,
905 4001 1029 4045 vanus
1057 3980 1207 4058 hostis3
1242 3979 1290 4044 ad

140 4083 392 4152 Faleriorum
415 4087 640 4172 Pyrrhique
674 4089 923 4174 proditorem
957 4089 1128 4153 tertium
1156 4095 1291 4151 trans·

140 4189 243 4276 iugis
266 4194 548 4261 documentum
572 4205 693 4275 esset.
745 4197 944 4261 Felicissime
967 4197 1098 4260 inventa
1121 4194 1194 4258 illa:
1219 4194 1289 4258 ali·

143 4300 239 4367 unde
280 4310 362 4368 stet
401 4325 576 4387 semper,
617 4305 781 4370 aliunde
822 4304 990 4382 sentiat,
1031 4323 1104 4384 quae
1144 4302 1290 4385 corrupit
