2994 5108
597 455 658 516 313
1022 467 1083 521 Lib.
1102 467 1207 522 XXIII.

48 637 168 715 tradit,
203 638 345 721 cogitari
374 639 445 704 vult
473 639 514 705 de
542 640 750 704 senatoribus
778 646 854 704 ante
884 638 927 703 ab
956 660 995 704 eo
1023 639 1206 704 incuriam

49 747 174 812 accitis.
220 746 265 810 Et
287 746 357 811 baec
380 747 566 829 similiaque
589 749 623 812 in
646 747 718 813 aliis
740 748 821 812 locis
844 749 1082 830 excogitantur,
1105 770 1206 831 quum

49 855 81 919 in
104 855 220 921 codice
243 853 279 933 P,
302 875 323 919 a
345 876 410 936 quo
434 876 499 919 uno
522 855 711 938 pendemus,
734 855 902 920 videamus
923 855 972 920 ita
993 855 1208 938 neglegenter

49 961 197 1028 litteram
226 984 254 1026 ι
283 969 440 1027 extremae
473 963 579 1028 vocali
614 963 691 1028 addi
721 962 907 1040 detrahive,
940 969 978 1027 ut
1005 984 1111 1046 pauca
1140 964 1207 1028 sint

51 1072 177 1155 capita,
211 1073 245 1136 in
280 1070 401 1154 quibus
436 1091 501 1135 non
529 1072 562 1134 in
591 1069 653 1136 boc
674 1092 794 1153 genere
818 1077 960 1150 erretur,
995 1092 1061 1136 non
1088 1091 1208 1154 pauca,

49 1178 226 1261 inquibus
251 1179 419 1261 saepius.¹)
475 1178 590 1263 ltaque
615 1179 880 1244 Weissenbornio
909 1180 942 1243 in
971 1188 1113 1244 mentem
1140 1200 1206 1244 non

49 1287 138 1352 seuit
158 1287 303 1352 retinere
328 1307 354 1351 e.
380 1293 407 1365 5,
434 1291 472 1350 13
496 1288 632 1370 genito
656 1289 695 1351 iu
717 1287 884 1352 ltaliam
907 1284 1080 1368 (PCVoss,
1103 1286 1208 1365 Harl,

52 1394 143 1475 cett.)
167 1401 227 1458 aut
258 1398 311 1474 13,
345 1400 358 1458 1
384 1394 552 1459 facilius
582 1397 728 1459 scitum
758 1402 819 1460 est
847 1394 949 1477 (quod
977 1403 1087 1460 tamen
1117 1415 1206 1459 ama·

50 1509 155 1568 torem
195 1502 313 1567 habuit
351 1502 469 1567 fortem
509 1501 690 1575 hominem,
724 1501 996 1582 Alschefskium);
1037 1502 1095 1567 sed
1130 1522 1207 1568 ecce

52 1610 158 1676 subito
180 1611 215 1675 in
238 1630 311 1694 cap.
339 1614 387 1688 12,
420 1615 457 1674 15
482 1610 682 1675 defenditur:
714 1613 753 1676 in
782 1611 1056 1676 defectionem
1079 1618 1206 1675 totam

52 1717 218 1782 Italiam
241 1739 345 1798 esse,
375 1721 454 1800 quia
470 1719 621 1783 nondum
643 1719 797 1784 absoluta
820 1718 960 1783 defectio
984 1719 1037 1783 sit.
1089 1719 1207 1801 ltaque

53 1824 192 1909 posthac
215 1847 282 1890 non
306 1828 339 1890 in
364 1847 480 1909 opere,
509 1827 543 1889 in
566 1827 693 1905 itinere,
721 1828 754 1891 in
778 1826 995 1909 expeditione,
1024 1827 1058 1890 in
1082 1827 1206 1909 cogita·

53 1935 139 2000 tione
172 1933 286 2015 aliqua
318 1934 519 1999 similibusve
551 1955 623 1999 esse
657 1936 817 2011 dicemur,
857 1934 890 1997 in
931 1933 1049 2015 quibus
1090 1933 1206 1998 mediis

53 2062 231 2119 versamur,
271 2043 330 2108 sed
370 2043 408 2106 in
449 2044 747 2125 cogitationem
780 2062 887 2119 esss;
930 2041 987 2105 sed
1021 2048 1132 2106 tamen
1165 2043 1203 2107 in
1223 2061 1296 2129 (257)

53 2151 243 2215 maximos
284 2158 415 2215 motus
456 2171 542 2216 esse
576 2173 642 2215 nou
677 2150 836 2229 dicemur3
877 2170 952 2213 nam
985 2148 1047 2214 boc
1080 2149 1208 2214 librarii

53 2255 179 2323 lineolae
201 2257 386 2323 adiectione
409 2257 533 2341 fingere
556 2280 620 2322 non
643 2264 828 2341 potuerunt.
875 2257 960 2337 (Vid.
985 2278 1086 2339 supra
1107 2280 1139 2340 p.
1163 2258 1207 2339 8.)

54 2365 191 2444 Quando
225 2365 276 2429 hae
309 2386 405 2448 nugae
438 2367 557 2431 saltem
586 2365 801 2430 Alschefskiis
834 2366 1084 2448 relinquentur?
1117 2367 1208 2432 Alios

54 2491 179 2539 errores
201 2474 355 2559 persequi
377 2495 484 2558 neque
507 2480 603 2538 vacat
625 2495 730 2555 neque
755 2496 838 2556 opus
861 2479 919 2551 est,
943 2473 1044 2537 semel
1062 2474 1208 2539 admoni-

52 2581 141 2647 tione
162 2582 283 2665 posita.
334 2580 459 2646 Eadem
481 2583 567 2646 enim
591 2583 753 2664 pravitate
777 2589 811 2645 et
832 2583 1056 2646 inconstantia
1078 2589 1209 2648 tenetur

53 2688 128 2770 (nisi
151 2688 241 2772 quod
263 2690 494 2772 antiquissima
516 2690 723 2772 neglegentia
746 2711 818 2754 esse
841 2689 964 2772 potest)
988 2688 1091 2768 XXII,
1116 2694 1165 2769 25,
1189 2694 1208 2754 6

51 2797 89 2861 in
110 2796 344 2862 custodiam
366 2797 559 2876 habitum,
583 2798 615 2861 in
638 2797 753 2877 XXIV,
781 2803 806 2876 1,
832 2801 870 2860 13
892 2798 932 2861 in
954 2803 1209 2879 potestatem

55 2903 319 2970 Locrensium
342 2913 466 2984 esset,
494 2906 551 2970 sed
575 2906 690 2970 eodem
713 2907 821 2988 capite
844 2905 861 2987 ᾗ
885 2909 903 2968 6
927 2911 961 2969 et
984 2925 1011 2968 c.
1036 2908 1087 2983 21,
1113 2909 1152 2968 12
1175 2911 1210 2970 et

52 3032 79 3076 o.
100 3017 158 3091 22,
191 3017 230 3076 10
252 3013 290 3077 in
313 3020 538 3096 potestate,
567 3021 600 3078 et
623 3013 744 3092 XXIV,
773 3018 807 3092 8,
840 3018 854 3075 1
880 3013 1046 3095 spernitur
1069 3033 1208 3095 pacem

52 3121 91 3185 in
122 3120 291 3186 Italiam
325 3156 368 3166 -
396 3120 657 3200 haberemus,
698 3121 813 3187 eodem
848 3141 919 3202 cap.
951 3117 968 3201 ἓ
1005 3123 1043 3183 18
1077 3127 1209 3185 tenetur

53 3228 264 3293 stantibus
299 3229 414 3294 vobis
448 3231 486 3294 in
520 3231 659 3295 aciem.
716 3230 829 3312 Neque
863 3229 970 3292 minus
1004 3229 1123 3293 vitiosa
1152 3228 1208 3293 de-

52 3337 170 3401 tractio
205 3337 325 3401 litterae
359 3343 411 3401 est
443 3337 476 3402 iu
509 3337 573 3403 hoc
603 3338 688 3403 libro
719 3357 745 3401 c.
769 3341 826 3414 48,
861 3341 878 3398 3
910 3334 1135 3417 (Luceriam
1168 3337 1208 3401 in

53 3441 202 3527 Apulia
223 3443 410 3526 legiones
434 3444 595 3524 ducere)
618 3446 732 3510 autin
756 3445 926 3528 superiore
950 3442 1082 3524 (XXII),
1105 3449 1154 3523 57,
1179 3448 1209 3523 6,

53 3549 107 3616 ubi
141 3558 231 3616 recte
260 3552 412 3617 Dukerus
447 3552 547 3618 scribi
580 3552 697 3617 voluit:
733 3553 806 3617 sub
839 3561 994 3617 terram
1028 3553 1105 3616 vivi
1140 3551 1207 3616 de·

78 3824 104 3894 ¹)
120 3823 157 3881 In
175 3844 232 3881 uno
252 3828 344 3897 capite
361 3831 394 3883 23
411 3829 476 3882 libri
494 3828 574 3883 XXII
593 3830 708 3899 (ponem
727 3829 802 3884 enim
821 3829 947 3898 exempla
964 3845 1056 3897 pauca
1074 3844 1141 3881 casu
1159 3845 1209 3882 no·

116 3912 190 3977 tsts)
209 3913 343 3967 scribitur
360 3912 377 3984 ᾖ
395 3917 412 3967 2
428 3913 626 3969 Hannibale
643 3931 694 3984 pro
712 3913 950 3979 Hannibalem,
970 3911 985 3981 ξ
1004 3916 1021 3966 4
1038 3930 1137 3966 unam
1154 3930 1208 3981 pro

115 4012 197 4065 nna,
221 3995 238 4066 ἕ
255 4000 273 4052 6
290 3999 326 4053 in
343 3999 455 4053 milite
472 4016 524 4069 pro
543 4001 577 4053 iu
594 4000 756 4066 militem,
780 4000 809 4053 in
828 4016 888 4067 cap.
907 4001 955 4064 22,
981 4000 1013 4052 16
1030 3997 1137 4053 fidem
1156 4014 1205 4052 sc·

117 4088 220 4152 cepto
238 4083 406 4153 dataque,
433 4088 541 4154 1811111·
560 4085 701 4139 eundem
721 4085 852 4150 ordine;
876 4085 904 4138 in
923 4082 1005 4150 XXI,
1031 4086 1078 4151 42,
1106 4083 1205 4137 loir·

116 4167 281 4223 cnmdato
307 4170 349 4224 ad
372 4171 611 4239 spectaculum
635 4171 835 4236 exercitum,
860 4186 882 4222 o.
897 4171 939 4233 49,
957 4170 974 4222 8
994 4167 1209 4222 adventante

116 4253 271 4308 hostium
291 4255 448 4325 classem,
467 4256 497 4310 in
514 4254 599 4324 XXV,
619 4257 661 4322 28,
680 4258 696 4309 3
715 4272 788 4309 cum
807 4254 1015 4307 libertatem.
