2994 5108
673 458 730 517 521
1071 469 1132 523 Lib.
1152 468 1277 524 xxxvl.

124 643 239 704 nat-um
267 640 349 704 satis
377 640 477 705 fuisse
506 639 678 724 probabile
709 646 769 704 est.
826 639 890 704 Sed
918 640 1085 705 mittere
1109 662 1126 706 e
1151 640 1221 706 solo
1245 642 1277 706 ll

125 753 190 826 est;
224 748 258 811 in
282 750 400 813 ceteris
424 748 478 829 (B)
502 756 554 814 est
576 749 704 823 missi,
740 747 829 830 quod
858 748 910 810 vix
940 768 979 811 ex
1002 747 1058 813 illo
1083 755 1193 813 ortum
1217 757 1277 827 est,

127 853 184 920 sed
209 875 248 919 ex
271 855 435 936 misit.¹)
1018 932 1021 937 ¹

210 960 289 1047 (lap.
310 967 351 1027 20
367 964 439 1027 init.
463 962 517 1044 (de
535 963 586 1027 Μ’.
605 964 739 1045 Acilio):
775 962 948 1028 Consule
971 985 1043 1046 per
1061 963 1279 1030 Phocidem

126 1076 165 1135 et
198 1070 410 1135 Boeotiam
444 1072 670 1136 exercitum
706 1071 897 1149 ducente,
932 1073 1104 1136 conscire
1141 1073 1279 1138 defec-

122 1179 255 1243 tionis
289 1180 483 1243 civitates
518 1200 601 1243 cum
634 1178 876 1243 velamentis
905 1184 998 1242 ante
1027 1188 1168 1262 portas
1196 1187 1280 1244 sta·

122 1285 239 1364 baut,
270 1292 392 1366 metu,
420 1307 465 1350 ne
496 1285 715 1352 hostiliter
744 1285 1038 1369 diriperentur.
1096 1284 1281 1352 Ceterum

119 1415 195 1478 per
225 1414 365 1458 omnes
396 1393 483 1459 dies
512 1393 618 1459 baud
647 1414 766 1458 secus
796 1413 912 1475 quam
940 1395 980 1457 in
1009 1401 1159 1476 pacato
1184 1417 1280 1479 agro

116 1503 217 1569 sine
246 1501 473 1568 violatione
503 1502 627 1566 ullius
650 1502 711 1566 rei
735 1522 875 1584 agmen
898 1503 1121 1583 processit,
1152 1501 1282 1567 donec

112 1611 161 1673 in
186 1630 325 1693 agrum
348 1608 578 1674 Coroneum
603 1615 767 1673 ventum
791 1615 859 1674 est.
911 1607 1059 1673 Coronea
1082 1630 1103 1672 a
1126 1608 1280 1674 Thermo-

103 1715 224 1802 pylis,
258 1718 344 1783 nude
367 1717 490 1781 Acilius
518 1714 686 1800 profectus
717 1723 784 1794 est,
818 1716 871 1779 rix
899 1716 1163 1799 geographorum
1192 1739 1281 1782 men·

104 1845 204 1891 sura
226 1831 302 1889 octo
325 1824 479 1888 milliaria
503 1824 618 1903 distat3
646 1825 758 1906 itaque
782 1846 848 1889 non
871 1824 965 1887 multi
990 1821 1122 1888 fuerunt
1146 1845 1282 1889 omnes

96 1931 172 1997 illi
204 1931 291 2010 dies;
324 1952 385 1996 nec
408 1932 524 1996 Latine
554 1932 676 1996 dicitur
704 1952 776 2015 per
806 1953 940 1997 omnes
970 1931 1056 1995 dies
1085 1930 1193 1995 facere
1222 1932 1281 1996 ali-

98 2039 205 2123 quid
235 2041 298 2103 uisi
327 2039 367 2102 de
395 2038 488 2103 finito
515 2060 651 2104 numero
681 2038 767 2123 (per
798 2059 930 2102 omnes
959 2038 1135 2122 quinque
1166 2038 1283 2120 dies),

89 2148 327 2230 omninoque
356 2147 514 2229 temporis
544 2145 742 2228 significatio
772 2145 847 2210 hinc
870 2146 978 2210 aliena
1000 2153 1065 2223 est,
1096 2145 1166 2225 ubi,
1195 2147 1284 2228 quod

83 2254 155 2321 in
190 2255 310 2320 ceteris
338 2252 468 2338 populis
499 2274 677 2337 eorumque
707 2255 795 2336 agris
824 2259 991 2317 servatum
1020 2260 1121 2333 esset,
1156 2256 1188 2318 in
1217 2277 1283 2320 uno

78 2368 291 2427 ulutatum
315 2368 476 2426 narratur.
531 2360 716 2444 scripserat
740 2361 864 2426 Livius:
901 2358 1086 2425 Ceterum
1110 2383 1181 2445 per
1203 2384 1282 2427 om-

61 2488 194 2535 nes
229 2468 388 2552 (reliquos
423 2468 575 2552 populos)
617 2468 722 2534 haud
758 2489 875 2534 secus
910 2490 1028 2550 quam
1061 2468 1099 2532 iu
1135 2476 1282 2552 pacato

54 2596 221 2660 agro
249 2611 292 2621 -
320 2596 461 2657 agmen
493 2577 711 2660 processit,
747 2575 876 2641 donec
900 2582 962 2640 cet.
1019 2576 1116 2641 Dies
1145 2599 1280 2659 pravum

43 2692 172 2750 est
208 2684 459 2767 interpretantis
495 2684 757 2748 additamentum
791 2682 939 2748 eiusdem
973 2704 1108 2766 prorsus
1142 2685 1282 2767 generis,

35 2793 219 2857 curius
240 2790 390 2855 additum
407 2793 441 2855 in
457 2791 491 2855 M
509 2789 638 2868 XXXV,
660 2797 690 2867 4,
715 2795 733 2854 3
758 2810 878 2872 agros
901 2791 943 2855 ad
966 2791 1075 2855 inter
1097 2800 1280 2872 pacatos.

210 2896 289 2982 Gap.
313 2902 364 2975 22,
394 2905 411 2961 7
436 2898 476 2963 de
500 2898 604 2962 Acilio
627 2897 759 2962 consule
782 2897 977 2962 Heracleam
1001 2903 1159 2979 quattuor
1183 2899 1281 2962 simul

35 3005 204 3073 [ocis
235 3006 446 3090 aggrediente
474 3007 509 3070 iu
532 3006 558 3069 B
582 3012 615 3068 et
636 3005 826 3087 vulgaribus
849 3004 1019 3070 codicibus
1044 3005 1090 3068 sic
1112 3005 1281 3069 scribitur:

35 3134 100 3179 ει
176 3114 348 3179 flumine
382 3114 510 3178 Asoro
551 3111 653 3192 (recte
694 3115 888 3178 restitutum
921 3111 1084 3195 Asopo),
1126 3133 1202 3193 qua
1241 3120 1281 3176 et

35 3242 92 3303 ζ
121 3220 374 3304 jmnasium
408 3226 484 3298 est,
518 3219 554 3284 L.
583 3219 791 3285 Valerium
827 3218 1020 3303 operibus
1053 3226 1176 3304 atque
1211 3242 1279 3304 op·

35 3348 91 3409 ‚2
145 3328 374 3411 ugnationi
404 3327 629 3410 praeposuit
658 3327 919 3409 frequentius
947 3348 1076 3411 prope
1106 3349 1219 3410 quam
1243 3327 1282 3390 iu

35 3455 77 3498 ι
120 3435 227 3500 :be
267 3434 557 3512 habitabatur,
599 3434 653 3498 Ti.
682 3434 922 3517 Sempronio
956 3434 1092 3518 Longo
1127 3456 1281 3519 oppug-

35 3560 60 3602 ι
107 3541 293 3608 endam
327 3542 439 3607 dedit
472 3549 510 3607 et
543 3543 749 3624 regionem
777 3542 898 3608 Mella
931 3563 1088 3626 quoque
1122 3543 1275 3608 aditum
1294 3556 1366 3623 (420)

92 3798 143 3829 ²
165 3800 259 3871 jcap.
287 3805 331 3870 16,
358 3807 376 3860 8
398 3805 438 3859 nic
465 3802 735 3872 interpungendum:
768 3804 862 3858 intra
887 3803 1006 3858 fauces
1035 3803 1076 3857 ad
1102 3803 1280 3858 meridiem

194 3893 393 3957 verguut-
411 3888 554 3942 Euboea
576 3893 626 3954 et,
654 3893 866 3942 excurrente
889 3888 1055 3943 inultum
1080 3888 1178 3941 velut
1200 3905 1278 3956 pro·

194 3973 386 4036 montorio,
411 3972 530 4027 Attica
548 3977 657 4038 terra,
680 3973 748 4026 sita
765 3973 806 4026 ab
825 3978 934 4041 tergo,
958 3977 991 4024 et
1009 3971 1278 4040 Peloponnesus.

195 4054 290 4123 (1865.)
336 4056 401 4126 Cap.
427 4059 471 4124 19,
497 4060 528 4110 10
551 4059 620 4111 mira
646 4057 842 4126 neglegentia,
870 4057 917 4125 qni
941 4057 1006 4109 alibi
1031 4057 1190 4110 accusativo
1213 4074 1279 4111 casu

194 4146 356 4197 constanter
377 4147 564 4212 sequentes
590 4142 730 4205 scribunt,
758 4142 858 4197 edunt:
884 4158 1040 4209 magnam
1062 4145 1193 4209 partem
1217 4158 1277 4210 ag·

194 4226 293 4281 minis
316 4232 374 4282 ant
396 4226 606 4281 lassitudine
633 4227 868 4281 subsistentia
891 4231 950 4278 aut
973 4242 1092 4280 errore
1116 4253 1152 4264 -
1170 4226 1277 4281 dieri-

192 4314 295 4378 pator
313 4318 574 4381 oppresserunt.
