2994 5108
213 505 274 560 Lib.
293 505 430 560 XXXVII.
763 491 823 553 538

298 676 376 760 Cap.
402 682 451 753 59,
475 683 495 738 4
513 678 558 757 (in
573 675 793 760 descriptione
813 673 971 758 triumphi
988 672 1024 735 L.
1046 662 1238 754 Scipionislz
1261 680 1364 726 num·

214 806 294 849 mos
318 806 464 850 aureos
482 784 719 866 Philippeos
743 790 900 848 centum
918 779 1200 862 quadraginta
1223 772 1362 838 millia.

165 878 170 888 ⁸
193 892 309 970 'Nihil
333 893 420 975 quod
444 892 542 956 ullius
565 893 718 956 momenti
740 898 842 970 esset,
865 889 1050 953 Perizonius
1069 884 1124 965 (ad
1142 882 1269 948 Sanctii
1287 880 1362 944 Min.

211 1001 265 1078 IV,
289 1004 308 1063 8
332 1023 362 1083 p.
388 998 472 1080 711),
507 1021 603 1081 quem
626 997 916 1063 Drakenborchius
940 1003 1104 1061 auctorem
1129 993 1226 1066 citat,
1250 988 1364 1054 attulit

208 1107 250 1171 ad
274 1107 359 1171 hauc
383 1109 543 1172 orationis
566 1107 706 1171 formam
729 1107 919 1186 (nummos
943 1111 1098 1168 centum
1120 1099 1266 1180 millia)
1286 1119 1362 1164 con-

208 1222 262 1279 tra
296 1214 496 1279 Gronovium
526 1214 772 1279 defendendam.
819 1212 934 1294 [Paulo
963 1210 1029 1276 alic
1059 1216 1110 1274 est
1137 1208 1239 1287 ratic,
1263 1228 1362 1288 quum

208 1323 241 1386 in
265 1343 420 1387 censuum
450 1325 593 1387 numeris
622 1323 834 1405 praemittitur
864 1320 1028 1385 constanti
1052 1316 1206 1381 formula:
1241 1335 1362 1380 censa

164 1418 168 1427 ’
207 1437 302 1493 sunt
336 1432 482 1493 civium
516 1432 655 1513 capita
687 1426 754 1510 —.]
801 1427 865 1492 Sed
899 1426 989 1510 quod
1029 1425 1080 1489 hic
1113 1444 1360 1488 nummorum

204 1558 419 1602 aureorum
447 1537 755 1620 Philippeorum
784 1537 899 1618 reponi
928 1534 1044 1612 voluit,
1075 1553 1137 1596 uon
1163 1530 1270 1596 solum
1294 1532 1358 1596 rio·

203 1644 308 1709 lenter
330 1647 412 1724 agit,
437 1646 494 1708 sed
516 1667 581 1710 non
606 1646 709 1728 magis
733 1665 829 1727 quam
854 1643 954 1708 ceteri
979 1639 1128 1706 adalind
1146 1638 1359 1704 meudiindi-

205 1753 290 1816 cium
314 1753 465 1818 attendit.
512 1753 639 1818 Nimius
671 1760 723 1817 est
756 1754 842 1817 enim
865 1751 1110 1836 Philippeorum
1134 1768 1308 1824 numerus,
1331 1747 1358 1811 si

204 1868 416 1943 comparatur
435 1868 493 1924 aut
510 1883 583 1926 cum
602 1860 637 1923 T.
651 1859 795 1936 Quinctii
813 1860 988 1924 Flaminini
1007 1855 1174 1938 triumpho
1194 1854 1356 1934 (XXXIV,

202 1966 266 2047 52),
288 1969 322 2031 in
347 1989 412 2050 quo
435 1968 597 2051 Philippei
624 1973 726 2036 14514
754 1970 814 2034 lati
843 1974 935 2045 sunt,
970 1975 1027 2030 aut
1056 1986 1129 2028 cum
1159 1961 1217 2027 Gn.
1240 1962 1358 2028 Manlii

201 2073 352 2138 Vulsonis
376 2074 537 2155 (XXXIX,
563 2076 605 2156 7),
628 2077 661 2138 in
680 2094 744 2155 quo
764 2073 898 2138 fuerunt
914 2073 1075 2156 Philippei
1098 2076 1216 2151 163203
1240 2092 1356 2152 quam·

200 2202 298 2262 quam
322 2184 408 2247 enim
426 2185 524 2247 etiam
542 2183 801 2248 tetrachmorum
819 2182 1004 2247 Atticorum
1023 2189 1056 2245 et
1073 2180 1301 2263 cistophorum
1323 2183 1355 2245 in

111 2291 182 2359 (436)
201 2289 265 2353 illis
288 2290 463 2373 triumphis
481 2292 587 2355 minor
604 2290 667 2354 fuit
683 2311 848 2367 numerus,
871 2298 982 2354 tamen
998 2308 1207 2370 nequaquam
1224 2288 1285 2353 illa
1303 2310 1355 2353 ra·

197 2397 287 2459 tione
311 2419 444 2461 summae
468 2398 632 2462 differunt.
668 2398 801 2462 Millia
824 2399 919 2462 abest
941 2397 974 2459 in
998 2395 1024 2459 B
1049 2396 1246 2480 duobusque
1271 2399 1355 2463 Dra-

196 2501 388 2567 kenborchii
401 2506 580 2570 codicibus,
614 2506 731 2588 Itaque
756 2513 917 2570 centurn
935 2504 1212 2587 quadraginta
1230 2505 1353 2586 singuli

196 2617 273 2674 sunt
291 2610 461 2693 Philippei,
485 2613 624 2680 millium
643 2635 798 2678 numerus
818 2614 947 2691 excidit,
971 2616 1215 2696 scripseratque
1237 2611 1352 2677 Livius

193 2718 234 2780 ad
259 2717 343 2781 hanc
366 2720 517 2783 formam:
548 2743 727 2786 nummos
752 2743 895 2785 aureos
919 2720 1158 2802 Philippeos
1182 2763 1198 2799 *
1222 2721 1352 2785 ιΙΙΙΙι

194 2834 353 2889 centum
394 2829 678 2910 quadraginta.
737 2828 789 2891 Sic
830 2830 915 2892 enim
955 2838 988 2892 et
1026 2827 1272 2909 Philippeos
1318 2838 1352 2894 et

192 2932 408 3016 Philippeo
419 2958 502 2999 rum
526 2939 602 3017 poni
628 2943 747 3019 potest.
778 2935 970 3019 [XXXVIIL
995 2941 1043 3007 38,
1071 2941 1119 3000 13.
1144 2935 1201 2998 uhi
1231 2937 1351 3001 scribi-

190 3047 259 3103 tur:
296 3043 465 3123 Argenti
490 3045 604 3122 prohi
628 3045 791 3108 talenta
814 3047 952 3108 Attica
975 3044 1046 3107 XII
1076 3044 1207 3108 millia
1240 3045 1351 3123 (lato,

188 3148 298 3212 Livius
322 3158 380 3213 aut
404 3172 513 3214 errore
536 3152 735 3216 talentum
759 3155 992 3215 Atticorum
1016 3153 1189 3234 scripsisse
1214 3155 1352 3218 videtur

190 3262 248 3318 aut
271 3257 400 3319 Attici
425 3258 649 3340 talentum]
686 3259 842 3323 Extremo
866 3262 974 3341 capite
999 3258 1029 3341 (ξ
1054 3264 1087 3322 6:
1110 3259 1158 3324 Et
1182 3263 1350 3343 stipen-

188 3360 292 3424 dium
327 3365 506 3428 militare
543 3373 581 3429 et
614 3366 858 3430 frumentum
893 3366 1041 3448 duplex
1073 3374 1163 3448 post
1196 3370 1350 3434 trium-

184 3467 301 3548 phum
326 3470 475 3549 datum3
509 3473 669 3555 proelio
699 3475 737 3536 in
767 3475 862 3537 Asia
890 3475 999 3538 facto
1035 3473 1186 3554 duplex
1224 3475 1350 3542 dede·

184 3575 262 3654 rat)
287 3577 390 3640 altero
415 3589 487 3642 utro
511 3581 583 3643 loco
607 3581 752 3662 duplex
783 3584 974 3646 mendosum
1004 3604 1076 3645 esse
1107 3583 1242 3647 videtur
1267 3588 1349 3650 scri-

183 3680 392 3764 bendumque
426 3688 599 3768 triplex3
634 3690 708 3770 ipsa
742 3691 826 3751 enim
858 3690 1017 3754 orationis
1047 3690 1156 3754 forma
1185 3695 1349 3767 ostendit,

181 3809 245 3851 non
263 3789 350 3852 idem
369 3791 418 3854 his
438 3793 552 3856 datum
571 3816 658 3873 esse3
683 3796 820 3859 dixisset
838 3798 923 3860 enim
942 3796 1066 3859 Livius:
1093 3797 1198 3863 idem
1224 3822 1349 3882 proe-

180 3895 234 3960 lio
256 3903 276 3964 i.
306 3898 342 3958 A.
366 3898 386 3960 f.
412 3899 577 3963 dederat
602 3902 799 3967 similiterve.
