2994 5108
656 481 718 541 487
1055 495 1116 549 Lib.
1135 495 1262 550 XXXIII.

111 658 230 724 mille.
285 660 397 726 Livius
428 665 620 747 scripserat:
660 663 831 728 Numero
856 663 1002 743 Achaei,
1031 666 1166 748 00(a11t
1194 665 1262 746 DC)

110 766 207 850 ipsi,
241 769 570 852 quadringentos
593 772 683 836 loco
706 770 910 854 pepulere.
962 771 1011 836 Ex
1033 775 1160 838 numeri
1183 785 1263 840 nota

108 880 224 939 natum
247 882 297 940 et.
338 876 493 961 Sequitur
515 876 532 960 ξ
558 883 596 942 18
620 879 660 943 de
683 878 937 944 Macedonibus:
967 879 1094 962 Terga
1117 880 1262 945 deinde

111 989 292 1062 vertunt3
320 991 541 1068 postremo,
571 985 752 1051 abiectis
775 988 914 1065 armis,
944 987 983 1050 in
1005 988 1262 1071 praecipitem

110 1088 245 1173 lugam
275 1090 556 1157 effunduntur.
601 1092 814 1176 Bargylias
843 1100 1031 1177 petentes
1054 1095 1262 1178 fugerunt3

110 1196 246 1261 eodem
281 1206 320 1263 et
349 1199 597 1265 Dinocrates
631 1201 822 1283 perfugit.
880 1200 1025 1267 Offendit
1053 1203 1263 1268 vehementer

111 1303 302 1388 fugerunt
329 1314 405 1390 post
434 1309 473 1371 in
500 1306 636 1389 fugam
666 1307 955 1388 effunduntur,
990 1309 1103 1374 addito
1126 1331 1262 1394 praeser-

109 1413 169 1476 tim
197 1415 373 1498 participio
403 1422 608 1498 petentes;
641 1417 751 1499 aptius
780 1416 867 1480 enirn
896 1422 982 1481 erat:
1018 1424 1057 1481 et
1078 1417 1114 1481 B.
1139 1420 1262 1500 petie·

110 1525 211 1584 runt.
256 1520 396 1600 Vereor,
425 1543 465 1586 ne
488 1523 599 1588 Livius
630 1525 800 1606 scripserit
822 1530 966 1589 tantum:
994 1525 1034 1588 in
1055 1547 1105 1607 pr.
1128 1524 1262 1607 fugam

110 1623 389 1705 effunduntur,
413 1629 630 1714 Bargylias
653 1637 851 1714 petentes.
896 1631 1044 1695 Eodem
1067 1631 1164 1711 cet.¹)

195 1731 273 1819 Cap.
297 1739 353 1815 20,
382 1743 403 1800 4
431 1745 465 1802 et
494 1743 522 1801 5.
579 1737 693 1802 Oratio
723 1739 755 1801 in
785 1737 985 1802 editionibus
1007 1760 1072 1803 non
1094 1745 1183 1803 recte
1206 1739 1261 1804 de-

106 1842 234 1924 scripta
267 1843 314 1908 sic
348 1844 520 1909 decurrere
554 1845 667 1909 debet:
704 1843 966 1910 Coracesium
1002 1866 1044 1910 eo
1079 1853 1261 1929 tempore

100 1948 336 2015 Antiochus
360 1952 552 2035 operibus
577 1952 849 2035 oppugnabat,
875 1952 1073 2036 Zephyrio
1096 1960 1136 2017 et
1154 1952 1261 2017 Solis

96 2088 152 2101 —
174 2064 227 2135 et,
262 2056 462 2142 superato
491 2060 719 2138 Anemurio,
747 2095 804 2139 -,
835 2058 1049 2125 Selinunte
1083 2067 1260 2142 recepto.

92 2162 302 2231 (lmuibus
332 2167 396 2232 bis
426 2167 607 2248 aliisque
636 2169 722 2232 eius
751 2189 827 2233 orae
856 2167 1047 2232 castellis
1069 2200 1112 2211 -
1134 2168 1173 2231 in
1196 2166 1261 2232 de-

88 2270 307 2339 ditionem
329 2275 524 2357 acceptis,
548 2273 813 2340 Coracesium
838 2309 875 2321 -
900 2275 1068 2340 tenebat
1091 2274 1226 2353 euml)

283 2445 337 2452 ...-

137 2541 161 2608 ι)
180 2541 244 2612 Cap.
257 2545 297 2609 17,
318 2545 350 2597 10
365 2544 558 2612 ed.Mog.die
578 2561 613 2597 ac
632 2550 747 2610 nocte,
766 2544 964 2598 Bambdiem
982 2562 1021 2598 ac
1038 2548 1181 2597 noctem.
1218 2542 1260 2597 De

178 2642 210 2680 ea
226 2643 273 2693 re,
296 2646 359 2697 ques
378 2630 438 2685 sine
457 2629 664 2684 intermissione
683 2630 806 2683 interdiu
824 2635 966 2697 noct-uque
984 2627 1042 2693 fiat,
1065 2628 1148 2682 buius
1167 2627 1260 2683 estatis

177 2713 328 2781 scriptores
346 2713 483 2782 singulari
501 2732 618 2769 nurnero
638 2714 693 2767 die
711 2731 748 2769 ao
763 2719 870 2768 nocte
886 2713 990 2767 dixisse
1005 2718 1083 2781 puto,
1102 2730 1159 2766 non
1173 2712 1260 2766 diem

177 2812 210 2850 so
227 2803 376 2865 noctem,
395 2799 472 2866 quod
489 2804 533 2852 est
550 2816 601 2869 per
617 2816 702 2853 unurn
716 2798 790 2852 diem
804 2804 979 2865 noctemque,
999 2803 1032 2851 nt
1044 2797 1157 2864 XXXV,
1173 2800 1219 2861 40,
1235 2799 1259 2850 8.

178 2879 296 2936 Plurslis
313 2899 453 2947 numerus,
477 2882 549 2937 dies
568 2890 772 2952 noctesque,
797 2883 852 2937 boc
871 2889 922 2951 est,
949 2899 1000 2952 per
1018 2882 1077 2936 dies
1095 2887 1258 2949 noctesque,

178 2965 260 3020 eliam
278 2966 364 3022 habet
383 2969 550 3034 orationem,
574 2985 629 3036 quo
649 2968 812 3022 accusativo
836 2968 1017 3036 antiquiores,
1041 2966 1199 3032 Terentius,
1219 2965 1261 3019 Ci-

177 3067 257 3117 cero,
283 3052 394 3119 Livius,
422 3052 470 3106 alii
499 3058 662 3106 constanter
680 3056 813 3119 utuntur,
841 3053 965 3107 ablativo
988 3051 1128 3104 inferioris
1148 3050 1260 3104 demum

178 3137 271 3189 estatis
295 3137 462 3207 scriptores,
486 3143 518 3191 ut
537 3136 599 3191 Seu.
619 3137 653 3191 de
672 3138 738 3193 Ben.
758 3137 810 3204 IV,
835 3139 864 3204 3,
887 3140 917 3203 2,
941 3135 1055 3202 Quintil.
1075 3135 1113 3189 VI
1131 3152 1257 3204 prooem.

177 3220 203 3287 2,
224 3219 294 3275 Plin.
318 3222 422 3293 Paneg.
445 3223 492 3288 67,
519 3222 595 3277 Suet.
614 3221 679 3276 Ner.
703 3224 745 3277 31.
790 3222 831 3276 De
861 3221 997 3291 singulari
1019 3236 1135 3274 numero
1157 3225 1261 3288 praeter

176 3305 314 3360 rationem
331 3307 415 3361 oredo
434 3308 520 3361 etiam
536 3308 640 3377 poetis;
660 3308 830 3361 ramsolam
847 3312 948 3361 nocte
967 3305 1090 3373 dieque
1104 3321 1199 3359 versus
1215 3303 1261 3358 ad·

177 3390 265 3444 mittit
282 3391 357 3461 apud
376 3390 505 3445 Ovidium
523 3392 589 3445 Met.
608 3391 643 3458 ΙΙ,
667 3394 727 3461 343,
751 3392 798 3459 IV,
821 3392 879 3458 260,
898 3390 962 3456 ΧΠ,
980 3392 1022 3456 46,
1042 3408 1077 3444 ex
1094 3389 1188 3443 Ponto
1206 3388 1258 3456 III,

177 3477 201 3540 1,
219 3477 262 3543 40,
280 3474 377 3530 quen.
396 3476 448 3543 ΙΙΙ,
471 3479 527 3542 105,
547 3475 671 3531 Martial.
694 3477 728 3544 X,
747 3479 788 3543 58,
810 3480 853 3542 11;
872 3481 901 3529 et
922 3481 1017 3529 tamen
1035 3475 1162 3529 licuisset
1179 3492 1261 3529 noo·

176 3564 312 3629 temque
329 3560 486 3630 diemque
505 3561 656 3616 includere.
702 3561 836 3615 Codicum
859 3565 978 3629 apparet
1000 3577 1083 3629 quarn
1102 3559 1205 3629 exigua
1223 3559 1261 3612 sit

175 3643 280 3700 iubae
302 3662 333 3699 re
355 3647 515 3701 auctoritas.
560 3647 708 3701 Ablativus
732 3644 806 3715 apud
824 3645 935 3699 Livium
959 3649 1003 3712 est
1020 3643 1124 3711 XXIV,
1148 3646 1195 3710 20,
1221 3645 1259 3704 13,

175 3730 351 3785 maniaticus
368 3748 420 3800 pro
439 3731 563 3785 ablativo
578 3729 696 3798 XXVII,
711 3733 753 3797 45,
770 3734 810 3796 11,
828 3729 954 3795 XXXVI,
974 3731 1015 3794 25,
1034 3733 1059 3796 4,
1079 3728 1166 3796 XLII,
1187 3731 1227 3793 54,
1244 3730 1260 3781 3

176 3812 306 3882 idemque
326 3816 400 3885 apud
414 3815 577 3870 Ciceronem
595 3815 630 3869 de
644 3816 699 3884 leg.
715 3831 773 3884 agr.
788 3813 828 3881 Π,
843 3816 883 3878 26,
897 3816 943 3878 66,
963 3812 997 3867 de
1012 3812 1103 3868 Divin.
1113 3812 1151 3879 11,
1168 3814 1210 3877 27,
1227 3812 1260 3865 59

176 3897 268 3953 diem
286 3906 439 3965 noctem3
466 3899 543 3969 apud
561 3899 725 3955 Sallustium
750 3905 793 3954 ter
816 3904 910 3952 utrum
934 3898 1007 3951 dies
1025 3902 1203 3965 noctuque
1224 3912 1261 3949 au

176 3983 234 4037 die
251 3989 423 4053 noctuque
442 3985 596 4055 scripserit,
615 3984 768 4038 dubitatur.
806 3982 905 4051 (1863.)

113 4062 164 4131 “)
181 4065 246 4138 Cap.
266 4070 307 4135 21,
325 4071 342 4124 9
360 4087 475 4139 pravam
494 4087 553 4125 esse
572 4068 706 4124 Gronorii
724 4070 926 4134 coniecturam,
952 4066 1038 4121 verba
1057 4071 1090 4121 et
1108 4064 1258 4134 peregri-

176 4169 237 4207 nos
259 4153 296 4207 sd
318 4154 516 4209 occultandum
534 4155 606 4208 Livii
625 4172 750 4208 errorem
768 4153 909 4218 tollentis,
933 4151 1050 4220 exposui
1067 4167 1093 4218 p.
1112 4151 1153 4202 52.
1199 4147 1259 4201 Ibd.

179 4234 233 4306 §5
256 4255 303 4292 ex:
331 4238 416 4292 duos
447 4241 663 4309 superstites
691 4238 813 4293 habuit
834 4238 953 4292 fortasse
975 4234 1148 4291 faciendum:
1176 4248 1260 4300 quos

178 4326 333 4390 quattuor
351 4324 564 4393 superstites
582 4322 716 4378 babuit.
