2994 5108
218 497 282 551 Lib.
301 497 375 551 XXI.
765 485 828 546 262

217 690 284 733 non
316 668 411 733 valde
439 670 563 735 moveri
591 669 673 735 locis
700 691 767 734 non
796 670 845 734 ita
873 669 985 734 multis
1014 690 1053 735 ac
1080 669 1209 754 potius,
1245 670 1274 734 si
1303 688 1377 733 cum

218 776 348 842 infinita
375 779 472 861 copia
494 798 622 857 eorum,
651 777 707 842 ubi
735 784 794 842 aut
821 778 1108 862 praecipitatus
1137 781 1201 842 est
1228 776 1377 842 multa·

219 906 292 968 que
336 906 421 950 cum
459 884 565 949 caede
605 887 770 950 emersit
816 881 874 950 aut
917 886 1206 970 praecipitatus
1250 883 1378 949 multa

219 1013 304 1057 cum
327 993 431 1091 caede
455 993 624 1058 emersit
646 991 782 1073 dicitnr,
812 998 1055 1078 comparantur,
1084 993 1208 1078 paucis,
1226 1013 1376 1078 praeser-

217 1101 276 1166 tim
316 1107 375 1164 ant
414 1101 648 1165 accedentibus
688 1101 761 1166 aliis
795 1102 907 1166 mendi
937 1100 1071 1166 indiciis
1105 1107 1164 1166 aut
1197 1102 1376 1186 perspicua

219 1209 351 1273 errandi
380 1229 497 1286 causa,
532 1208 621 1273 velut
650 1208 739 1291 quod
766 1189 890 1275 in'hoc
918 1209 989 1291 ipso
1017 1208 1103 1274 libro
1133 1230 1161 1275 c.
1185 1213 1242 1288 45,
1276 1208 1376 1272 aal-

217 1315 400 1382 schefslrius
425 1316 753 1381 etWeissenbornins
777 1315 844 1400 [hic
866 1337 952 1381 nunc
976 1317 1100 1382 additis
1118 1314 1225 1399 uncis]
1246 1316 1375 1382 codices

217 1425 321 1489 secuti
356 1424 544 1489 ediderunt:
584 1429 781 1508 precatus
815 1424 928 1503 deos,
961 1425 1020 1488 ita
1055 1446 1095 1489 se
1129 1429 1374 1503 mactarent,

218 1532 554 1616 quemadmodum
588 1533 676 1616 ipse
711 1553 852 1613 agnum
885 1538 1122 1610 mactasset,
1162 1539 1201 1599 et
1233 1552 1376 1597 secun·

218 1640 308 1704 dum
342 1640 627 1724 precationem
661 1646 785 1724 caput
818 1641 987 1723 pecudis
1022 1659 1117 1704 saxo
1152 1639 1284 1721 elisit,
1317 1639 1375 1705 ubi

218 1769 312 1812 nemo
335 1769 409 1826 non,
438 1747 524 1812 unde
548 1753 656 1812 ortum
679 1749 724 1812 sit
745 1753 793 1825 et,
818 1747 916 1812 videt.
968 1747 1141 1812 Geminum
1163 1747 1242 1812 huic
1263 1747 1374 1813 mendi

218 1856 342 1938 origine
366 1863 427 1934 est,
457 1855 545 1937 quod
568 1855 623 1934 IV,
655 1860 682 1931 l,
715 1856 926 1934 dratinetur,
957 1861 1142 1920 correctum
1165 1855 1244 1920 olim
1265 1857 1301 1920 in
1324 1855 1375 1921 ed.

219 1963 441 2032 Frobeniana:
465 1962 559 2027 Tum
583 1961 617 2027 C.
643 1961 866 2029 Canuleius
888 1983 1017 2047 pauca
1039 1964 1080 2027 in
1105 1970 1252 2029 senatu
1273 1965 1375 2029 roci·

216 2069 387 2149 feratus,
398 2091 652 2152 --nunquam
670 2070 996 2136 eoa—dilectum
1013 2070 1244 2149 habituros,
1264 2079 1376 2137 antc-

217 2197 331 2261 quam
353 2179 559 2262 -.plebes
588 2180 802 2256 scivisset,
833 2159 1117 2243 et'confestim
1146 2179 1194 2242 ad
1217 2180 1375 2244 contio-

217 2306 303 2351 nem
333 2285 559 2351 advocavit.
610 2287 647 2366 V,
672 2290 722 2365 25,
746 2291 765 2350 8
790 2284 997 2368 (Matronae
1019 2323 1064 2332 -
1086 2287 1283 2352 communi
1306 2287 1375 2352 de-

217 2400 329 2458 creto
360 2392 562 2477 pollicitae
584 2429 627 2438 -—
650 2415 787 2459 aurum
817 2401 856 2459 et
879 2395 1013 2459 omnia
1036 2401 1280 2461 ornamenta
1302 2415 1377 2460 sna

218 2503 259 2566 in
298 2502 483 2565 ararium
523 2501 777 2583 detulerunt)
817 2524 916 2584 quum
957 2502 990 2565 in
1030 2523 1194 2569 concursu
1233 2501 1377 2568 duorum

217 2611 479 2701 accusativorum
502 2630 567 2674 non
590 2610 917 2699 animadverteretur,
941 2609 1082 2675 alterum
1099 2609 1142 2675 ad
1164 2609 1376 2694 pollicitae,

220 2717 362 2782 alterum
391 2717 433 2781 ad
455 2717 696 2782 detulerunt
718 2720 883 2801 pertinere
908 2717 984 2800 (vid.
1009 2741 1040 2801 p.
1068 2715 1157 2799 12'0),
1186 2718 1302 2783 addita
1324 2725 1377 2783 est

219 2826 345 2909 copula.
380 2824 484 2903 XXII,
511 2829 559 2903 16,
585 2829 603 2888 7
627 2846 725 2908 prave
750 2827 928 2908 separatim
951 2824 1020 2889 haec
1039 2831 1222 2909 ponuntur:
1246 2825 1377 2890 Faces

217 2934 399 3017 undique
429 2954 474 2996 ex
503 2934 610 3015 agris
640 2933 825 2998 collectae
848 2933 1064 3015 fascesque
1088 2968 1128 2978 -—
1152 2932 1261 2998 aridi
1284 2953 1376 2998 sar-

216 3043 355 3122 menti,
390 3048 548 3124 tanquam
582 3040 622 3104 de
657 3040 849 3106 collectione
883 3041 993 3105 laeum
1025 3049 1143 3123 agatur
1170 3062 1209 3106 ac
1238 3063 1303 3107 non
1332 3041 1376 3107 de

216 3170 293 3226 usu,
323 3155 394 3212 turn
418 3148 565 3227 additur,
594 3155 721 3213 mutato
745 3156 906 3233 tempore,
936 3148 1286 3233 praeliganturque
1309 3155 1375 3214 cet.

216 3257 384 3320 Particula
407 3276 515 3320 errore
540 3255 654 3319 addita
677 3263 742 3333 est,
778 3258 866 3339 quod
895 3258 1014 3341 saepius
1042 3258 1077 3320 in
1099 3257 1124 3320 P
1147 3256 1272 3322 factum
1301 3276 1377 3323 esse

217 3364 346 3428 ostendi
381 3384 482 3446 supra
515 3386 546 3446 p.
582 3367 653 3427 208.
715 3363 847 3427 Nullam
886 3366 950 3429 nisi
984 3364 1086 3442 hanc,
1126 3385 1226 3448 quam
1259 3385 1376 3448 arguo,

216 3472 408 3555 suspicionis
432 3492 562 3536 cansam
587 3471 689 3536 habet
705 3470 803 3550 XXV,
827 3476 877 3549 39,
901 3476 920 3535 2
945 3471 1106 3553 (ceterae
1129 3466 1375 3555 copiae—ad

216 3581 428 3663 proximos
457 3579 601 3643 hostes
630 3580 758 3644 ductae
788 3586 839 3657 et,
870 3599 986 3663 quum
1015 3617 1057 3625 -
1080 3586 1231 3659 essent,
1260 3580 1377 3646 velut

217 3688 257 3750 in
281 3694 509 3751 anacastra
533 3724 575 3731 —-
598 3687 894 3770 penetravere),
923 3687 1040 3766 XXVI,
1069 3692 1118 3768 38,
1148 3693 1167 3751 7
1191 3688 1378 3770 (multum

217 3816 264 3860 ac
288 3796 355 3860 diu
380 3800 601 3859 cunctatus
624 3801 663 3859 et
685 3802 767 3859 turn
790 3794 1216 3881 quoque—appellat),
1239 3795 1379 3877 XXVII,

247 3967 447 3975 ...οφ-...ὴ

285 4083 389 4119 novum
422 4065 578 4118 subiectum
605 4065 758 4133 undiquc
785 4084 914 4132 ornnea;
946 4067 1036 4135 magis
1063 4067 1148 4120 etiam
1175 4066 1381 4124 distrahuntur

286 4151 411 4203 membra
437 4168 487 4219 per
514 4157 680 4217 ceterum,
708 4150 803 4204 multia
831 4156 896 4204 ante
928 4152 1083 4206 interiectis
1112 4150 1230 4219 (XXIV,
1257 4155 1301 4221 46,
1334 4157 1380 4209 12:

286 4234 414 4302 Quibus
447 4253 657 4303 nequaquam
689 4235 848 4289 offensus
875 4236 1022 4302 Poenus,
1051 4238 1130 4306 quia
1156 4266 1190 4276 -
1217 4238 1379 4296 venden-

287 4320 402 4388 diqne;
421 4325 574 4374 ceterum
593 4317 668 4387 cett]
