2994 5108
629 473 692 536 285
1070 489 1133 545 Lib.
1151 489 1238 545 XXII.

80 650 309 744 obtorpuit)
344 680 452 744 neque
486 657 676 742 singularis,
713 657 771 723 ubi
804 659 918 742 plures
952 658 1094 726 effodere
1123 661 1238 727 iuben·

80 772 146 832 tnr.
207 766 292 833 Edd.
321 773 400 832 vett.
430 766 736 851 obtorpuerint,
768 765 979 832 scribendum
1013 768 1238 852 obtorpue-

79 880 186 941 runt.
231 873 390 957 (1862.)¹)

166 979 267 1067 *Cep
296 988 331 1062 4,
364 987 400 1046 4:
434 981 663 1046 Flaminius
697 1015 741 1027 -·
769 980 812 1045 id
850 986 1006 1048 tantum
1044 982 1237 1065 hostium,

79 1090 188 1172 quod
210 1111 257 1156 ex
279 1090 452 1156 adverso
474 1095 572 1168 eret,
596 1090 824 1172 conspexit,
847 1087 895 1153 ob
919 1095 1037 1172 tergo
1054 1111 1100 1155 ec
1117 1112 1238 1175 super

81 1204 206 1283 ceput
232 1199 414 1283 deeeptae
442 1196 610 1262 insidiae.
668 1195 722 1261 Sio
745 1199 778 1260 in
802 1195 971 1262 codicibus
995 1198 1161 1278 scribitur,
1184 1221 1238 1264 ex·

80 1312 181 1391 cepta
200 1307 299 1373 unius
321 1311 356 1371 et
377 1304 515 1390 ulterius
536 1304 758 1369 recentissimi
780 1303 844 1369 levi
866 1303 1091 1387 aberratione3
1115 1328 1155 1372 ex
1174 1329 1238 1391 quo

81 1412 169 1498 qnod
180 1413 312 1498 Lipsius
334 1412 414 1478 iecit
435 1410 646 1495 decepere,
669 1432 776 1494 neque
799 1391 920 1476 erroris
942 1411 1124 1495 probabilis
1147 1417 1238 1498 origo

82 1520 303 1587 demonstrari
331 1525 443 1604 potest
469 1539 575 1602 neque
604 1518 797 1602 decipere
819 1539 965 1603 unquam
987 1521 1021 1583 in
1044 1542 1144 1603 prose
1165 1542 1238 1587 orn-

81 1629 170 1695 tione
193 1634 245 1695 est
266 1627 421 1707 fellere,
448 1626 589 1705 lutere,
612 1633 766 1689 λανθάνων.
815 1626 988 1704 Quodnam
1009 1627 1116 1694 lateat
1136 1631 1239 1712 perti-

82 1737 219 1821 cipiurn,
254 1737 288 1801 in
316 1757 381 1820 quo
412 1732 610 1817 significatio
640 1755 717 1799 non
747 1733 1124 1800 animadversurum
1150 1737 1238 1815 insit,

79 1842 218 1910 difficile
241 1850 292 1909 est
314 1845 415 1908 dictu.
464 1842 548 1907 Nem
569 1841 729 1906 reliotae
752 1841 882 1924 longius
905 1841 984 1907 abit.
1032 1841 1159 1926 [Nuper
1181 1844 1238 1907 alii

76 1947 189 2018 bend
212 1951 420 2035 dispeotee.
455 1948 536 2014 Mihi
558 1954 676 2032 postea
698 1948 844 2031 suspicio
867 1949 987 2014 oborta
1008 1955 1068 2029 est,
1091 1950 1238 2032 potuisse

73 2056 233 2139 Livium,
267 2060 324 2143 qui
345 2056 439 2136 XXI,
474 2061 524 2135 33,
559 2055 782 2140 tlpraeeunte
806 2057 950 2140 quodum
973 2056 1071 2123 modo
1092 2057 1238 2140 Vergilio

66 2165 154 2233 AEn.
179 2165 276 2245 VIII,
305 2165 361 2248 23)
384 2164 514 2230 velles
535 2183 801 2248 repercussas
825 2164 922 2244 dixit,
952 2185 1024 2248 quee
1048 2186 1163 2230 sonum
1186 2188 1237 2231 re·

56 2279 309 2357 percuterent,
339 2275 438 2338 etiam
468 2272 663 2354 deeeptus
691 2272 903 2355 perticipium
930 2272 1102 2337 brevitatis
1125 2273 1236 2342 studio

47 2396 160 2451 nove
190 2381 303 2447 dicere
333 2380 374 2445 de
395 2401 446 2460 re,
480 2399 552 2463 quae
585 2378 730 2462 decipiet
752 2399 814 2444 nec
837 2379 1121 2445 animadvertatur
1143 2387 1176 2446 et
1200 2382 1234 2446 in

42 2506 143 2575 qne
175 2487 298 2571 uliquis
331 2487 532 2571 decipietur,
565 2506 628 2551 uso
661 2506 754 2568 paene
782 2487 929 2570 poetico,
963 2488 1239 2571 quemadmodum

40 2595 222 2664 Ovidius
250 2595 349 2660 Trist.
372 2594 432 2674 IV,
468 2597 496 2672 l,
533 2597 572 2658 14
595 2593 693 2657 dixit:
722 2591 885 2659 fallitur
907 2594 1065 2660 ancillae
1089 2595 1239 2680 decipi-

35 2709 232 2787 turque
259 2703 378 2768 labor
400 2700 567 2784 (idemque
589 2707 623 2764 et
650 2699 798 2766 fellere
821 2701 1030 2784 laborem),
1058 2704 1239 2788 eodemque

35 2809 291 2880 referendum
314 2831 387 2875 esse
408 2810 443 2873 in
464 2808 557 2888 VIII,
587 2812 621 2888 7,
653 2812 706 2888 le,
737 2829 835 2891 quem
861 2807 970 2873 locum
992 2816 1091 2875 antea
1113 2813 1239 2876 coniec-

35 2925 158 2987 bmra
185 2922 408 2996 tentaveram,
441 2917 650 2999 specimen
682 2916 856 2980 virtutis
889 2915 1103 3000 deceptum
1135 2938 1240 2983 veno

35 3030 41 3095 ζ
65 3024 259 3108 megine
281 3025 459 3103 decoris,
488 3023 552 3087 hoc
574 3028 639 3101 est,
667 3023 702 3086 in
725 3043 789 3104 quo
813 3024 886 3106 quis
909 3023 1067 3106 deceptus
1090 3025 1133 3089 sit
1155 3045 1240 3090 veno

35 3132 245 3213 megine,
278 3153 345 3215 quo
366 3131 464 3196 modo
494 3129 582 3194 idem
606 3118 742 3194 Ovidius
766 3151 806 3195 ex
828 3130 923 3195 Pont.
946 3129 1000 3211 IV,
1031 3137 1059 3211 6,
1091 3136 1129 3195 15
1153 3132 1238 3197 oul-

35 3268 79 3312 >
103 3259 169 3305 sm
192 3237 408 3322 deceptum
430 3237 523 3316 dixit,
545 3239 580 3302 in
603 3257 702 3319 quem
724 3239 796 3320 quis
819 3237 975 3322 deceptus
997 3238 1211 3323 incideritP)

96 3472 139 3540 1)
155 3472 223 3544 Cep.
241 3477 267 3541 8,
285 3476 303 3528 9
320 3491 378 3528 non
396 3474 525 3544 expletur
542 3474 645 3529 leoune
662 3492 720 3528 uno
738 3475 824 3528 verbo
843 3473 1010 3528 dedisset.
1048 3474 1144 3544 Neque
1163 3478 1238 3530 enim

152 3558 249 3614 Livius
266 3559 438 3614 I'lnminium
455 3560 622 3627 induxisset,
640 3563 792 3629 postquem
810 3575 840 3612 se
857 3575 892 3613 ex
909 3560 1026 3613 consilio
1045 3561 1239 3630 proripuisset,

154 3643 228 3713 opud
244 3661 294 3698 eos
311 3644 453 3712 homines,
476 3645 525 3713 qui
547 3643 666 3699 oonsilio
689 3660 747 3697 non
769 3641 957 3697 interfuerunt
975 3643 1019 3711 (-
1037 3647 1085 3713 qui
1102 3652 1240 3715 praeteree

153 3744 188 3783 ne
204 3730 293 3784 verbo
312 3729 427 3798 quidem
445 3727 642 3799 significentur
658 3728 716 3796 -),
743 3728 901 3783 orationem
924 3728 959 3782 ab
978 3729 1022 3782 his
1039 3730 1145 3784 verbis:
1172 3731 1238 3784 imo

156 3811 328 3867 sedeamus
346 3813 512 3881 ordientem,
531 3813 680 3881 inquibus
698 3813 774 3879 imo,
793 3830 847 3880 quo
866 3811 1009 3880 referetur,
1029 3815 1197 3868 nonhabet.

61 3889 144 3957 ⁹)
157 3893 188 3951 In
204 3900 368 3952 transcursu
386 3898 488 3967 dicum,
506 3897 584 3968 opud
600 3897 749 3966 Polybium
767 3897 821 3965 III,
843 3900 889 3965 83,
913 3901 931 3952 4
947 3898 978 3952 in
995 3899 1095 3952 herum
1113 3899 1239 3967 ipserum

155 3979 319 4037 insidiarum
336 3983 537 4053 descriptione,
554 3999 607 4052 pro
625 3984 689 4036 κατὰ
707 3985 794 4048 ταύτην
812 3984 853 4049 τὴν
872 3991 962 4037 utemur
980 3983 1138 4037 ecodioum
1153 3981 1238 4050 (DEF

157 4066 229 4137 opud
250 4067 422 4135 Bekkernm)
443 4067 574 4137 vestigiis
596 4067 648 4134 (καὶ
668 4066 766 4134 ταύτην)
790 4066 970 4122 scribendum
991 4083 1063 4120 esse:
1090 4071 1142 4122 καί
1165 4069 1238 4133 αὐτὴν

156 4154 194 4218 τὴν
212 4161 309 4207 aeota
349 4153 434 4221 Apud
451 4152 563 4206 Livium
586 4170 609 4208 o.
628 4155 660 4219 ⁷,
682 4155 712 4219 4,
734 4152 783 4206 nbi
806 4169 881 4206 nnnc
902 4153 933 4206 in
950 4150 995 4204 Po
1012 4156 1157 4220 repertum
1182 4155 1237 4205 est:

155 4237 243 4293 nihil
261 4243 395 4293 anetum
413 4238 481 4305 (non
498 4237 670 4304 baustum)
688 4254 727 4290 ex
744 4254 829 4291 veno
848 4222 960 4304 v'elim,
978 4252 1045 4290 vers
1062 4234 1238 4289 eetWelchii

156 4322 319 4377 coniectura
340 4327 476 4378 unctum
498 4322 656 4378 scribentis.
695 4321 825 4377 Hebebnt
848 4326 876 4375 et
894 4322 984 4375 altere
1000 4319 1088 4386 fame,
1112 4336 1167 4388 qus
1184 4336 1235 4372 nu·
