2994 5108
233 504 415 560 manvi.
781 491 843 553 390

234 678 365 760 pondo
396 684 548 760 patera
572 697 717 755 aureae,
747 674 810 739 nisi
833 673 923 757 quod
944 669 998 735 bic
1019 661 1190 752 praecedit,
1219 657 1308 741 quod
1331 677 1391 739 ap-

234 786 376 869 ponitur,
401 792 434 850 et
457 786 590 869 pondo
613 790 754 868 utroque
777 783 849 848 loco
871 803 932 864 pro
953 777 1070 843 librae
1093 769 1227 858 pondo
1251 766 1391 846 dicitur3

235 893 417 977 eodemque
440 893 537 958 modo
561 893 650 976 apud
672 893 760 957 Fest.
784 913 813 955 v.
838 890 1030 955 trientem
1053 881 1224 948 scribitur:
1252 877 1392 942 Trien-

233 1006 311 1066 tem
341 1001 506 1065 tertium
537 1000 669 1083 pondo
699 1019 888 1065 coronam
912 1012 1074 1062 auream
1097 987 1271 1056 dedisse.
1322 983 1391 1053 lta·

235 1130 298 1191 que
327 1110 458 1173 minime
485 1107 711 1191 imprudenter
741 1127 797 1172 eos
819 1105 936 1170 fecisse
958 1101 1086 1180 iudico,
1120 1097 1176 1181 qui
1204 1101 1282 1160 ante
1307 1092 1391 1159 Gro-

233 1217 376 1295 novium,
395 1216 735 1295 unalitteramntata,
748 1215 961 1297 scripserant:
980 1210 1096 1275 librae
1113 1205 1236 1271 ferme
1255 1223 1390 1271 omnes

232 1323 374 1407 pondo.
408 1323 567 1388 Varronis
590 1323 698 1389 locum
720 1330 809 1388 recte
828 1319 1022 1405 Spengelius
1040 1314 1233 1393 emendavit,
1258 1314 1390 1380 sublato

235 1437 366 1509 erant,
401 1437 439 1495 ut
473 1453 586 1497 asses
620 1431 754 1496 libras
788 1429 922 1514 pondo
950 1426 1094 1512 pendeat
1121 1448 1141 1492 a
1169 1424 1390 1505 ponebant.

232 1538 330 1622 Apud
360 1539 499 1604 Paulum
528 1538 664 1605 Ursinus
692 1546 786 1605 ,reete
823 1537 1080 1622 transpositione
1114 1554 1195 1598 usus
1222 1538 1290 1613 est,
1325 1533 1391 1598 uisi

234 1645 322 1730 quod
345 1647 498 1729 singuli
521 1647 655 1712 libras
679 1647 811 1730 pondo
828 1644 1034 1711 retinendum
1053 1650 1133 1722 erat,
1156 1663 1222 1707 uon
1239 1642 1390 1712 libram

233 1755 430 1838 ponendum,
455 1776 516 1822 nec
538 1755 726 1821 addendum
748 1760 891 1819 autem.

322 1861 399 1947 Cap.
425 1869 475 1943 51,
503 1868 534 1928 1:
559 1863 700 1947 Scipio
722 1862 886 1927 Laelium
909 1897 952 1907 —
975 1860 1069 1926 data
1091 1862 1390 1946 quinquereme

233 1973 500 2056 captivisque
528 1971 695 2055 Magone
729 1979 769 2037 et
804 1968 1152 2052 quindecimfere
1181 1975 1390 2040 senatori·

233 2079 323 2159 bus,
353 2082 420 2165 qui
450 2080 569 2145 simul
598 2101 683 2146 cum
711 2100 756 2144 eo
785 2079 899 2162 capti
927 2086 1062 2159 erant,
1092 2080 1132 2143 in
1155 2099 1295 2148 navem
1318 2086 1389 2150 im·

233 2188 396 2271 positis,
419 2189 608 2254 nuntium
630 2188 813 2253 victoriae
836 2187 994 2251 Romam
1017 2188 1155 2252 mittit.
1199 2188 1284 2256 Mire
1308 2191 1389 2259 dici:

234 2297 411 2379 captivis
435 2298 566 2379 —qui
596 2297 707 2379 capti
736 2302 867 2373 erant,
898 2294 1184 2361 Weissenboruius
1207 2301 1315 2366 sensit
1342 2301 1391 2385 (si

233 2404 394 2486 captivo
418 2403 585 2486 Magone
607 2405 719 2469 Livius
741 2404 942 2487 scripsisset,
972 2424 1247 2486 supervacaneum
1275 2416 1390 2477 tamen

233 2510 430 2576 vocabulum
451 2512 555 2595 primo
578 2512 660 2592 loco,
689 2512 786 2595 quasi
808 2511 841 2575 in
864 2533 903 2576 eo
926 2511 1056 2594 pondus
1078 2519 1173 2591 esset,
1195 2521 1391 2607 posuisset).

233 2618 383 2699 Accedit,
420 2621 509 2703 quod
536 2620 706 2704 Appianas
742 2618 842 2701 (lber.
874 2620 928 2701 23)
957 2620 1077 2703 praeda
1104 2630 1234 2705 partem
1261 2637 1310 2692 rut
1337 2642 1392 2698 rar

233 2731 397 2806 εἰλημμένων
430 2738 497 2790 νεὼν
526 2730 663 2794 Romam
697 2729 833 2793 missam
866 2727 989 2793 scribit.
1046 2728 1089 2794 Et
1122 2752 1222 2796 unam
1255 2739 1392 2821 quidem

233 2837 502 2919 quinqueremem
524 2838 606 2901 satis
629 2835 784 2919 Polybius
807 2842 920 2901 tuetur
943 2836 1002 2917 (X,
1035 2843 1088 2916 19,
1116 2839 1160 2920 8),
1190 2845 1255 2908 etsi
1278 2845 1393 2915 Livius

231 2943 316 3008 libro
351 2947 500 3028 proximo
535 2966 561 3008 c,
587 2949 604 3007 7
635 2968 655 3010 a
683 2965 717 3008 sc
746 2943 941 3010 dissentiens
972 2946 1107 3011 Laelium
1137 2967 1211 3013 cum
1239 2952 1392 3035 pluribus

233 3052 371 3117 navibus
406 3053 543 3118 Romam
572 3054 699 3117 venisse
729 3052 859 3132 scribit,
889 3054 945 3117 sed
974 3055 1065 3119 illam
1094 3078 1110 3120 e
1140 3059 1247 3140 captis
1277 3060 1392 3143 fuisse,

233 3161 338 3241 ipsam
365 3163 511 3226 victoriae
539 3161 692 3238 indicem,
722 3159 871 3243 Appiano
895 3162 1071 3239 credimus,
1101 3164 1255 3248 idemque
1280 3169 1391 3237 Livius

233 3267 334 3344 dicet,
374 3278 500 3334 remoto
542 3268 637 3333 simul
672 3270 830 3333 orationis
865 3271 958 3349 uitio,
1001 3273 1027 3334 si
1063 3273 1110 3335 sic
1143 3273 1390 3356 scripserimus:

233 3375 330 3439 data
359 3377 651 3459 quinquereme
680 3379 899 3460 ccaptivis
929 3386 1040 3455 atque
1063 3379 1233 3462 Magone
1264 3392 1304 3450 ct
1327 3385 1390 3451 XV

232 3479 317 3545 fere
341 3484 617 3563 senatoribus,
647 3485 714 3567 qui
736 3520 779 3530 —
803 3488 913 3568 capti
937 3494 1061 3566 erant,
1090 3489 1131 3551 in
1153 3510 1297 3556 navem
1319 3494 1392 3559 im·

233 3590 384 3670 positis
415 3600 474 3655 cet.
532 3592 639 3668 Quum
667 3610 683 3653 c
714 3595 902 3675 praepositio
930 3594 1052 3660 hausta
1081 3604 1167 3660 esset
1197 3597 1239 3662 ob
1270 3622 1393 3683 praece·

233 3697 364 3762 dentem
387 3699 541 3776 litteram,
567 3700 726 3781 scriptum
749 3708 800 3765 est
823 3723 896 3782 que
919 3724 978 3785 pro
1002 3711 1137 3787 atque.
1173 3701 1393 3789 Captivam

232 3807 445 3888 pecuniam
466 3807 576 3871 Livius
597 3807 679 3870 dixit
696 3806 719 3886 1,
740 3812 789 3885 53,
811 3812 838 3888 3,
858 3813 1061 3893 captivum
1079 3833 1219 3894 agrum
1235 3813 1279 3894 11,
1298 3821 1351 3897 48,
1364 3819 1392 3895 2,

232 3933 340 3977 arma
358 3913 427 3992 Vll,
455 3919 502 3992 14,
528 3920 557 3992 7,
580 3914 635 3990 IX,
659 3919 710 3993 40,
735 3920 782 3995 15,
807 3917 923 3999 signa
941 3916 1011 3992 Vll,
1030 3921 1080 3996 37,
1103 3922 1151 3997 13,
1168 3923 1336 4004 navigia
1353 3923 1393 4004 X,

233 4024 261 4095 2,
288 4025 335 4098 la,
359 4044 483 4088 naves
507 4022 621 4098 XXVI,
645 4027 696 4099 47,
722 4027 749 4085 3.
