2994 5108
223 504 285 562 nro.
303 502 389 560 xnv.
440 470 443 476 ’
770 489 832 550 728

307 676 385 761 Cap.
409 680 460 756 26,
485 680 502 742 3
526 675 650 742 editur:
686 672 755 739 ubi
789 673 918 757 prima
950 671 1139 740 Phanota
1167 672 1205 737 ei
1228 669 1381 748 dedita,

133 792 313 863 (booltota
346 785 615 851 multitudine
650 805 735 849 cum
775 781 920 847 infulis
955 781 1115 848 obviem
1150 780 1293 846 effusa
1343 778 1381 844 In

221 895 333 961 codice
357 899 422 960 est:
446 888 588 959 dedita
609 892 853 958 totomnium
875 888 1194 955 multitudinem.
1240 886 1381 953 Videtur

219 1001 339 1068 latere:
380 1001 581 1081 deditast,
616 1001 720 1067 omni
759 997 1027 1064 multitudiue
1061 1006 1122 1063 cet.
1180 996 1230 1060 Ex
1264 995 1380 1072 omni,

220 1118 378 1196 sequente
401 1131 441 1186 n,
464 1118 580 1174 uatum
602 1109 786 1175 omnium.
823 1104 887 1172 Sed
909 1106 973 1172 hoc
993 1106 1064 1172 leve
1088 1114 1156 1185 est3
1180 1104 1265 1170 illud
1282 1101 1382 1187 paulo

220 1219 359 1302 gravius,
392 1213 482 1300 quod
516 1220 661 1280 extremo
697 1216 805 1299 capite
830 1213 861 1297 (ἓ
887 1218 940 1295 15)
970 1236 1105 1300 prorsus
1141 1232 1309 1298 perverse,
1343 1217 1379 1276 ut

218 1324 300 1390 mihi
339 1325 472 1410 quidem
510 1323 655 1399 videtur,
696 1322 869 1389 scribitur:
909 1323 1010 1389 Inde
1041 1324 1082 1388 in
1116 1329 1201 1388 tres
1235 1325 1382 1405 partes

219 1431 269 1515 (L.
293 1432 442 1510 Anicius)
464 1430 680 1514 Illyricum
703 1429 861 1510 divisit3
895 1453 1015 1497 unam
1038 1453 1121 1497 eam
1142 1429 1267 1508 fecit,
1297 1447 1380 1511 qua

220 1561 346 1624 supra
369 1539 480 1605 dicta
503 1547 581 1618 est;
605 1540 776 1604 alteram
799 1539 1007 1606 Labeatas
1031 1560 1181 1617 omnes3
1205 1538 1379 1602 tertiam

219 1649 495 1731 Agrauonitas
519 1657 559 1714 et
581 1647 822 1713 Rhizonitas
851 1654 890 1714 et
919 1647 1152 1714 Olciniatas
1186 1643 1379 1711 accolas·

220 1777 293 1839 que
316 1776 461 1821 eorum.
506 1755 606 1821 Nulla
640 1758 725 1820 enim
749 1778 828 1841 pars
850 1778 974 1841 supra
1008 1757 1118 1822 dicta
1148 1761 1225 1834 est,
1254 1752 1314 1818 sed
1336 1750 1376 1816 de

219 1863 372 1929 omnibus
395 1863 514 1948 Illyriis
548 1863 673 1929 dictum
707 1866 904 1948 proprieque
939 1864 1091 1947 quaedam
1124 1864 1164 1929 de
1198 1860 1380 1936 nonnullis,

218 1973 320 2038 etiam
354 1971 394 2038 de
426 1973 484 2052 iis,
518 1973 574 2057 qui
602 1974 636 2037 in
664 1974 766 2038 tertia
795 1980 979 2059 ponuntur,
1012 1972 1151 2038 adiecta.
1196 1971 1236 2035 In
1265 1968 1381 2035 codice

219 2079 388 2145 scribitur:
423 2101 546 2164 supra
580 2079 731 2144 dictam
766 2088 834 2146 est.
882 2082 993 2146 Livius
1027 2081 1201 2166 scripsisse
1230 2078 1380 2142 videtur:

219 2209 303 2273 quae
326 2209 450 2273 supre
472 2189 588 2251 lesan
611 2192 682 2253 est.
718 2188 800 2254 Pers
824 2190 1093 2274 septentrionalis
1116 2186 1240 2272 lllyrici
1262 2185 1307 2250 ab
1330 2184 1380 2248 in·

218 2296 289 2361 sula
315 2297 408 2362 litori
430 2296 562 2363 obiecta
590 2294 811 2379 significatur;
845 2319 968 2382 supra
999 2305 1110 2363 autem
1132 2316 1198 2361 non
1223 2301 1294 2359 tam
1318 2313 1379 2376 pro

216 2404 328 2469 ultra
350 2404 468 2487 (magis
491 2404 534 2468 ad
557 2406 832 2489 septentrionem)
856 2405 923 2471 dici
945 2405 1077 2471 videtur
1100 2426 1199 2489 quam
1231 2403 1272 2466 de
1301 2421 1380 2465 con·

217 2513 350 2589 tinenti,
379 2513 413 2576 in
446 2531 546 2594 quam
578 2533 599 2576 a
625 2513 723 2577 litore
746 2514 864 2578 insulse
892 2514 1043 2598 proximo
1078 2512 1272 2598 ascenditur
1302 2507 1378 2590 (eut

218 2619 276 2684 der
298 2618 391 2684 Hdhe
414 2641 477 2685 rou
499 2619 596 2699 Issa).
630 2621 794 2704 quomodo
818 2628 851 2687 et
875 2621 979 2687 Graeci
1007 2628 1076 2701 ὑπὲρ
1105 2620 1220 2686 dicunt
1251 2626 1285 2683 et
1308 2615 1374 2681 Pli·
1450 2705 1453 2709 Ι

217 2728 290 2792 nius
313 2727 352 2791 H.
371 2727 410 2791 N.
435 2727 584 2799 XXXIII,
610 2732 637 2797 7,
664 2734 724 2792 114
747 2728 882 2810 (citatus
899 2731 1004 2794 iama
1027 2728 1159 2793 Dulrero
1184 2727 1228 2791 ad
1253 2725 1371 2803 XLIII,

217 2841 267 2907 21,
292 2838 340 2916 tl:
367 2859 489 2919 supra
512 2835 717 2919 Ephesum
734 2844 767 2901 et
785 2838 854 2921 ipse
872 2837 939 2902 fere
957 2838 1067 2902 Livius
1088 2837 1224 2918 (XXIII,
1250 2840 1300 2909 32,
1325 2836 1376 2915 tl:

217 2967 343 3030 supra
367 2944 619 3011 Suessulam.

302 3054 380 3137 Cap.
406 3057 456 3119 27.
482 3058 499 3116 5
524 3053 595 3131 (ubi
625 3051 665 3115 de
690 3051 723 3115 L.
749 3051 843 3116 Pauli
869 3074 928 3135 per
950 3052 1113 3116 Graeciam
1148 3053 1269 3116 itinere
1300 3072 1376 3115 nar·

214 3163 300 3227 ratio
324 3161 452 3244 incipit)
477 3161 687 3243 Kreyssigius
712 3168 744 3223 et
769 3160 1058 3225 Weissenbornius
1082 3160 1245 3237 codicem,
1269 3161 1375 3224 miuu-

212 3270 289 3334 tulis
314 3269 480 3333 erroribus
504 3269 663 3352 exceptis.
688 3270 792 3331 secuti
816 3270 861 3332 sic
895 3271 1114 3351 scripserunt:
1150 3269 1373 3333 Auctumni

213 3375 299 3440 fere
324 3388 480 3459 tempus
503 3384 600 3442 eret.
625 3377 740 3440 cuius
765 3379 962 3460 temporis
982 3378 1104 3440 iuitio
1129 3376 1177 3439 ad
1200 3377 1375 3440 circum-

214 3484 388 3547 eundam
436 3483 634 3547 Grreciem
681 3484 958 3568 visendaque,
1005 3507 1090 3568 quse
1135 3483 1376 3548 nobilitata

212 3590 319 3655 fama
337 3593 490 3654 maiore
516 3591 687 3655 auribus
709 3600 882 3676 accepta
899 3604 994 3657 sunt
1014 3614 1132 3674 quam
1152 3591 1292 3656 oculis
1311 3614 1375 3656 no·

214 3710 398 3765 sciuntur.
429 3707 472 3763 ut
497 3701 668 3764 statuit.
693 3702 919 3782 prrepesito
943 3702 1097 3764 castris
1122 3699 1154 3763 C.
1182 3699 1374 3783 Sulpicio

214 3806 346 3872 Gallo.
370 3806 584 3889 profectus
608 3827 693 3870 cum
716 3807 824 3871 haud
846 3829 990 3890 magno
1014 3809 1212 3872 comitatu
1236 3829 1375 3890 -per

212 3914 468 3977 Thessaliam
510 3913 695 3996 Delphos
737 3916 854 3998 petit.
908 3915 1050 3979 Multum
1091 3936 1125 3979 se
1161 3909 1374 3999 Kreyssigius

212 4029 360 4103 torquet3
384 4022 426 4085 ud
450 4031 633 4085 extremum
651 4018 768 4086 'tamen
792 4032 880 4087 recte
905 4025 1059 4106 coniungi
1083 4030 1195 4106 putat:
1222 4024 1272 4088 ad
1296 4027 1373 4088 ctr-

280 4298 362 4339 rent.
400 4287 470 4341 Nam
499 4306 577 4357 pars
607 4290 800 4357 legatorum
819 4290 935 4345 Romae
960 4292 1131 4346 substitit
1150 4293 1304 4347 Livinuum
1323 4301 1372 4356 est

280 4388 357 4437 psrs
375 4399 409 4408 —
428 4375 598 4431 substitit.
618 4392 698 4442 qum
723 4394 797 4444 quae
821 4388 1024 4444 egerentur,
1049 4379 1173 4443 sciret,
1197 4397 1259 4434 uon
1283 4379 1373 4433 Lisia·

279 4471 352 4508 num.
393 4458 475 4525 1564]
