2994 5108
205 505 267 559 011.
286 504 333 558 rx.
751 491 811 551 218

205 679 394 761 spatium.
441 677 514 742 Etsi
530 677 621 763 ordo
644 675 697 739 1110
720 675 894 740 verborum
917 675 1227 759 longinquitate
1250 681 1362 758 pote·
1389 759 1395 767 ·

208 791 292 850 stas
316 786 526 850 dominans
549 805 609 869 per
632 806 668 848 se
691 783 878 848 defenditur
901 785 949 862 iis,
975 804 1047 867 quae
1071 782 1252 861 1111111111,
1282 787 1311 861 2,
1342 786 1361 848 9
1401 806 1405 813 ·

204 895 368 973 dicentur,
408 900 519 958 tamen
552 891 690 957 offendit
723 893 757 956 in
778 891 841 956 hac
871 892 1094 975 copulatione:
1130 892 1360 974 quinquen·

203 1001 314 1066 nalis
355 1018 529 1066 censura
568 1007 606 1065 et
646 1000 960 1082 longinquitate
1000 1005 1192 1083 potestas
1232 999 1361 1066 domi·

203 1131 319 1189 naus3
350 1109 408 1174 sed
438 1110 541 1174 multo
570 1109 675 1191 magis
704 1106 841 1173 offendit
870 1109 944 1192 ipsa
970 1107 1040 1172 11100
1062 1108 1139 1173 0011
1162 1107 1362 1172 substantivi

203 1238 263 1301 per
287 1216 438 1301 copulam
462 1217 619 1282 adiectio:
644 1236 856 1281 censuram
878 1223 917 1280 et
933 1222 1245 1299 —potestatem
1286 1215 1361 1280 Non

202 1326 332 1406 dubito,
367 1326 445 1410 quin
470 1325 581 1389 Livius
616 1325 802 1408 scripserit:
838 1331 877 1388 et
909 1324 1215 1407 longinquitate
1248 1328 1360 1404 pote-

201 1433 320 1496 slalls
354 1434 640 1512 dominantem,
676 1432 846 1514 genetivus
876 1439 987 1496 autem
1016 1432 1058 1498 ob
1088 1432 1361 1498 dominantem

201 1549 348 1607 mutatus
383 1542 440 1620 sit,
474 1542 538 1604 nisi
567 1539 645 1605 fuit:
680 1541 1023 1624 quinquennalem
1057 1559 1287 1619 censuram,
1321 1547 1361 1605 et

200 1650 511 1732 longinquitate
552 1654 588 1710 ct
628 1654 839 1732 potestate
881 1648 1168 1714 dominantem.
1225 1647 1360 1729 (18111.)

205 1757 311 1840 [Idem
334 1756 486 1822 Creverio
509 1753 639 1837 visum]

287 1864 366 1949 Cap.
391 1869 441 1943 34,
465 1868 520 1928 20:
555 1885 599 1929 eo
621 1864 756 1930 lustro
780 1900 822 1910 —
844 1886 930 1948 quo,
959 1864 1169 1929 demortuo
1198 1863 1361 1947 collega

202 1973 236 2038 O.
261 1974 369 2037 Iulio
400 1993 586 2052 censore,
619 1971 654 2036 L.
679 1971 872 2057 Papirius
902 1971 1052 2038 Cursor
1079 2008 1123 2019 —-
1148 1972 1192 2036 M.
1216 1971 1361 2039 Corne·

201 2083 298 2146 lium
328 2081 652 2163 Maluginensem
689 2080 887 2163 collegam
916 2080 1171 2163 subrogarit.
1227 2081 1272 2147 Et
1301 2102 1362 2164 per

201 2211 235 2255 se
264 2211 383 2274 parum
412 2195 488 2272 apte
520 2189 640 2253 dicitnr
677 2188 887 2253 demortuo
924 2187 1082 2272 collega
1108 2223 1152 2234 —-
1179 2209 1361 2269 censore,

200 2299 383 2381 praesertim
407 2304 566 2380 sequente
587 2295 717 2361 demum
734 2298 804 2361 eius
821 2298 960 2377 nomine,
983 2298 1077 2362 cuius
1095 2297 1223 2380 collega
1239 2297 1362 2375 fuerat,

201 2412 235 2470 01
267 2407 438 2488 perinepte
472 2405 693 2487 demortuo·
719 2405 876 2487 collega
904 2441 947 2451 —
977 2405 1181 2488 collegam
1215 2405 1362 2471 subro-

201 2515 322 2596 garit.
368 2514 484 2596 Itaque
507 2513 603 2578 valde
627 2519 816 2596 suspectum
839 2512 1006 2597 collega.
1053 2512 1212 2595 (1861.)¹)

286 2620 365 2705 Cap.
391 2625 445 2699 39,
475 2625 493 2685 3
518 2627 602 2699 014,
631 2628 809 2704 postquam
831 2621 943 2686 Livius
967 2622 1003 2687 L.
1027 2622 1196 2705 Papirium
1220 2622 1363 2688 dictato·

198 2752 267 2794 rem
308 2737 341 2795 et
375 2728 409 2793 C.
443 2729 603 2792 Marcium
642 2729 810 2794 consulem
848 2730 956 2814 iisque
990 2731 1160 2814 oppositos
1195 2729 1363 2796 Samnites

199 2839 282 2902 dixit
306 2839 469 2920 quietos
494 2837 759 2920 aliquamdiu,
782 2858 854 2902 nec
879 2839 966 2904 suis
990 2838 1237 2903 diffidentes
1262 2840 1363 2904 riri·

198 2947 271 3011 bus
304 2967 377 3011 nec
405 2946 564 3009 hostem
594 2952 843 3028 spernentes,
873 2947 1028 3011 stativa
1055 2948 1095 3009 iu
1123 2946 1362 3030 propinquo

199 3054 408 3132 habuisse,
444 3052 553 3117 subito
588 3054 621 3116 10
650 3053 819 3118 Etruriam
848 3054 890 3118 ad
919 3075 1038 3136 resque
1067 3054 1115 3117 ibi
1143 3075 1163 3118 a
1192 3052 1229 3130 Q.
1253 3055 1361 3120 Fabio

199 3162 353 3226 Rulliano
387 3168 497 3243 gestas
531 3161 744 3234 traducimur,
780 3162 897 3226 deinde
932 3183 1001 3245 cap.
1037 3165 1079 3226 40
1113 3162 1155 3227 ad
1189 3162 1360 3229 Samnites

198 3270 343 3334 redimus
377 3290 436 3333 nec
471 3275 582 3333 tamen
615 3270 658 3332 ad
692 3290 782 3348 eum,
823 3290 921 3351 quem
954 3276 1126 3334 narratum
1159 3270 1360 3352 legeramus,

198 3397 308 3440 rerum
338 3382 475 3455 statum,
510 3376 568 3441 secl
596 3377 638 3441 ad
668 3378 765 3442 aliam
794 3398 974 3459 novamque
997 3377 1114 3442 faciem
1137 3377 1226 3442 belli.
1284 3379 1361 3457 Quo

200 3490 311 3547 autem
350 3484 422 3549 1000
457 3506 477 3548 1
512 3484 712 3549 Samnitibus
752 3486 794 3549 ad
827 3485 1005 3550 Etruscum
1044 3484 1167 3550 bellum
1207 3488 1361 3554 narratio

225 3687 248 3752 ¹)
267 3685 332 3755 Cap.
352 3689 397 3753 36,
421 3691 437 3740 2
455 3687 596 3756 indignor,
619 3706 653 3741 ue
672 3689 888 3742 commemorari
906 3690 1019 3758 quidem
1038 3707 1055 3742 1
1072 3689 1276 3743 recentissimis
1295 3689 1360 3744 edi·

267 3772 374 3824 toribus
401 3774 588 3827 necessariam
615 3773 672 3827 Iac.
696 3775 834 3827 Perizouii
862 3773 1088 3828 emendationem
1116 3772 1210 3841 (Tum
1237 3792 1278 3829 ex
1304 3775 1360 3843 iis,

266 3856 322 3925 qui
349 3857 510 3917 aderant,
539 3859 696 3912 consulis
724 3858 832 3913 frater
854 3889 888 3897 —
912 3878 984 3914 eum
1012 3859 1154 3914 Fabium
1179 3858 1359 3916 Caesonem

265 3943 339 4008 alii,
363 3942 392 3997 C.
413 3944 585 3997 Claudiurn
609 3945 760 4013 quidam,
788 3949 897 3999 matre
921 3945 1052 4011 eadem,
1081 3962 1146 4012 qua
1168 3945 1360 4011 consulem,

265 4028 420 4095 genitum
458 4031 601 4083 tradunt
632 4057 665 4066 —
693 4031 912 4099 speculatum
944 4049 978 4085 se
1011 4032 1141 4084 iturum
1173 4030 1360 4099 professus

265 4112 330 4178 001.)
354 4115 499 4182 tenerique
526 4117 612 4168 tacite
637 4132 697 4167 eam
722 4116 904 4183 scripturam,
932 4117 961 4168 in
985 4133 1052 4184 qua,
1080 4116 1141 4184 quis
1161 4115 1230 4183 quid
1248 4116 1359 4186 lecerit,

265 4198 423 4264 omittatur,
452 4207 596 4266 quaeratur
624 4207 718 4253 autem
746 4201 826 4267 quasi
852 4218 904 4269 per
932 4218 975 4267 se,
1003 4218 1059 4268 quo
1087 4202 1201 4255 nomine
1229 4204 1360 4258 consulis

264 4281 350 4335 frater
367 4281 459 4336 fuerit.
501 4285 542 4338 De
562 4302 621 4353 cap.
642 4288 686 4351 34,
713 4288 743 4338 12
766 4292 842 4340 recte
867 4287 1095 4355 interpungendo
1114 4286 1273 4340 admonit-io
1293 4306 1362 4345 mea

265 4367 310 4432 (ad
331 4366 386 4421 Cic.
406 4368 469 4422 Fin.
488 4387 515 4437 p.
536 4372 596 4436 270)
615 4370 710 4423 valuit.
