2994 5108
199 511 262 566 Lib.
280 510 394 566 XXVII.
747 501 810 563 394

199 691 377 762 venerat,
395 684 532 750 urbem
551 686 671 779 cepit,
689 684 791 748 utrix
803 685 889 748 inter
901 678 1358 764 quattuorquinquevelocos

111 808 184 877 (111)
202 813 303 856 unum
325 792 463 875 perlecti
487 793 671 876 exemplum
694 792 851 875 reperias.
885 788 983 873 Apud
1000 787 1126 852 Livium
1143 786 1205 865 his,
1228 789 1358 871 opinor,

198 898 281 964 locis
304 899 487 984 perlectum
509 902 542 964 in
565 901 628 965 hac
651 899 758 964 forma
779 899 959 981 reperitur:
982 895 1036 976 IV,
1056 882 1121 974 7⁸,3
1147 893 1357 976 (inierunt,

199 1007 256 1071 sed
280 1005 337 1089 §⁴1
364 1008 531 1074 condita
554 1008 666 1088 erat),
695 1006 843 1085 XXVIII,
876 1008 923 1083 16,
948 1009 987 1068 14
1011 1001 1211 1086 (accepit),
1235 1002 1358 1084 XXXI,

202 1120 250 1194 14,
274 1119 302 1193 2,
327 1115 474 1195 XXXVI,
499 1119 549 1195 39,
575 1127 602 1181 5.
653 1115 779 1181 Eadem
800 1115 886 1180 ratio
910 1120 970 1191 est,
994 1127 1094 1195 quum
1117 1109 1241 1175 dicitur
1263 1120 1360 1196 post

200 1223 336 1305 (intra)
361 1225 462 1289 diem
485 1225 671 1308 quintum
694 1244 817 1306 quam.
870 1220 965 1298 Quod
993 1220 1042 1286 ad
1069 1225 1145 1283 aute
1168 1218 1358 1286 Siciliam

200 1330 256 1394 alii
279 1331 352 1397 tolli
374 1331 497 1411 volunt,
527 1332 584 1397 alii
609 1352 682 1397 cum
704 1333 744 1395 in
765 1314 1005 1415 permutarunt,
1033 1327 1143 1392 nescio
1168 1347 1213 1391 an
1234 1335 1359 1395 neutro

200 1460 281 1522 opus
305 1442 357 1504 sit.
410 1439 548 1505 Videtur
570 1441 658 1505 enim
681 1439 791 1504 Livius
814 1438 955 1521 primum
977 1436 1130 1501 universe
1151 1457 1241 1501 mare
1265 1438 1360 1503 circa

200 1546 347 1612 Siciliam
370 1547 571 1630 siguificare,
601 1548 719 1613 deinde
741 1553 859 1631 portus
881 1545 1013 1609 nomine
1037 1542 1269 1627 (Lilybaeum
1292 1566 1361 1611 re·

198 1654 350 1737 rectus)
373 1657 413 1721 in
436 1656 581 1722 Siciliam
604 1662 795 1740 perventum
819 1651 1015 1736 significare.

285 1762 363 1848 Cap.
394 1768 428 1843 6,
465 1769 520 1829 15:
556 1762 591 1828 C.
616 1763 817 1830 Servilius
846 1757 1037 1844 pontifex
1065 1759 1200 1824 lactus
1228 1760 1269 1825 in
1297 1760 1360 1827 lo·

200 1891 287 1935 cum
316 1872 351 1936 T.
382 1871 551 1937 Otacilii
581 1871 735 1950 Crassi3
770 1871 823 1934 Ti.
859 1867 1120 1950 Sempronius
1154 1867 1207 1932 Ti.
1235 1867 1359 1935 filius

198 1978 358 2062 Longus
392 2001 518 2063 augur
549 1979 684 2045 factus
713 1980 752 2042 in
779 1978 912 2042 locum
940 1975 976 2040 T.
999 1974 1172 2041 Otacilii
1202 1973 1359 2042 Crassi.

200 2086 358 2153 Extrema
387 2088 488 2153 rerba
516 2087 665 2168 (factus
688 2122 732 2132 —
754 2085 906 2166 Crassi)
929 2083 1103 2148 manifesto
1128 2084 1244 2165 spuria
1266 2091 1358 2151 sunt.

198 2194 271 2259 Non
307 2195 412 2260 solum
452 2196 538 2260 enim
573 2215 732 2278 perquam
766 2192 968 2275 ineleganter
995 2191 1046 2257 bis
1076 2197 1259 2274 ponuntur,
1295 2192 1359 2258 sed

197 2303 442 2367 vitiosissimam
469 2302 591 2368 habent
620 2302 778 2368 orationis
805 2300 960 2379 formam,
990 2300 1085 2382 quasi
1115 2297 1181 2363 duo
1203 2299 1359 2367 homiues

197 2409 232 2471 in
261 2410 312 2472 sui
340 2411 478 2491 quisque
506 2411 647 2475 hominis
674 2410 784 2475 locum
807 2407 936 2473 suffecti
960 2408 1025 2471 sint
1047 2425 1087 2470 ac
1108 2427 1175 2472 non
1196 2407 1231 2471 in
1254 2410 1358 2475 unius

199 2522 348 2596 uterque.
393 2514 582 2582 Offenderat
605 2519 705 2583 etiam
728 2517 911 2599 Ussingius.
957 2513 1080 2595 (1663.)

285 2620 363 2706 Cap.
389 2629 417 2701 7,
443 2629 478 2688 3:
512 2625 552 2688 iu
575 2624 755 2704 Italiam,
784 2625 848 2688 vix
870 2621 1093 2687 Hannibali
1117 2629 1239 2704 atque
1262 2624 1355 2690 eius

199 2731 320 2794 armis
344 2731 649 2797 subsistentem,
707 2733 823 2809 Recte,
859 2731 993 2812 opinor,
1027 2730 1204 2795 Ascensius
1228 2733 1357 2797 armis

200 2837 482 2918 obsistentem,
508 2862 546 2905 ex
570 2862 634 2922 quo
658 2842 822 2921 geminato
844 2859 859 2900 s
881 2838 963 2902 illud
980 2846 1094 2902 uatum
1112 2839 1282 2903 contrario
1305 2861 1358 2904 er·

198 2965 271 3009 rore
306 2948 351 3025 ei,
392 2969 490 3030 quem
524 2949 635 3013 notari
663 2970 693 3030 p.
726 2950 797 3010 218.
826 2944 1094 3010 ,Subsistere
1128 2965 1203 3008 cum
1240 2947 1357 3015 dativo

198 3074 294 3119 nemo
322 3055 493 3119 meliorum
517 3055 615 3134 dixit,
644 3076 720 3119 uam
748 3056 781 3118 in
811 3052 952 3136 epistula
973 3052 1068 3117 Bruti
1098 3051 1187 3135 apud
1218 3052 1287 3119 Cic.
1315 3057 1360 3122 ad

74 3200 77 3204 -
199 3158 288 3225 Fam.
313 3162 373 3240 XI,
408 3167 459 3241 10,
489 3168 506 3226 5
531 3170 565 3227 11
588 3162 817 3227 subsistere
847 3168 880 3225 et
908 3161 1114 3226 absistere
1138 3182 1278 3242 pravum
1303 3172 1359 3229 est

199 3268 472 3351 scribendumque
509 3277 559 3335 est
594 3269 790 3334 sufficere
823 3269 1016 3352 sumptui;
1051 3266 1140 3350 apud
1171 3267 1356 3350 Tibullum,

201 3375 229 3438 si
262 3374 411 3440 Tibullus
446 3385 511 3455 est,
547 3377 606 3454 IV,
645 3382 677 3455 1,
719 3380 778 3440 195
815 3376 927 3441 solus
962 3375 1102 3439 densis
1142 3375 1359 3445 obsistere

197 3483 343 3547 turmis
373 3488 485 3547 tuetur
509 3504 684 3549 consensus
709 3484 858 3547 codicum
882 3483 1019 3547 alterius
1041 3483 1185 3565 generis,
1219 3485 1361 3551 subsi-

106 3613 108 3616 ⁴
198 3595 307 3652 stcre
330 3595 445 3653 natum
468 3597 519 3655 111
542 3591 745 3673 corrigendo,
775 3613 875 3672 quum
898 3591 1026 3654 inverso
1050 3590 1166 3655 ordine
1189 3593 1360 3675 scriptum

198 3704 284 3759 11111
313 3697 450 3761 densis
480 3700 601 3764 solus.
660 3697 893 3763 Subsistere
923 3718 995 3761 cum
1025 3699 1213 3762 accusativo
1241 3698 1362 3768 Livius

197 3803 247 3866 bis
276 3803 385 3869 habet.
428 3804 549 3886 (1863.)
606 3803 623 3886 ἓ
655 3811 707 3869 16;
744 3805 929 3887 Triginta
963 3806 1286 3886 quinqueremes
1317 3845 1364 3856 -

197 3913 306 3976 mitti
340 3913 477 3991 iussae,
512 3919 648 3976 cetera
682 3914 815 3977 classe
850 3911 1070 3995 praedatum
1106 3913 1146 3975 in
1174 3912 1364 3983 Africam

198 4028 266 4082 aut
294 4021 423 4102 ipsum
451 4019 493 4083 Μ.
518 4019 726 4083 Valerium
755 4018 1103 4085 Messallaffiisere
1134 4042 1206 4084 seu
1229 4021 1365 4091 LCin·

197 4124 292 4189 lium
315 4148 382 4191 seu
401 4127 444 4190 M.
462 4127 665 4191 Valerium
688 4126 932 4191 Messallam.
964 4127 1016 4191 Sic
1035 4126 1061 4191 P
1079 4147 1153 4190 cum
1176 4131 1366 4200 manifesto

199 4232 343 4310 desectu3
362 4233 483 4297 editur:
505 4242 572 4298 aut
591 4236 720 4317 ipsum
739 4233 781 4296 M.
795 4233 1001 4298 Valerium
1022 4234 1224 4300 Laevinum
1242 4242 1366 4306 traii-

199 4359 287 4404 cere
316 4347 386 4404 aut
414 4341 579 4405 mittere
609 4362 679 4404 seu
702 4340 736 4404 L.
762 4339 943 4404 Cincium
971 4348 1033 4405 cet.
1084 4338 1149 4405 Sed
1172 4338 1207 4404 h.
1231 4340 1253 4405 l.
1280 4341 1368 4409 ferri
