<?xml version="1.0" encoding="UTF-8"?>
<!DOCTYPE html PUBLIC "-//W3C//DTD XHTML 1.0 Transitional//EN"
    "http://www.w3.org/TR/xhtml1/DTD/xhtml1-transitional.dtd">
<html xmlns="http://www.w3.org/1999/xhtml" xml:lang="en" lang="en">
 <head>
  <title>
</title>
<meta http-equiv="Content-Type" content="text/html;charset=utf-8" />
  <meta name='ocr-system' content='tesseract 3.04.00' />
  <meta name='ocr-capabilities' content='ocr_page ocr_carea ocr_par ocr_line ocrx_word'/>
</head>
<body>
  <div class='ocr_page' id='page_1' title='image "./emendationesliv00madvgoog_0711.png"; bbox 0 0 2994 5108; ppageno 0'>
   <div class='ocr_carea' id='block_1_1' title="bbox 216 501 821 567">
    <p class='ocr_par' dir='ltr' id='par_1_1' title="bbox 216 501 821 567">
     <span class='ocr_line' id='line_1_1' title="bbox 216 501 821 567; baseline -0.01 -1"><span class='ocrx_word' id='word_1_1' title='bbox 216 512 276 567; x_wconf 80' lang='lat' dir='ltr'><strong>Lib.</strong></span> <span class='ocrx_word' id='word_1_2' title='bbox 296 511 391 566; x_wconf 82' lang='lat' dir='ltr'>XLIV.</span> <span class='ocrx_word' id='word_1_3' title='bbox 761 501 821 561; x_wconf 82' lang='grc'><strong>698</strong></span> 
     </span>
    </p>
   </div>
   <div class='ocr_carea' id='block_1_2' title="bbox 114 684 1361 2499">
    <p class='ocr_par' dir='ltr' id='par_1_2' title="bbox 114 684 1361 2499">
     <span class='ocr_line' id='line_1_2' title="bbox 209 684 1361 768; baseline 0.001 -19"><span class='ocrx_word' id='word_1_4' title='bbox 209 684 410 749; x_wconf 83' lang='lat' dir='ltr'>Macedones</span> <span class='ocrx_word' id='word_1_5' title='bbox 435 684 570 767; x_wconf 88' lang='lat' dir='ltr'><strong>possent</strong></span> <span class='ocrx_word' id='word_1_6' title='bbox 591 706 796 768; x_wconf 89' lang='lat' dir='ltr'><strong>quorumque</strong></span> <span class='ocrx_word' id='word_1_7' title='bbox 827 684 1074 749; x_wconf 84' lang='lat' dir='ltr'>multitudinem</span> <span class='ocrx_word' id='word_1_8' title='bbox 1096 685 1160 768; x_wconf 88' lang='lat' dir='ltr'><strong>ipsi</strong></span> <span class='ocrx_word' id='word_1_9' title='bbox 1184 707 1251 750; x_wconf 91' lang='lat' dir='ltr'><strong>non</strong></span> <span class='ocrx_word' id='word_1_10' title='bbox 1274 686 1361 750; x_wconf 89' lang='lat' dir='ltr'><strong>time·</strong></span> 
     </span>
     <span class='ocr_line' id='line_1_3' title="bbox 206 776 1360 876; baseline 0.003 -21"><span class='ocrx_word' id='word_1_11' title='bbox 206 799 294 856; x_wconf 88' lang='lat' dir='ltr'><strong>rent:</strong></span> <span class='ocrx_word' id='word_1_12' title='bbox 331 793 566 876; x_wconf 79' lang='lat' dir='ltr'>Apparebat</span> <span class='ocrx_word' id='word_1_13' title='bbox 589 793 789 871; x_wconf 87' lang='lat' dir='ltr'><strong>omnibus,</strong></span> <span class='ocrx_word' id='word_1_14' title='bbox 822 776 1048 858; x_wconf 82' lang='lat' dir='ltr'><strong>mercedem</strong></span> <span class='ocrx_word' id='word_1_15' title='bbox 1078 791 1360 858; x_wconf 74' lang='lat' dir='ltr'><strong>multitudinis</strong></span> 
     </span>
     <span class='ocr_line' id='line_1_4' title="bbox 207 901 1360 984; baseline 0.002 -20"><span class='ocrx_word' id='word_1_16' title='bbox 207 901 350 965; x_wconf 90' lang='lat' dir='ltr'><strong>timere</strong></span> <span class='ocrx_word' id='word_1_17' title='bbox 373 922 445 966; x_wconf 90' lang='lat' dir='ltr'><strong>nee</strong></span> <span class='ocrx_word' id='word_1_18' title='bbox 468 901 687 984; x_wconf 89' lang='lat' dir='ltr'>quidquam</span> <span class='ocrx_word' id='word_1_19' title='bbox 706 901 836 981; x_wconf 84' lang='lat' dir='ltr'><strong>aliud3</strong></span> <span class='ocrx_word' id='word_1_20' title='bbox 859 901 927 966; x_wconf 86' lang='lat' dir='ltr'><strong>sed</strong></span> <span class='ocrx_word' id='word_1_21' title='bbox 945 922 1065 983; x_wconf 92' lang='lat' dir='ltr'><strong>quum</strong></span> <span class='ocrx_word' id='word_1_22' title='bbox 1086 901 1261 966; x_wconf 88' lang='lat' dir='ltr'><strong>suadere</strong></span> <span class='ocrx_word' id='word_1_23' title='bbox 1279 923 1360 966; x_wconf 92' lang='lat' dir='ltr'><strong>con·</strong></span> 
     </span>
     <span class='ocr_line' id='line_1_5' title="bbox 207 1008 1359 1091; baseline 0.003 -19"><span class='ocrx_word' id='word_1_24' title='bbox 207 1008 360 1073; x_wconf 90' lang='lat' dir='ltr'><strong>sulenti</strong></span> <span class='ocrx_word' id='word_1_25' title='bbox 393 1030 503 1072; x_wconf 93' lang='lat' dir='ltr'><strong>nemo</strong></span> <span class='ocrx_word' id='word_1_26' title='bbox 539 1009 727 1087; x_wconf 85' lang='lat' dir='ltr'><strong>auderet,</strong></span> <span class='ocrx_word' id='word_1_27' title='bbox 761 1009 994 1074; x_wconf 81' lang='lat' dir='ltr'><strong>remittitur</strong></span> <span class='ocrx_word' id='word_1_28' title='bbox 1026 1008 1270 1091; x_wconf 84' lang='lat' dir='ltr'><strong>Antigonus,</strong></span> <span class='ocrx_word' id='word_1_29' title='bbox 1304 1017 1359 1075; x_wconf 89' lang='lat' dir='ltr'><strong>cet</strong></span> 
     </span>
     <span class='ocr_line' id='line_1_6' title="bbox 208 1116 1359 1195; baseline 0.003 -15"><span class='ocrx_word' id='word_1_30' title='bbox 208 1116 352 1181; x_wconf 90' lang='lat' dir='ltr'><strong>Primum</strong></span> <span class='ocrx_word' id='word_1_31' title='bbox 374 1118 408 1181; x_wconf 93' lang='lat' dir='ltr'><strong>in</strong></span> <span class='ocrx_word' id='word_1_32' title='bbox 439 1117 552 1181; x_wconf 91' lang='lat' dir='ltr'><strong>codice</strong></span> <span class='ocrx_word' id='word_1_33' title='bbox 587 1117 757 1182; x_wconf 81' lang='lat' dir='ltr'><strong>scribitur:</strong></span> <span class='ocrx_word' id='word_1_34' title='bbox 791 1117 1015 1183; x_wconf 82' lang='lat' dir='ltr'><strong>mercedem</strong></span> <span class='ocrx_word' id='word_1_35' title='bbox 1048 1116 1359 1195; x_wconf 84' lang='lat' dir='ltr'><strong>multitudinem,</strong></span> 
     </span>
     <span class='ocr_line' id='line_1_7' title="bbox 206 1213 1360 1307; baseline 0.003 -19"><span class='ocrx_word' id='word_1_36' title='bbox 206 1246 245 1288; x_wconf 88' lang='lat' dir='ltr'><strong>ex</strong></span> <span class='ocrx_word' id='word_1_37' title='bbox 268 1246 333 1307; x_wconf 92' lang='lat' dir='ltr'><strong>quo</strong></span> <span class='ocrx_word' id='word_1_38' title='bbox 356 1224 485 1290; x_wconf 85' lang='lat' dir='ltr'><strong>facilius</strong></span> <span class='ocrx_word' id='word_1_39' title='bbox 509 1223 559 1290; x_wconf 83' lang='lat' dir='ltr'><strong>fit:</strong></span> <span class='ocrx_word' id='word_1_40' title='bbox 595 1213 822 1290; x_wconf 90' lang='lat' dir='ltr'><strong>mercedem</strong></span> <span class='ocrx_word' id='word_1_41' title='bbox 851 1227 890 1288; x_wconf 94' lang='lat' dir='ltr'><strong>in</strong></span> <span class='ocrx_word' id='word_1_42' title='bbox 920 1225 1191 1291; x_wconf 85' lang='lat' dir='ltr'><strong>multitudine</strong></span> <span class='ocrx_word' id='word_1_43' title='bbox 1221 1227 1360 1292; x_wconf 85' lang='lat' dir='ltr'><strong>timere</strong></span> 
     </span>
     <span class='ocr_line' id='line_1_8' title="bbox 205 1332 1360 1416; baseline 0.002 -19"><span class='ocrx_word' id='word_1_44' title='bbox 205 1333 272 1415; x_wconf 84' lang='lat' dir='ltr'><strong>(bei</strong></span> <span class='ocrx_word' id='word_1_45' title='bbox 307 1333 366 1398; x_wconf 92' lang='lat' dir='ltr'><strong>der</strong></span> <span class='ocrx_word' id='word_1_46' title='bbox 399 1333 524 1416; x_wconf 83' lang='lat' dir='ltr'><strong>Menge‚</strong></span> <span class='ocrx_word' id='word_1_47' title='bbox 561 1335 589 1398; x_wconf 90' lang='lat' dir='ltr'><strong>si</strong></span> <span class='ocrx_word' id='word_1_48' title='bbox 628 1334 844 1399; x_wconf 85' lang='lat' dir='ltr'><strong>multitutudo</strong></span> <span class='ocrx_word' id='word_1_49' title='bbox 885 1332 1153 1414; x_wconf 85' lang='lat' dir='ltr'><strong>conduceretur);</strong></span> <span class='ocrx_word' id='word_1_50' title='bbox 1188 1334 1360 1399; x_wconf 87' lang='lat' dir='ltr'><strong>videndum</strong></span> 
     </span>
     <span class='ocr_line' id='line_1_9' title="bbox 205 1441 1358 1525; baseline 0.001 -20"><span class='ocrx_word' id='word_1_51' title='bbox 205 1448 374 1524; x_wconf 74' lang='lat' dir='ltr'><strong>praeterea,</strong></span> <span class='ocrx_word' id='word_1_52' title='bbox 397 1462 438 1506; x_wconf 93' lang='lat' dir='ltr'><strong>ne</strong></span> <span class='ocrx_word' id='word_1_53' title='bbox 456 1443 593 1506; x_wconf 88' lang='lat' dir='ltr'><strong>timeri</strong></span> <span class='ocrx_word' id='word_1_54' title='bbox 616 1442 726 1508; x_wconf 87' lang='lat' dir='ltr'><strong>Livius</strong></span> <span class='ocrx_word' id='word_1_55' title='bbox 745 1443 927 1525; x_wconf 85' lang='lat' dir='ltr'><strong>scripserit3</strong></span> <span class='ocrx_word' id='word_1_56' title='bbox 950 1442 1043 1507; x_wconf 87' lang='lat' dir='ltr'><strong>valde</strong></span> <span class='ocrx_word' id='word_1_57' title='bbox 1062 1441 1148 1506; x_wconf 93' lang='lat' dir='ltr'><strong>euim</strong></span> <span class='ocrx_word' id='word_1_58' title='bbox 1167 1442 1250 1507; x_wconf 90' lang='lat' dir='ltr'><strong>dure</strong></span> <span class='ocrx_word' id='word_1_59' title='bbox 1269 1445 1358 1508; x_wconf 92' lang='lat' dir='ltr'><strong>omit·</strong></span> 
     </span>
     <span class='ocr_line' id='line_1_10' title="bbox 204 1549 1356 1632; baseline 0.002 -18"><span class='ocrx_word' id='word_1_60' title='bbox 204 1551 286 1614; x_wconf 93' lang='lat' dir='ltr'><strong>titur</strong></span> <span class='ocrx_word' id='word_1_61' title='bbox 309 1572 401 1615; x_wconf 91' lang='lat' dir='ltr'><strong>eum.</strong></span> <span class='ocrx_word' id='word_1_62' title='bbox 448 1551 513 1616; x_wconf 86' lang='lat' dir='ltr'><strong>Sed</strong></span> <span class='ocrx_word' id='word_1_63' title='bbox 536 1553 665 1632; x_wconf 81' lang='lat' dir='ltr'><strong>gravius</strong></span> <span class='ocrx_word' id='word_1_64' title='bbox 688 1552 829 1617; x_wconf 90' lang='lat' dir='ltr'><strong>alterum</strong></span> <span class='ocrx_word' id='word_1_65' title='bbox 852 1550 1015 1615; x_wconf 91' lang='lat' dir='ltr'><strong>mendum.</strong></span> <span class='ocrx_word' id='word_1_66' title='bbox 1050 1549 1083 1615; x_wconf 86' lang='lat' dir='ltr'><strong>Si</strong></span> <span class='ocrx_word' id='word_1_67' title='bbox 1107 1553 1198 1615; x_wconf 93' lang='lat' dir='ltr'><strong>enim</strong></span> <span class='ocrx_word' id='word_1_68' title='bbox 1221 1550 1356 1616; x_wconf 87' lang='lat' dir='ltr'><strong>Perseus</strong></span> 
     </span>
     <span class='ocr_line' id='line_1_11' title="bbox 203 1658 1358 1754; baseline 0.002 -32"><span class='ocrx_word' id='word_1_69' title='bbox 203 1679 318 1743; x_wconf 89' lang='lat' dir='ltr'><strong>reapse</strong></span> <span class='ocrx_word' id='word_1_70' title='bbox 352 1681 428 1725; x_wconf 90' lang='lat' dir='ltr'><strong>suos</strong></span> <span class='ocrx_word' id='word_1_71' title='bbox 463 1660 689 1735; x_wconf 81' lang='lat' dir='ltr'><strong>consuluisset,</strong></span> <span class='ocrx_word' id='word_1_72' title='bbox 724 1659 831 1723; x_wconf 91' lang='lat' dir='ltr'><strong>minus</strong></span> <span class='ocrx_word' id='word_1_73' title='bbox 865 1666 938 1724; x_wconf 85' lang='lat' dir='ltr'><strong>erat</strong></span> <span class='ocrx_word' id='word_1_74' title='bbox 959 1658 1268 1754; x_wconf 62' lang='lat' dir='ltr'><strong>reprehendendum</strong></span> <span class='ocrx_word' id='word_1_75' title='bbox 1302 1680 1358 1724; x_wconf 89' lang='lat' dir='ltr'><strong>nec</strong></span> 
     </span>
     <span class='ocr_line' id='line_1_12' title="bbox 114 1765 1357 1851; baseline -0.005 -15"><span class='ocrx_word' id='word_1_76' title='bbox 114 1767 187 1835; x_wconf 76' lang='lat'><strong>(579)</strong></span> <span class='ocrx_word' id='word_1_77' title='bbox 207 1766 409 1850; x_wconf 84' lang='lat' dir='ltr'><strong>intellegitur</strong></span> <span class='ocrx_word' id='word_1_78' title='bbox 427 1767 678 1851; x_wconf 66' lang='lat' dir='ltr'><strong>significatum,</strong></span> <span class='ocrx_word' id='word_1_79' title='bbox 703 1787 762 1830; x_wconf 90' lang='lat' dir='ltr'><strong>cur</strong></span> <span class='ocrx_word' id='word_1_80' title='bbox 784 1788 879 1831; x_wconf 92' lang='lat' dir='ltr'><strong>nemo</strong></span> <span class='ocrx_word' id='word_1_81' title='bbox 902 1788 1003 1831; x_wconf 89' lang='lat' dir='ltr'><strong>ausus</strong></span> <span class='ocrx_word' id='word_1_82' title='bbox 1022 1766 1066 1831; x_wconf 91' lang='lat' dir='ltr'><strong>sit</strong></span> <span class='ocrx_word' id='word_1_83' title='bbox 1083 1765 1271 1831; x_wconf 86' lang='lat' dir='ltr'><strong>consulenti</strong></span> <span class='ocrx_word' id='word_1_84' title='bbox 1288 1787 1357 1830; x_wconf 91' lang='lat' dir='ltr'><strong>sua·</strong></span> 
     </span>
     <span class='ocr_line' id='line_1_13' title="bbox 204 1872 1356 1957; baseline 0 -19"><span class='ocrx_word' id='word_1_85' title='bbox 204 1874 294 1954; x_wconf 81' lang='lat' dir='ltr'><strong>dere3</strong></span> <span class='ocrx_word' id='word_1_86' title='bbox 320 1874 436 1940; x_wconf 88' lang='lat' dir='ltr'><strong>saltem</strong></span> <span class='ocrx_word' id='word_1_87' title='bbox 458 1896 553 1940; x_wconf 85' lang='lat' dir='ltr'><strong>vera</strong></span> <span class='ocrx_word' id='word_1_88' title='bbox 575 1875 751 1940; x_wconf 90' lang='lat' dir='ltr'><strong>suadere</strong></span> <span class='ocrx_word' id='word_1_89' title='bbox 776 1874 950 1939; x_wconf 90' lang='lat' dir='ltr'><strong>dicendum</strong></span> <span class='ocrx_word' id='word_1_90' title='bbox 973 1881 1060 1953; x_wconf 80' lang='lat' dir='ltr'><strong>erat3</strong></span> <span class='ocrx_word' id='word_1_91' title='bbox 1083 1872 1142 1938; x_wconf 91' lang='lat' dir='ltr'><strong>sed</strong></span> <span class='ocrx_word' id='word_1_92' title='bbox 1160 1875 1232 1957; x_wconf 89' lang='lat' dir='ltr'><strong>ipse</strong></span> <span class='ocrx_word' id='word_1_93' title='bbox 1250 1874 1356 1939; x_wconf 85' lang='lat' dir='ltr'><strong>Livius</strong></span> 
     </span>
     <span class='ocr_line' id='line_1_14' title="bbox 203 1981 1354 2067; baseline 0 -20"><span class='ocrx_word' id='word_1_94' title='bbox 203 1981 385 2065; x_wconf 87' lang='lat' dir='ltr'><strong>(superiore</strong></span> <span class='ocrx_word' id='word_1_95' title='bbox 409 1985 515 2067; x_wconf 90' lang='lat' dir='ltr'><strong>capite</strong></span> <span class='ocrx_word' id='word_1_96' title='bbox 539 1982 555 2066; x_wconf 64' lang='grc' dir='ltr'><strong>ἓ</strong></span> <span class='ocrx_word' id='word_1_97' title='bbox 581 1982 633 2064; x_wconf 82' lang='lat' dir='ltr'><strong>la)</strong></span> <span class='ocrx_word' id='word_1_98' title='bbox 657 1984 850 2067; x_wconf 87' lang='lat' dir='ltr'><strong>apparuisse</strong></span> <span class='ocrx_word' id='word_1_99' title='bbox 873 1982 994 2047; x_wconf 92' lang='lat' dir='ltr'><strong>Perseo</strong></span> <span class='ocrx_word' id='word_1_100' title='bbox 1017 1982 1110 2059; x_wconf 88' lang='lat' dir='ltr'><strong>dixit,</strong></span> <span class='ocrx_word' id='word_1_101' title='bbox 1132 1982 1213 2064; x_wconf 90' lang='lat' dir='ltr'><strong>qnid</strong></span> <span class='ocrx_word' id='word_1_102' title='bbox 1237 2003 1354 2060; x_wconf 86' lang='lat' dir='ltr'><strong>omnes,</strong></span> 
     </span>
     <span class='ocr_line' id='line_1_15' title="bbox 204 2090 1356 2173; baseline 0.001 -20"><span class='ocrx_word' id='word_1_103' title='bbox 204 2091 232 2153; x_wconf 88' lang='lat' dir='ltr'><strong>si</strong></span> <span class='ocrx_word' id='word_1_104' title='bbox 255 2091 449 2170; x_wconf 84' lang='lat' dir='ltr'><strong>consuleret,</strong></span> <span class='ocrx_word' id='word_1_105' title='bbox 474 2093 601 2157; x_wconf 90' lang='lat' dir='ltr'><strong>suasuri</strong></span> <span class='ocrx_word' id='word_1_106' title='bbox 624 2099 734 2156; x_wconf 91' lang='lat' dir='ltr'><strong>essent</strong></span> <span class='ocrx_word' id='word_1_107' title='bbox 756 2091 815 2172; x_wconf 84' lang='lat' dir='ltr'><strong>(ut,</strong></span> <span class='ocrx_word' id='word_1_108' title='bbox 839 2090 926 2173; x_wconf 92' lang='lat' dir='ltr'><strong>quod</strong></span> <span class='ocrx_word' id='word_1_109' title='bbox 949 2090 1092 2168; x_wconf 83' lang='lat' dir='ltr'><strong>nolebat,</strong></span> <span class='ocrx_word' id='word_1_110' title='bbox 1116 2091 1258 2173; x_wconf 90' lang='lat' dir='ltr'><strong>pecunia</strong></span> <span class='ocrx_word' id='word_1_111' title='bbox 1281 2090 1356 2155; x_wconf 84' lang='lat' dir='ltr'><strong>data</strong></span> 
     </span>
     <span class='ocr_line' id='line_1_16' title="bbox 203 2197 1354 2284; baseline 0 -22"><span class='ocrx_word' id='word_1_112' title='bbox 203 2197 372 2264; x_wconf 89' lang='lat' dir='ltr'><strong>Gallorum</strong></span> <span class='ocrx_word' id='word_1_113' title='bbox 396 2222 497 2284; x_wconf 89' lang='lat' dir='ltr'><strong>opera</strong></span> <span class='ocrx_word' id='word_1_114' title='bbox 519 2198 690 2279; x_wconf 82' lang='lat' dir='ltr'><strong>uteretur).</strong></span> <span class='ocrx_word' id='word_1_115' title='bbox 724 2200 841 2281; x_wconf 89' lang='lat' dir='ltr'><strong>Itaque</strong></span> <span class='ocrx_word' id='word_1_116' title='bbox 864 2199 1046 2263; x_wconf 85' lang='lat' dir='ltr'><strong>consulenti</strong></span> <span class='ocrx_word' id='word_1_117' title='bbox 1068 2199 1137 2281; x_wconf 82' lang='lat' dir='ltr'><strong>regi</strong></span> <span class='ocrx_word' id='word_1_118' title='bbox 1162 2205 1197 2263; x_wconf 91' lang='lat' dir='ltr'><strong>et</strong></span> <span class='ocrx_word' id='word_1_119' title='bbox 1219 2198 1354 2274; x_wconf 85' lang='lat' dir='ltr'><strong>suadere</strong></span> 
     </span>
     <span class='ocr_line' id='line_1_17' title="bbox 202 2306 1353 2392; baseline 0.001 -23"><span class='ocrx_word' id='word_1_120' title='bbox 202 2313 236 2369; x_wconf 90' lang='lat' dir='ltr'><strong>et</strong></span> <span class='ocrx_word' id='word_1_121' title='bbox 253 2329 331 2372; x_wconf 84' lang='lat' dir='ltr'><strong>vera</strong></span> <span class='ocrx_word' id='word_1_122' title='bbox 349 2308 488 2374; x_wconf 91' lang='lat' dir='ltr'><strong>suadere</strong></span> <span class='ocrx_word' id='word_1_123' title='bbox 511 2311 618 2392; x_wconf 91' lang='lat' dir='ltr'><strong>parati</strong></span> <span class='ocrx_word' id='word_1_124' title='bbox 642 2315 745 2372; x_wconf 89' lang='lat' dir='ltr'><strong>erant.</strong></span> <span class='ocrx_word' id='word_1_125' title='bbox 780 2308 965 2390; x_wconf 84' lang='lat' dir='ltr'><strong>Scripserat</strong></span> <span class='ocrx_word' id='word_1_126' title='bbox 984 2306 1109 2370; x_wconf 84' lang='lat' dir='ltr'><strong>Livius:</strong></span> <span class='ocrx_word' id='word_1_127' title='bbox 1129 2328 1247 2390; x_wconf 88' lang='lat' dir='ltr'><strong>quum</strong></span> <span class='ocrx_word' id='word_1_128' title='bbox 1265 2327 1353 2371; x_wconf 90' lang='lat' dir='ltr'><strong>sua-</strong></span> 
     </span>
     <span class='ocr_line' id='line_1_18' title="bbox 202 2415 1352 2499; baseline -0.002 -20"><span class='ocrx_word' id='word_1_129' title='bbox 202 2415 296 2481; x_wconf 88' lang='lat' dir='ltr'><strong>dere</strong></span> <span class='ocrx_word' id='word_1_130' title='bbox 313 2436 384 2479; x_wconf 77' lang='lat' dir='ltr'><strong>non</strong></span> <span class='ocrx_word' id='word_1_131' title='bbox 399 2418 630 2482; x_wconf 89' lang='lat' dir='ltr'><strong>consulenti</strong></span> <span class='ocrx_word' id='word_1_132' title='bbox 646 2438 758 2482; x_wconf 91' lang='lat' dir='ltr'><strong>nemo</strong></span> <span class='ocrx_word' id='word_1_133' title='bbox 777 2417 959 2482; x_wconf 80' lang='lat' dir='ltr'><strong>auderet.</strong></span> <span class='ocrx_word' id='word_1_134' title='bbox 978 2415 1352 2499; x_wconf 88' lang='lat' dir='ltr'><strong>Hocipsumdioit‚Per·</strong></span> 
     </span>
    </p>
   </div>
   <div class='ocr_carea' id='block_1_3' title="bbox 200 2516 1350 3148">
    <p class='ocr_par' dir='ltr' id='par_1_3' title="bbox 200 2516 1350 3148">
     <span class='ocr_line' id='line_1_19' title="bbox 202 2516 1350 2607; baseline 0.001 -19"><span class='ocrx_word' id='word_1_135' title='bbox 202 2545 267 2599; x_wconf 77' lang='lat' dir='ltr'><strong>sea,</strong></span> <span class='ocrx_word' id='word_1_136' title='bbox 286 2546 385 2607; x_wconf 90' lang='lat' dir='ltr'><strong>quum</strong></span> <span class='ocrx_word' id='word_1_137' title='bbox 404 2528 512 2606; x_wconf 89' lang='lat' dir='ltr'><strong>sciret,</strong></span> <span class='ocrx_word' id='word_1_138' title='bbox 531 2548 643 2592; x_wconf 92' lang='lat' dir='ltr'><strong>omnes</strong></span> <span class='ocrx_word' id='word_1_139' title='bbox 655 2520 856 2591; x_wconf 86' lang='lat' dir='ltr'><strong>contrarium</strong></span> <span class='ocrx_word' id='word_1_140' title='bbox 874 2526 913 2606; x_wconf 75' lang='lat' dir='ltr'><strong>ei,</strong></span> <span class='ocrx_word' id='word_1_141' title='bbox 929 2516 1021 2607; x_wconf 50' lang='lat' dir='ltr'><strong>¹quod</strong></span> <span class='ocrx_word' id='word_1_142' title='bbox 1040 2528 1182 2606; x_wconf 88' lang='lat' dir='ltr'><strong>optaret,</strong></span> <span class='ocrx_word' id='word_1_143' title='bbox 1198 2544 1350 2589; x_wconf 90' lang='lat' dir='ltr'><strong>suasuros</strong></span> 
     </span>
     <span class='ocr_line' id='line_1_20' title="bbox 201 2631 1350 2718; baseline 0.001 -22"><span class='ocrx_word' id='word_1_144' title='bbox 201 2654 279 2707; x_wconf 81' lang='lat' dir='ltr'><strong>esse,</strong></span> <span class='ocrx_word' id='word_1_145' title='bbox 293 2641 488 2718; x_wconf 84' lang='lat' dir='ltr'><strong>exprompta</strong></span> <span class='ocrx_word' id='word_1_146' title='bbox 500 2636 606 2718; x_wconf 92' lang='lat' dir='ltr'><strong>ipsum</strong></span> <span class='ocrx_word' id='word_1_147' title='bbox 619 2637 765 2700; x_wconf 89' lang='lat' dir='ltr'><strong>oratione</strong></span> <span class='ocrx_word' id='word_1_148' title='bbox 779 2633 818 2698; x_wconf 89' lang='lat' dir='ltr'><strong>de</strong></span> <span class='ocrx_word' id='word_1_149' title='bbox 833 2633 1004 2699; x_wconf 89' lang='lat' dir='ltr'><strong>Gallorum</strong></span> <span class='ocrx_word' id='word_1_150' title='bbox 1017 2631 1156 2715; x_wconf 89' lang='lat' dir='ltr'><strong>perfidia</strong></span> <span class='ocrx_word' id='word_1_151' title='bbox 1168 2638 1201 2696; x_wconf 92' lang='lat' dir='ltr'><strong>et</strong></span> <span class='ocrx_word' id='word_1_152' title='bbox 1212 2632 1350 2710; x_wconf 86' lang='lat' dir='ltr'><strong>feritate,</strong></span> 
     </span>
     <span class='ocr_line' id='line_1_21' title="bbox 200 2739 1348 2807; baseline -0.001 -3"><span class='ocrx_word' id='word_1_153' title='bbox 200 2762 263 2805; x_wconf 92' lang='lat' dir='ltr'><strong>non</strong></span> <span class='ocrx_word' id='word_1_154' title='bbox 299 2742 498 2807; x_wconf 88' lang='lat' dir='ltr'><strong>consulendo</strong></span> <span class='ocrx_word' id='word_1_155' title='bbox 533 2750 649 2807; x_wconf 88' lang='lat' dir='ltr'><strong>eontra</strong></span> <span class='ocrx_word' id='word_1_156' title='bbox 683 2742 813 2807; x_wconf 88' lang='lat' dir='ltr'><strong>dicendi</strong></span> <span class='ocrx_word' id='word_1_157' title='bbox 847 2743 957 2807; x_wconf 89' lang='lat' dir='ltr'><strong>locum</strong></span> <span class='ocrx_word' id='word_1_158' title='bbox 989 2762 1052 2805; x_wconf 94' lang='lat' dir='ltr'><strong>non</strong></span> <span class='ocrx_word' id='word_1_159' title='bbox 1083 2739 1223 2805; x_wconf 86' lang='lat' dir='ltr'><strong>dedisse.</strong></span> <span class='ocrx_word' id='word_1_160' title='bbox 1270 2741 1348 2804; x_wconf 92' lang='lat' dir='ltr'><strong>Non</strong></span> 
     </span>
     <span class='ocr_line' id='line_1_22' title="bbox 201 2848 1349 2933; baseline -0.003 -21"><span class='ocrx_word' id='word_1_161' title='bbox 201 2856 278 2913; x_wconf 90' lang='lat' dir='ltr'><strong>ante</strong></span> <span class='ocrx_word' id='word_1_162' title='bbox 301 2871 371 2914; x_wconf 91' lang='lat' dir='ltr'><strong>oon</strong></span> <span class='ocrx_word' id='word_1_163' title='bbox 396 2852 506 2914; x_wconf 89' lang='lat' dir='ltr'><strong>omissi</strong></span> <span class='ocrx_word' id='word_1_164' title='bbox 530 2873 594 2915; x_wconf 91' lang='lat' dir='ltr'><strong>non</strong></span> <span class='ocrx_word' id='word_1_165' title='bbox 617 2871 694 2914; x_wconf 90' lang='lat' dir='ltr'><strong>rara</strong></span> <span class='ocrx_word' id='word_1_166' title='bbox 718 2851 867 2933; x_wconf 88' lang='lat' dir='ltr'><strong>exempla</strong></span> <span class='ocrx_word' id='word_1_167' title='bbox 889 2855 964 2913; x_wconf 92' lang='lat' dir='ltr'><strong>sunt</strong></span> <span class='ocrx_word' id='word_1_168' title='bbox 986 2857 1020 2913; x_wconf 90' lang='lat' dir='ltr'><strong>et</strong></span> <span class='ocrx_word' id='word_1_169' title='bbox 1047 2850 1079 2911; x_wconf 89' lang='lat' dir='ltr'><strong>in</strong></span> <span class='ocrx_word' id='word_1_170' title='bbox 1104 2849 1243 2912; x_wconf 86' lang='lat' dir='ltr'><strong>aliorum</strong></span> <span class='ocrx_word' id='word_1_171' title='bbox 1267 2848 1349 2913; x_wconf 91' lang='lat' dir='ltr'><strong>codi-</strong></span> 
     </span>
     <span class='ocr_line' id='line_1_23' title="bbox 200 2955 1347 3037; baseline -0.003 -15"><span class='ocrx_word' id='word_1_172' title='bbox 200 2958 292 3022; x_wconf 85' lang='lat' dir='ltr'><strong>cibus</strong></span> <span class='ocrx_word' id='word_1_173' title='bbox 327 2967 360 3023; x_wconf 91' lang='lat' dir='ltr'><strong>et</strong></span> <span class='ocrx_word' id='word_1_174' title='bbox 393 2960 425 3021; x_wconf 92' lang='lat' dir='ltr'><strong>in</strong></span> <span class='ocrx_word' id='word_1_175' title='bbox 451 2960 549 3037; x_wconf 82' lang='lat' dir='ltr'><strong>Livii,</strong></span> <span class='ocrx_word' id='word_1_176' title='bbox 585 2966 622 3022; x_wconf 93' lang='lat' dir='ltr'><strong>ut</strong></span> <span class='ocrx_word' id='word_1_177' title='bbox 655 2958 695 3037; x_wconf 83' lang='lat' dir='ltr'><strong>ll,</strong></span> <span class='ocrx_word' id='word_1_178' title='bbox 725 2963 775 3032; x_wconf 79' lang='lat'><strong>45,</strong></span> <span class='ocrx_word' id='word_1_179' title='bbox 805 2965 824 3021; x_wconf 89' lang='grc'><strong>4</strong></span> <span class='ocrx_word' id='word_1_180' title='bbox 853 2960 886 3023; x_wconf 93' lang='lat' dir='ltr'><strong>in</strong></span> <span class='ocrx_word' id='word_1_181' title='bbox 909 2958 1003 3037; x_wconf 83' lang='lat' dir='ltr'><strong>Med,</strong></span> <span class='ocrx_word' id='word_1_182' title='bbox 1033 2958 1065 3020; x_wconf 94' lang='lat' dir='ltr'><strong>in</strong></span> <span class='ocrx_word' id='word_1_183' title='bbox 1089 2955 1230 3020; x_wconf 91' lang='lat' dir='ltr'><strong>Vindob.</strong></span> <span class='ocrx_word' id='word_1_184' title='bbox 1256 2955 1347 3030; x_wconf 85' lang='lat' dir='ltr'>XLII,</span> 
     </span>
     <span class='ocr_line' id='line_1_24' title="bbox 203 3063 1347 3148; baseline -0.001 -20"><span class='ocrx_word' id='word_1_185' title='bbox 203 3072 250 3145; x_wconf 81' lang='lat'><strong>14,</strong></span> <span class='ocrx_word' id='word_1_186' title='bbox 274 3065 339 3146; x_wconf 81' lang='lat'>8.¹)</span> <span class='ocrx_word' id='word_1_187' title='bbox 385 3067 432 3131; x_wconf 89' lang='lat' dir='ltr'><strong>De</strong></span> <span class='ocrx_word' id='word_1_188' title='bbox 462 3069 629 3132; x_wconf 90' lang='lat' dir='ltr'><strong>contrario</strong></span> <span class='ocrx_word' id='word_1_189' title='bbox 659 3089 769 3131; x_wconf 89' lang='lat' dir='ltr'><strong>errore</strong></span> <span class='ocrx_word' id='word_1_190' title='bbox 804 3067 871 3131; x_wconf 86' lang='lat' dir='ltr'><strong>dixi</strong></span> <span class='ocrx_word' id='word_1_191' title='bbox 906 3067 945 3132; x_wconf 89' lang='lat' dir='ltr'><strong>ad</strong></span> <span class='ocrx_word' id='word_1_192' title='bbox 976 3067 1028 3144; x_wconf 82' lang='lat' dir='ltr'><strong>lv,</strong></span> <span class='ocrx_word' id='word_1_193' title='bbox 1053 3072 1080 3138; x_wconf 86' lang='grc'><strong>4,</strong></span> <span class='ocrx_word' id='word_1_194' title='bbox 1104 3070 1122 3128; x_wconf 87' lang='grc'><strong>9</strong></span> <span class='ocrx_word' id='word_1_195' title='bbox 1146 3088 1178 3148; x_wconf 93' lang='lat' dir='ltr'><strong>p.</strong></span> <span class='ocrx_word' id='word_1_196' title='bbox 1204 3071 1255 3130; x_wconf 83' lang='lat'><strong>90.</strong></span> <span class='ocrx_word' id='word_1_197' title='bbox 1289 3063 1347 3127; x_wconf 82' lang='lat' dir='ltr'><strong>Ex·</strong></span> 
     </span>
    </p>
   </div>
   <div class='ocr_carea' id='block_1_4' title="bbox 223 3344 1344 4436">
    <p class='ocr_par' dir='ltr' id='par_1_4' title="bbox 223 3344 1344 4436">
     <span class='ocr_line' id='line_1_25' title="bbox 223 3344 1344 3412; baseline -0.002 -16"><span class='ocrx_word' id='word_1_198' title='bbox 223 3344 244 3407; x_wconf 79' lang='lat'><strong>¹)</strong></span> <span class='ocrx_word' id='word_1_199' title='bbox 263 3344 296 3397; x_wconf 90' lang='lat' dir='ltr'><strong>In</strong></span> <span class='ocrx_word' id='word_1_200' title='bbox 316 3345 455 3399; x_wconf 86' lang='lat' dir='ltr'><strong>Ciceroris</strong></span> <span class='ocrx_word' id='word_1_201' title='bbox 485 3345 651 3399; x_wconf 79' lang='lat' dir='ltr'><strong>Cluentiano</strong></span> <span class='ocrx_word' id='word_1_202' title='bbox 677 3363 699 3399; x_wconf 90' lang='lat' dir='ltr'><strong>c.</strong></span> <span class='ocrx_word' id='word_1_203' title='bbox 720 3349 762 3412; x_wconf 84' lang='lat'><strong>45,</strong></span> <span class='ocrx_word' id='word_1_204' title='bbox 786 3348 834 3398; x_wconf 80' lang='lat'><strong>127</strong></span> <span class='ocrx_word' id='word_1_205' title='bbox 862 3346 1005 3399; x_wconf 88' lang='lat' dir='ltr'><strong>verissime</strong></span> <span class='ocrx_word' id='word_1_206' title='bbox 1029 3344 1183 3398; x_wconf 83' lang='lat' dir='ltr'><strong>Lambinus</strong></span> <span class='ocrx_word' id='word_1_207' title='bbox 1212 3345 1344 3398; x_wconf 87' lang='lat' dir='ltr'><strong>restituit:</strong></span> 
     </span>
     <span class='ocr_line' id='line_1_26' title="bbox 266 3430 1344 3499; baseline -0.002 -17"><span class='ocrx_word' id='word_1_208' title='bbox 266 3432 331 3482; x_wconf 80' lang='lat' dir='ltr'><strong>Aut</strong></span> <span class='ocrx_word' id='word_1_209' title='bbox 359 3431 448 3483; x_wconf 89' lang='lat' dir='ltr'><strong>illud</strong></span> <span class='ocrx_word' id='word_1_210' title='bbox 476 3431 651 3495; x_wconf 84' lang='lat' dir='ltr'><strong>adferant,</strong></span> <span class='ocrx_word' id='word_1_211' title='bbox 673 3431 807 3499; x_wconf 90' lang='lat' dir='ltr'><strong>aliquid</strong></span> <span class='ocrx_word' id='word_1_212' title='bbox 834 3448 922 3497; x_wconf 80' lang='lat' dir='ltr'><strong>sese,</strong></span> <span class='ocrx_word' id='word_1_213' title='bbox 952 3430 1042 3498; x_wconf 88' lang='lat' dir='ltr'><strong>quod</strong></span> <span class='ocrx_word' id='word_1_214' title='bbox 1070 3430 1108 3482; x_wconf 89' lang='lat' dir='ltr'><strong>de</strong></span> <span class='ocrx_word' id='word_1_215' title='bbox 1136 3430 1188 3483; x_wconf 91' lang='lat' dir='ltr'><strong>his</strong></span> <span class='ocrx_word' id='word_1_216' title='bbox 1216 3431 1344 3485; x_wconf 88' lang='lat' dir='ltr'><strong>duobus</strong></span> 
     </span>
     <span class='ocr_line' id='line_1_27' title="bbox 264 3515 1341 3586; baseline -0.001 -19"><span class='ocrx_word' id='word_1_217' title='bbox 264 3515 457 3568; x_wconf 87' lang='lat' dir='ltr'><strong>habuerint</strong></span> <span class='ocrx_word' id='word_1_218' title='bbox 476 3522 704 3584; x_wconf 78' lang='lat' dir='ltr'><strong>compertum,</strong></span> <span class='ocrx_word' id='word_1_219' title='bbox 733 3516 771 3569; x_wconf 88' lang='lat' dir='ltr'><strong>de</strong></span> <span class='ocrx_word' id='word_1_220' title='bbox 791 3517 923 3569; x_wconf 87' lang='lat' dir='ltr'><strong>ceteris</strong></span> <span class='ocrx_word' id='word_1_221' title='bbox 943 3534 1008 3569; x_wconf 90' lang='lat' dir='ltr'><strong>non</strong></span> <span class='ocrx_word' id='word_1_222' title='bbox 1033 3517 1260 3582; x_wconf 82' lang='lat' dir='ltr'><strong>comperisse,</strong></span> <span class='ocrx_word' id='word_1_223' title='bbox 1281 3533 1341 3586; x_wconf 90' lang='lat' dir='ltr'><strong>pro:</strong></span> 
     </span>
     <span class='ocr_line' id='line_1_28' title="bbox 265 3600 1343 3670; baseline -0.001 -18"><span class='ocrx_word' id='word_1_224' title='bbox 265 3600 304 3652; x_wconf 90' lang='lat' dir='ltr'><strong>de</strong></span> <span class='ocrx_word' id='word_1_225' title='bbox 323 3603 455 3654; x_wconf 88' lang='lat' dir='ltr'><strong>ceteris</strong></span> <span class='ocrx_word' id='word_1_226' title='bbox 475 3603 697 3670; x_wconf 86' lang='lat' dir='ltr'><strong>comperisse.</strong></span> <span class='ocrx_word' id='word_1_227' title='bbox 736 3601 862 3654; x_wconf 86' lang='lat' dir='ltr'><strong>Postulat</strong></span> <span class='ocrx_word' id='word_1_228' title='bbox 881 3602 987 3668; x_wconf 84' lang='lat' dir='ltr'><strong>Cicero,</strong></span> <span class='ocrx_word' id='word_1_229' title='bbox 1009 3608 1039 3653; x_wconf 93' lang='lat' dir='ltr'><strong>ut</strong></span> <span class='ocrx_word' id='word_1_230' title='bbox 1057 3600 1233 3667; x_wconf 81' lang='lat' dir='ltr'><strong>ostendatur,</strong></span> <span class='ocrx_word' id='word_1_231' title='bbox 1252 3617 1343 3670; x_wconf 84' lang='lat' dir='ltr'><strong>reapse</strong></span> 
     </span>
     <span class='ocr_line' id='line_1_29' title="bbox 263 3686 1343 3756; baseline -0.001 -18"><span class='ocrx_word' id='word_1_232' title='bbox 263 3704 392 3739; x_wconf 87' lang='lat' dir='ltr'><strong>censores</strong></span> <span class='ocrx_word' id='word_1_233' title='bbox 421 3687 525 3755; x_wconf 85' lang='lat' dir='ltr'><strong>aliquid</strong></span> <span class='ocrx_word' id='word_1_234' title='bbox 553 3688 694 3756; x_wconf 78' lang='lat' dir='ltr'><strong>singulare</strong></span> <span class='ocrx_word' id='word_1_235' title='bbox 722 3688 750 3739; x_wconf 89' lang='lat' dir='ltr'><strong>in</strong></span> <span class='ocrx_word' id='word_1_236' title='bbox 778 3688 887 3740; x_wconf 90' lang='lat' dir='ltr'><strong>duobus</strong></span> <span class='ocrx_word' id='word_1_237' title='bbox 921 3687 973 3740; x_wconf 90' lang='lat' dir='ltr'><strong>illis</strong></span> <span class='ocrx_word' id='word_1_238' title='bbox 1001 3686 1148 3751; x_wconf 76' lang='lat' dir='ltr'><strong>iudicibus,</strong></span> <span class='ocrx_word' id='word_1_239' title='bbox 1177 3705 1249 3755; x_wconf 88' lang='lat' dir='ltr'><strong>quos</strong></span> <span class='ocrx_word' id='word_1_240' title='bbox 1277 3687 1343 3740; x_wconf 89' lang='lat' dir='ltr'><strong>solos</strong></span> 
     </span>
     <span class='ocr_line' id='line_1_30' title="bbox 264 3770 1343 3841; baseline -0.001 -18"><span class='ocrx_word' id='word_1_241' title='bbox 264 3773 433 3838; x_wconf 80' lang='lat' dir='ltr'><strong>notaverint,</strong></span> <span class='ocrx_word' id='word_1_242' title='bbox 464 3774 645 3841; x_wconf 89' lang='lat' dir='ltr'><strong>comperisse;</strong></span> <span class='ocrx_word' id='word_1_243' title='bbox 674 3773 796 3840; x_wconf 82' lang='lat' dir='ltr'><strong>alioquin</strong></span> <span class='ocrx_word' id='word_1_244' title='bbox 824 3790 853 3826; x_wconf 89' lang='lat' dir='ltr'><strong>se</strong></span> <span class='ocrx_word' id='word_1_245' title='bbox 872 3771 1083 3826; x_wconf 88' lang='lat' dir='ltr'><strong>adfirmaturum</strong></span> <span class='ocrx_word' id='word_1_246' title='bbox 1103 3772 1257 3839; x_wconf 79' lang='lat' dir='ltr'><strong>significat,</strong></span> <span class='ocrx_word' id='word_1_247' title='bbox 1282 3770 1343 3826; x_wconf 89' lang='lat' dir='ltr'><strong>nibil</strong></span> 
     </span>
     <span class='ocr_line' id='line_1_31' title="bbox 264 3854 1342 3926; baseline 0.001 -19"><span class='ocrx_word' id='word_1_248' title='bbox 264 3856 356 3908; x_wconf 88' lang='lat' dir='ltr'><strong>valere</strong></span> <span class='ocrx_word' id='word_1_249' title='bbox 384 3856 457 3909; x_wconf 83' lang='lat' dir='ltr'><strong>illam</strong></span> <span class='ocrx_word' id='word_1_250' title='bbox 482 3859 589 3911; x_wconf 89' lang='lat' dir='ltr'><strong>incerto</strong></span> <span class='ocrx_word' id='word_1_251' title='bbox 618 3876 730 3911; x_wconf 89' lang='lat' dir='ltr'><strong>rumore</strong></span> <span class='ocrx_word' id='word_1_252' title='bbox 754 3875 914 3926; x_wconf 84' lang='lat' dir='ltr'><strong>expressam</strong></span> <span class='ocrx_word' id='word_1_253' title='bbox 940 3858 1121 3911; x_wconf 85' lang='lat' dir='ltr'><strong>notationem.</strong></span> <span class='ocrx_word' id='word_1_254' title='bbox 1163 3854 1342 3926; x_wconf 76' lang='lat' dir='ltr'><strong>Negationem</strong></span> 
     </span>
     <span class='ocr_line' id='line_1_32' title="bbox 262 3941 1340 4012; baseline -0.001 -18"><span class='ocrx_word' id='word_1_255' title='bbox 262 3941 421 3996; x_wconf 85' lang='lat' dir='ltr'><strong>addendam</strong></span> <span class='ocrx_word' id='word_1_256' title='bbox 446 3961 520 4009; x_wconf 88' lang='lat' dir='ltr'><strong>esse,</strong></span> <span class='ocrx_word' id='word_1_257' title='bbox 545 3943 588 3996; x_wconf 88' lang='lat' dir='ltr'><strong>vel</strong></span> <span class='ocrx_word' id='word_1_258' title='bbox 613 3944 701 3996; x_wconf 88' lang='lat' dir='ltr'><strong>solum</strong></span> <span class='ocrx_word' id='word_1_259' title='bbox 720 3962 876 4011; x_wconf 88' lang='lat' dir='ltr'><strong>pronomen</strong></span> <span class='ocrx_word' id='word_1_260' title='bbox 904 3943 1039 4012; x_wconf 88' lang='lat' dir='ltr'><strong>aliquid</strong></span> <span class='ocrx_word' id='word_1_261' title='bbox 1060 3943 1193 4009; x_wconf 88' lang='lat' dir='ltr'><strong>ostendit,</strong></span> <span class='ocrx_word' id='word_1_262' title='bbox 1221 3958 1340 4012; x_wconf 91' lang='lat' dir='ltr'><strong>proquo</strong></span> 
     </span>
     <span class='ocr_line' id='line_1_33' title="bbox 262 4028 1340 4098; baseline 0.002 -19"><span class='ocrx_word' id='word_1_263' title='bbox 262 4028 387 4097; x_wconf 88' lang='lat' dir='ltr'><strong>alioquin</strong></span> <span class='ocrx_word' id='word_1_264' title='bbox 413 4030 500 4082; x_wconf 92' lang='lat' dir='ltr'><strong>idem</strong></span> <span class='ocrx_word' id='word_1_265' title='bbox 528 4029 678 4082; x_wconf 87' lang='lat' dir='ltr'><strong>dicendum</strong></span> <span class='ocrx_word' id='word_1_266' title='bbox 698 4035 763 4083; x_wconf 86' lang='lat' dir='ltr'><strong>erat.</strong></span> <span class='ocrx_word' id='word_1_267' title='bbox 802 4029 858 4082; x_wconf 91' lang='lat' dir='ltr'><strong>Sed</strong></span> <span class='ocrx_word' id='word_1_268' title='bbox 885 4044 1000 4097; x_wconf 87' lang='lat' dir='ltr'><strong>prorsus</strong></span> <span class='ocrx_word' id='word_1_269' title='bbox 1019 4028 1167 4081; x_wconf 85' lang='lat' dir='ltr'><strong>ridiculum</strong></span> <span class='ocrx_word' id='word_1_270' title='bbox 1189 4035 1232 4081; x_wconf 90' lang='lat' dir='ltr'><strong>est</strong></span> <span class='ocrx_word' id='word_1_271' title='bbox 1249 4037 1340 4098; x_wconf 86' lang='lat' dir='ltr'><strong>postu·</strong></span> 
     </span>
     <span class='ocr_line' id='line_1_34' title="bbox 261 4113 1339 4185; baseline -0.001 -20"><span class='ocrx_word' id='word_1_272' title='bbox 261 4114 327 4180; x_wconf 78' lang='lat' dir='ltr'><strong>lare,</strong></span> <span class='ocrx_word' id='word_1_273' title='bbox 347 4120 379 4167; x_wconf 94' lang='lat' dir='ltr'><strong>ut</strong></span> <span class='ocrx_word' id='word_1_274' title='bbox 397 4132 528 4168; x_wconf 87' lang='lat' dir='ltr'><strong>censores</strong></span> <span class='ocrx_word' id='word_1_275' title='bbox 552 4114 688 4182; x_wconf 84' lang='lat' dir='ltr'><strong>adferant,</strong></span> <span class='ocrx_word' id='word_1_276' title='bbox 710 4132 738 4168; x_wconf 90' lang='lat' dir='ltr'><strong>se</strong></span> <span class='ocrx_word' id='word_1_277' title='bbox 761 4116 835 4168; x_wconf 90' lang='lat' dir='ltr'><strong>idem</strong></span> <span class='ocrx_word' id='word_1_278' title='bbox 859 4114 1026 4183; x_wconf 85' lang='lat' dir='ltr'><strong>comperisse</strong></span> <span class='ocrx_word' id='word_1_279' title='bbox 1055 4113 1090 4165; x_wconf 89' lang='lat' dir='ltr'><strong>de</strong></span> <span class='ocrx_word' id='word_1_280' title='bbox 1108 4114 1157 4179; x_wconf 81' lang='lat' dir='ltr'><strong>iis,</strong></span> <span class='ocrx_word' id='word_1_281' title='bbox 1186 4113 1220 4166; x_wconf 89' lang='lat' dir='ltr'><strong>de</strong></span> <span class='ocrx_word' id='word_1_282' title='bbox 1249 4115 1339 4185; x_wconf 85' lang='lat' dir='ltr'><strong>quibus</strong></span> 
     </span>
     <span class='ocr_line' id='line_1_35' title="bbox 260 4198 1339 4269; baseline -0.004 -18"><span class='ocrx_word' id='word_1_283' title='bbox 260 4199 314 4262; x_wconf 86' lang='lat' dir='ltr'><strong>ipsi</strong></span> <span class='ocrx_word' id='word_1_284' title='bbox 343 4200 485 4252; x_wconf 80' lang='lat' dir='ltr'><strong>contraria</strong></span> <span class='ocrx_word' id='word_1_285' title='bbox 513 4201 669 4252; x_wconf 65' lang='lat' dir='ltr'><strong>statuerint,</strong></span> <span class='ocrx_word' id='word_1_286' title='bbox 706 4200 789 4269; x_wconf 86' lang='lat' dir='ltr'><strong>Apud</strong></span> <span class='ocrx_word' id='word_1_287' title='bbox 818 4200 952 4254; x_wconf 86' lang='lat' dir='ltr'><strong>Senecam</strong></span> <span class='ocrx_word' id='word_1_288' title='bbox 980 4198 1060 4252; x_wconf 87' lang='lat' dir='ltr'><strong>Rhet.</strong></span> <span class='ocrx_word' id='word_1_289' title='bbox 1090 4198 1220 4252; x_wconf 84' lang='lat' dir='ltr'><strong>Controv.</strong></span> <span class='ocrx_word' id='word_1_290' title='bbox 1249 4200 1287 4264; x_wconf 80' lang='grc' dir='ltr'><strong>Π,</strong></span> <span class='ocrx_word' id='word_1_291' title='bbox 1313 4198 1339 4250; x_wconf 80' lang='lat'><strong>12</strong></span> 
     </span>
     <span class='ocr_line' id='line_1_36' title="bbox 260 4283 1338 4354; baseline 0 -19"><span class='ocrx_word' id='word_1_292' title='bbox 260 4302 285 4352; x_wconf 91' lang='lat' dir='ltr'><strong>p.</strong></span> <span class='ocrx_word' id='word_1_293' title='bbox 317 4288 371 4338; x_wconf 81' lang='lat'><strong>173·</strong></span> <span class='ocrx_word' id='word_1_294' title='bbox 383 4285 443 4354; x_wconf 90' lang='lat' dir='ltr'><strong>Bip.</strong></span> <span class='ocrx_word' id='word_1_295' title='bbox 473 4284 546 4352; x_wconf 84' lang='lat' dir='ltr'><strong>[curn</strong></span> <span class='ocrx_word' id='word_1_296' title='bbox 567 4283 754 4352; x_wconf 81' lang='lat' dir='ltr'><strong>Schultingio]</strong></span> <span class='ocrx_word' id='word_1_297' title='bbox 781 4286 972 4339; x_wconf 87' lang='lat' dir='ltr'><strong>scribendum:</strong></span> <span class='ocrx_word' id='word_1_298' title='bbox 1000 4284 1037 4338; x_wconf 90' lang='lat' dir='ltr'><strong>In</strong></span> <span class='ocrx_word' id='word_1_299' title='bbox 1061 4284 1123 4337; x_wconf 83' lang='lat' dir='ltr'><strong>hac</strong></span> <span class='ocrx_word' id='word_1_300' title='bbox 1142 4291 1338 4339; x_wconf 77' lang='lat' dir='ltr'><strong>controver-</strong></span> 
     </span>
     <span class='ocr_line' id='line_1_37' title="bbox 260 4369 1335 4436; baseline -0.002 -14"><span class='ocrx_word' id='word_1_301' title='bbox 260 4371 311 4422; x_wconf 85' lang='lat' dir='ltr'><strong>sia</strong></span> <span class='ocrx_word' id='word_1_302' title='bbox 330 4369 436 4423; x_wconf 78' lang='lat' dir='ltr'><strong>Latro</strong></span> <span class='ocrx_word' id='word_1_303' title='bbox 451 4372 659 4424; x_wconf 83' lang='lat' dir='ltr'><strong>eontrarium</strong></span> <span class='ocrx_word' id='word_1_304' title='bbox 680 4387 747 4423; x_wconf 87' lang='lat' dir='ltr'><strong>rem</strong></span> <span class='ocrx_word' id='word_1_305' title='bbox 766 4389 832 4424; x_wconf 90' lang='lat' dir='ltr'><strong>non</strong></span> <span class='ocrx_word' id='word_1_306' title='bbox 848 4371 1099 4425; x_wconf 72' lang='lat' dir='ltr'><strong>controversia</strong></span> <span class='ocrx_word' id='word_1_307' title='bbox 1119 4371 1156 4436; x_wconf 85' lang='lat' dir='ltr'><strong>(v.</strong></span> <span class='ocrx_word' id='word_1_308' title='bbox 1177 4388 1249 4425; x_wconf 87' lang='lat' dir='ltr'><strong>rem</strong></span> <span class='ocrx_word' id='word_1_309' title='bbox 1267 4386 1335 4423; x_wconf 92' lang='lat' dir='ltr'><strong>con·</strong></span> 
     </span>
    </p>
   </div>
   <div class='ocr_carea' id='block_1_5' title="bbox 0 0 1502 5108">
    <p class='ocr_par' dir='ltr' id='par_1_5' title="bbox 0 0 1502 5108">
     <span class='ocr_line' id='line_1_38' title="bbox 0 0 1502 5108; baseline 0 5"><span class='ocrx_word' id='word_1_310' title='bbox 0 0 1502 5108; x_wconf 95' lang='lat' dir='ltr'><strong> </strong></span> 
     </span>
    </p>
   </div>
  </div>
 </body>
</html>
