2994 5108
148 445 150 449 ’
213 478 275 532 mu
295 477 327 530 x.
763 467 851 527 224-

214 672 273 733 pro
309 673 468 716 morere
502 650 775 733 (PRottendorf.).
832 650 957 730 XLIII,
999 654 1055 730 21,
1091 654 1106 712 l
1144 655 1235 714 recte
1269 648 1374 715 codex

214 760 380 839 moveri3
404 759 570 825 Drakeub.
595 761 799 844 movere.¹)

301 866 379 951 Cap.
412 873 446 948 6,
487 874 520 933 3;
563 870 694 935 Romae
734 889 895 953 quoque
930 867 1088 951 plebem
1122 867 1300 948 quietam
1334 872 1374 930 et

214 984 475 1042 exoneratam
509 978 690 1043 deducta
724 978 763 1040 in
797 977 987 1043 colonias
1020 974 1244 1041 multitudo
1275 994 1373 1058 prae·

215 1084 364 1149 stabat.
422 1085 502 1163 Quae
539 1093 589 1151 est
623 1084 846 1151 exonerata
874 1085 1013 1168 plebs?
1046 1083 1133 1149 Urbs
1163 1088 1373 1159 exoneratur,

215 1191 430 1260 multitudine
459 1195 569 1259 inutili
598 1195 664 1260 alio
689 1195 846 1274 deducta,
875 1215 940 1260 non
964 1192 1072 1277 plebe,
1103 1193 1197 1257 euius
1221 1192 1280 1256 illa
1299 1191 1376 1274 ipsa

215 1311 376 1389 pareest.
435 1303 522 1382 Quid
551 1303 669 1367 deinde
697 1303 856 1386 plebem
880 1307 1143 1368 exoneratam
1165 1307 1375 1384 praestare,

215 1414 310 1496 quasi
340 1420 447 1478 status
477 1413 530 1476 hic
559 1412 678 1495 aliquis
708 1413 752 1477 sit
782 1410 1051 1477 conservandus?
1086 1408 1258 1487 Quomodo
1283 1409 1374 1473 deni·

214 1542 278 1604 que
313 1520 407 1604 plebs
436 1521 531 1586 simul
562 1524 704 1604 quieta
732 1526 770 1584 et
804 1527 1028 1586 exonerata
1056 1519 1256 1603 praestatur?
1289 1517 1376 1582 Nam

215 1630 319 1712 quieti
348 1629 581 1694 consulebatur
610 1637 789 1695 exonerata
818 1629 915 1709 urbe,
949 1650 1014 1693 non
1042 1629 1107 1712 ipsi
1136 1626 1374 1692 exonerationi.

215 1737 355 1802 Omnino
386 1739 494 1820 agitur
523 1739 563 1803 de
593 1760 660 1803 una
687 1739 815 1821 quiete,
849 1759 962 1822 qnam,
998 1744 1035 1801 ut
1062 1735 1144 1802 foris
1173 1736 1318 1801 victoriis
1341 1741 1377 1799 et

214 1845 417 1924 foederibus,
453 1848 501 1911 sic
525 1846 613 1910 domi
637 1847 774 1911 coloniis
798 1845 947 1911 deductis
970 1851 1102 1929 partam
1123 1866 1254 1923 novum,
1283 1843 1376 1926 qnod

214 1955 325 2019 Livius
360 1960 554 2019 narraturus
590 1962 653 2034 est,
686 1960 853 2019 certamen
888 1954 1045 2018 turbavit.
1107 1952 1269 2036 Apparet,
1302 1973 1376 2016 rem
1438 1992 1445 2004 ·

215 2061 367 2144 effectam
390 2063 565 2146 (quietem)
589 2084 663 2126 cum
687 2083 787 2128 causa
810 2061 1071 2143 (exoneratione)
1095 2062 1181 2126 male
1205 2060 1375 2126 confundi.

217 2169 281 2235 Sed
315 2193 355 2236 ea
389 2170 538 2235 confusio
572 2170 707 2235 librario
742 2170 898 2251 debetur,
938 2170 1049 2235 Livius
1089 2171 1135 2235 sic
1175 2170 1375 2252 scripserat:

214 2279 378 2343 Plebem
406 2280 587 2361 quietam
617 2285 839 2344 exonerata
867 2281 906 2342 in
935 2277 1119 2344 colonias
1148 2277 1377 2342 multitudo

215 2387 453 2470 praestabat.
506 2386 684 2470 Eleganter
712 2395 745 2452 et
774 2394 851 2471 apte
880 2386 1125 2451 multitudinem
1148 2386 1377 2450 abundantem

215 2502 250 2558 et
283 2495 325 2559 ob
361 2516 432 2559 earn
468 2515 601 2559 causam
633 2502 929 2579 paupertatemque
963 2495 1189 2560 turbulentam
1222 2515 1288 2558 non
1317 2493 1378 2559 de·

216 2604 349 2668 ductam
383 2603 465 2668 dixit
500 2604 533 2667 in
568 2604 730 2682 colonias,
771 2604 828 2667 sed
861 2610 1019 2685 tanquam
1053 2624 1135 2667 onus
1170 2604 1309 2667 eiectam
1345 2609 1381 2668 et

216 2711 418 2776 exhaustam.
475 2712 583 2789 Quum
618 2713 788 2795 proprium
822 2711 956 2776 verbnm
991 2733 1092 2794 supra
1127 2712 1245 2792 aliquis
1274 2712 1381 2794 serip-

216 2822 329 2899 sisset,
363 2820 398 2884 id
431 2822 465 2883 in
500 2820 614 2886 ordine
647 2821 867 2903 perscriptum
901 2827 935 2885 ct
969 2820 1054 2885 male
1089 2841 1162 2884 cum
1196 2819 1382 2901 quietam

217 2929 406 3012 copulatum
438 2936 498 2993 est.
555 2927 635 3009 (cfr.
659 2950 802 3012 prooem.
828 2951 857 3010 p.
886 2928 949 3010 17.)
1006 2928 1232 2992 Exonerari
1263 2933 1381 2992 autern

218 3037 394 3121 dupliciter
423 3037 487 3101 dici
518 3043 551 3101 et
581 3036 621 3101 de
645 3058 705 3115 reo,
740 3039 792 3100 cui
821 3058 902 3101 onus
932 3037 1088 3116 demitur,
1124 3042 1158 3100 et
1181 3036 1222 3099 (le
1245 3037 1320 3118 ipsa
1343 3057 1382 3100 re

132 3161 200 3228 (189)
219 3145 381 3223 tollenda,
422 3166 493 3227 quae
531 3146 621 3210 oneri
656 3151 720 3224 est,
755 3145 860 3209 lexica
896 3145 1090 3223 ostendunt,
1124 3145 1245 3227 positis
1279 3143 1381 3210 huius

216 3254 411 3335 posterioris
446 3253 695 3335 significationis
725 3253 882 3336 exemplis
910 3252 1035 3332 Plauti,
1071 3252 1218 3330 Senecae,
1253 3253 1378 3331 Taciti3

216 3382 276 3424 nec
305 3360 400 3425 deest
429 3361 533 3444 ipsius
563 3361 659 3439 Livii,
694 3362 895 3426 simillimum
922 3362 998 3426 huic
1025 3361 1115 3441 1000,
1148 3368 1186 3425 ut
1209 3382 1230 3424 a
1252 3382 1304 3426 me
1329 3369 1382 3427 est

216 3470 400 3547 restitutus
423 3468 539 3548 XXIV,
566 3474 615 3549 29,
641 3474 655 3531 l
682 3467 737 3549 (de
757 3467 954 3552 Syracusisl:
978 3469 1134 3552 legatio
1157 3490 1382 3553 peroppor-

217 3583 314 3642 tuna
346 3578 432 3640 visa
460 3577 508 3641 ad
536 3577 838 3641 multitudinem
866 3577 1121 3643 inconditam
1150 3599 1195 3643 ac
1224 3580 1381 3644 tumul·

216 3691 377 3748 tunsam
406 3685 714 3749 exonerandam.
768 3684 937 3765 (Extremo
967 3687 1091 3769 capite,
1123 3685 1221 3768 §lh
1250 3686 1307 3751 ubi
1339 3688 1383 3753 de

217 3793 367 3876 patriciis
390 3794 497 3856 minus
521 3792 659 3856 firmiter
680 3794 911 3858 resistentibus
934 3793 998 3876 legi
1022 3795 1062 3857 de
1086 3794 1280 3859 sacerdotiis
1304 3816 1384 3862 cum

218 3901 315 3983 plebe
339 3900 619 3965 communicandis
644 3902 767 3981 agitur,
797 3902 897 3966 verba
926 3903 973 3966 sic
997 3902 1262 3984 interpungenda
1284 3911 1382 3969 sunt:

248 4172 271 4236 ¹)
292 4170 369 4239 [Cap.
395 4175 424 4238 4,
452 4175 469 4225 2
493 4172 550 4224 dixi
576 4190 599 4225 a.
621 4174 685 4225 1861
709 4173 847 4240 suspicari
869 4190 913 4227 me
932 4174 1043 4226 Livium
1066 4174 1211 4242 vigilias
1235 4176 1383 4231 vicatim
1489 4202 1495 4213 ·

288 4262 397 4323 actas,
425 4275 483 4310 non
502 4262 643 4310 exactae
663 4257 781 4323 dixisse3
807 4275 871 4311 narn
895 4258 928 4310 de
953 4259 1100 4328 diligentia
1124 4278 1219 4314 earum
1238 4261 1385 4330 exigenda

288 4358 346 4394 non
365 4342 418 4410 ogi.
454 4341 508 4394 Illo
528 4342 612 4395 modo
632 4342 688 4396 diei
707 4343 804 4409 solere,
823 4361 897 4398 nunc
917 4345 1161 4400 ll'eissenbornius
1181 4346 1322 4417 adnotat]
