2994 5108
228 471 291 526 mu
309 471 357 525 vr.
778 455 839 518 160

230 650 268 709 ut
306 644 397 728 prius
435 641 618 707 membrum
656 641 822 726 passivam
862 640 1003 706 formam
1041 638 1165 705 habeat
1205 635 1254 719 (in
1287 658 1388 703 causa

230 751 446 836 significanda
469 757 502 815 et
525 771 575 827 ec,
605 748 694 833 quod
717 750 815 814 vitari
838 750 998 833 optimum
1021 749 1126 814 visum
1149 745 1216 829 sit),
1245 746 1388 811 alterum

230 862 372 926 act-ivam
395 859 450 941 (de
474 880 523 937 co,
548 858 637 942 quod
659 859 767 922 iacere
789 858 893 921 visum
918 856 985 940 sit).
1030 856 1155 922 Trudi
1177 862 1228 921 cst
1249 856 1285 921 in
1308 854 1387 921 Lar.

121 983 126 993 ‘
230 975 259 1049 4,
284 968 395 1033 codice
418 988 484 1032 non
506 987 583 1031 raro
608 966 691 1031 scite
714 965 899 1031 emendato.
946 964 1070 1048 (1875.)

317 1075 395 1160 Cap.
426 1078 482 1155 27,
517 1079 535 1138 3
571 1072 641 1155 (ubi
677 1074 717 1138 de
751 1075 824 1138 aeris
858 1074 958 1139 alieni
993 1074 1122 1138 incerta
1147 1071 1237 1138 fama
1264 1071 1388 1156 agitur)

230 1206 295 1249 non
324 1189 414 1249 recte
444 1183 558 1247 scribi:
594 1181 919 1265 aggravantibus
954 1203 1143 1246 summam
1178 1180 1300 1246 etiam
1328 1180 1389 1245 in·

147 1306 216 1374 (134)
235 1292 354 1356 vidiae
378 1292 465 1356 eius
487 1290 668 1356 tribunis
692 1290 836 1375 plebis,
860 1311 977 1373 quum
999 1289 1047 1355 ab
1071 1290 1124 1355 iis
1147 1288 1390 1371 elevaretur,

231 1399 380 1483 quibus
408 1398 491 1464 fide
519 1400 647 1482 magis
677 1420 793 1482 quarn
820 1397 990 1464 fortuna
1012 1398 1251 1463 debentium
1272 1397 1390 1465 labo·

231 1529 324 1572 rare
359 1507 559 1572 creditum
589 1506 721 1571 videri
751 1506 1015 1591 expediebat,
1048 1506 1193 1572 Antonio
1215 1505 1390 1572 Perizonio

231 1623 264 1681 et
287 1615 419 1680 Dukero
444 1615 624 1694 assenticr;
646 1636 753 1698 neque
776 1615 862 1679 enim
884 1615 1046 1680 invidiae
1069 1635 1197 1680 summa
1219 1614 1393 1680 conficitur

232 1730 484 1807 aggravaturve,
518 1722 577 1788 sed
606 1724 679 1787 aeris
708 1722 807 1788 alieni
836 1744 963 1789 summa
991 1744 1064 1788 cum
1087 1723 1211 1788 invidia
1232 1743 1392 1806 aggrava-

231 1831 341 1896 batur.
396 1830 526 1916 Neque,
562 1832 591 1896 si
621 1852 769 1895 summa
796 1831 958 1896 invidiae
982 1831 1141 1911 cohaeret,
1174 1836 1265 1896 recte
1286 1831 1392 1897 inter·

232 1941 368 2023 ponitur
391 1941 524 2005 ctiam.
560 1937 776 2004 Scribeudum
790 1940 923 2023 opinor:
947 1940 1271 2023 aggravantibus
1290 1961 1391 2005 sum·

231 2069 328 2111 mam
351 2049 474 2113 etiam
497 2047 737 2110 invidiosius
756 2046 870 2131 (quam
887 2070 948 2132 pro
966 2049 1014 2113 rei
1031 2046 1183 2130 veritate)
1206 2047 1391 2116 tribunis

232 2155 377 2238 plebis.
438 2155 590 2221 Dukerus
632 2156 840 2221 invidiose
881 2155 981 2221 scribi
1014 2156 1180 2235 voluerat,
1218 2178 1286 2221 non
1320 2161 1393 2222 tam

232 2285 336 2346 prope
366 2263 408 2328 ad
435 2264 566 2329 traditae
596 2265 766 2347 scriptura
795 2264 950 2346 vestigia3
983 2285 1044 2330 nec
1074 2265 1196 2330 etiam
1218 2270 1392 2349 aptatum

232 2376 422 2454 poneretur.

320 2476 399 2562 Gap.
424 2483 481 2559 29,
516 2486 535 2543 4
569 2479 625 2561 (de
657 2480 870 2545 Praenestinis
901 2502 921 2545 a
949 2480 985 2546 T.
1010 2478 1163 2557 Quinctio
1194 2478 1392 2548 Cincinnato

234 2586 398 2653 dictatore
428 2586 553 2670 victis):
588 2588 651 2654 Ibi
685 2587 733 2669 (in
762 2594 939 2672 conspectu
967 2589 1179 2653 Praenestina
1205 2588 1313 2672 urbis)
1344 2610 1393 2655 ex

232 2694 327 2777 fuga
368 2694 562 2779 dissipati
600 2697 748 2775 Iocum,
794 2718 910 2779 quem
955 2697 1227 2763 tumultuario
1266 2718 1392 2783 opere

234 2805 537 2883 communirent,
566 2806 747 2888 capiunt.
799 2803 903 2869 Video
926 2806 1128 2889 comparari,
1157 2804 1248 2890 quod
1269 2806 1393 2890 legitur

233 2911 319 2990 VIII,
343 2916 394 2992 24,
421 2917 475 2976 10:
511 2912 841 2995 contrahensque
865 2934 959 2978 suos
983 2934 1028 2977 ex
1049 2912 1145 2996 fuga
1167 2914 1334 2998 palatos
1358 2922 1394 2981 et

234 3021 323 3103 quod
337 3018 447 3085 Caesar
462 3020 500 3084 B.
513 3020 551 3085 G.
564 3020 617 3099 VI,
642 3025 681 3084 35
705 3021 852 3103 scripsit:
875 3021 1025 3086 multos
1049 3044 1095 3087 cx
1116 3021 1215 3104 fuga
1237 3022 1392 3108 disper·

234 3149 298 3192 sos
335 3130 562 3213 excipiunt3
599 3129 656 3193 sed
689 3135 829 3211 utroquo
864 3129 938 3195 Ioco
974 3152 1018 3195 ex
1047 3130 1144 3214 fuga
1172 3128 1317 3195 refertur
1348 3131 1392 3197 ad

234 3236 408 3317 colligendi
432 3243 465 3300 ct
488 3237 703 3302 contrahendi
727 3239 910 3318 notionem,
940 3259 1012 3321 quae
1034 3238 1068 3303 in
1092 3239 1191 3304 verbo
1214 3240 1392 3325 principali

235 3341 348 3422 (etiam
383 3346 415 3407 in
451 3345 675 3429 excipiunt)
710 3344 855 3428 inest¹);
889 3367 934 3411 cx
968 3346 1064 3431 fuga
1099 3348 1296 3431 dissipari
1330 3349 1393 3416 ho·

233 3452 336 3514 minos
366 3452 428 3515 dici
456 3474 555 3535 posse
578 3475 661 3535 nego
684 3453 748 3516 nisi
771 3454 832 3533 ita,
866 3460 903 3519 ut
931 3462 1006 3539 post
1034 3456 1143 3539 ipsam
1172 3455 1393 3539 primamfu·

234 3579 308 3640 gam
331 3559 462 3640 longius
486 3559 603 3624 deinde
628 3561 766 3644 dispersi
792 3561 1018 3644 significentur
1042 3562 1093 3645 (ut
1115 3563 1224 3644 XXII,
1255 3568 1309 3645 55,
1341 3564 1394 3648 4);

233 3668 347 3750 itaque
381 3689 568 3751 perversum
602 3676 667 3747 est,
702 3691 758 3734 eos
792 3669 918 3754 aliquid
954 3693 997 3735 ex
1030 3671 1125 3752 fuga
1159 3670 1394 3755 dissipatos

232 3774 340 3839 iacere
363 3777 412 3840 ita
435 3776 513 3855 dici,
542 3781 580 3839 ut
608 3776 640 3840 id
669 3783 747 3860 post
776 3775 887 3859 fugam
916 3800 936 3842 a
959 3779 1190 3860 colligentibus
1221 3800 1295 3845 sese
1323 3780 1395 3847 fac·

232 3888 303 3947 tum
326 3884 544 3965 intellegatur.
591 3884 716 3948 Livium
742 3886 842 3967 igitur
863 3887 917 3951 hic
939 3889 1109 3971 scripsisse
1133 3891 1231 3971 puto:
1259 3887 1324 3954 Ibi
1347 3910 1395 3955 ex

233 3990 326 4073 fuga
359 3991 551 4071 dissipata
584 3992 716 4057 Iocum
742 4029 786 4038 —
809 3995 993 4079 capiunt,
1027 3994 1305 4078 quemadmodum
1333 3997 1393 4065 lib.

261 4245 284 4311 ¹)
302 4246 393 4299 Aliter
414 4246 519 4313 XLIII,
549 4249 592 4314 10,
620 4247 776 4303 8dicitur:
808 4254 845 4303 ut
868 4267 948 4304 suos
971 4249 1161 4321 dissipatos
1183 4248 1263 4321 suga
1286 4253 1395 4309 colli·

302 4335 412 4398 geret3
431 4348 496 4384 nam
514 4331 594 4400 fuga
613 4332 782 4404 dissipari
799 4340 907 4389 rectum
926 4341 976 4390 cst.
