2994 5108
733 477 773 538 39

174 659 208 722 in
231 659 459 725 communibus
482 658 652 725 codicibus
675 682 715 726 ex
738 662 795 728 illo
820 663 901 728 ortis
924 662 1081 728 mendose
1104 665 1228 748 scripta
1246 670 1332 742 sunt,

176 769 211 833 in
234 767 416 834 Veronensi
438 775 527 834 recte
550 769 748 849 scribuntur,
772 770 838 835 alia
859 773 996 850 minora,
1019 773 1140 855 partim
1163 772 1332 853 eiusmodi,

173 897 248 961 quae
281 875 410 960 pridem
444 877 636 944 coniectura
670 886 820 944 correcta
853 901 925 945 esse
958 880 1056 963 vulgo
1090 903 1156 947 non
1184 881 1331 946 animad-

173 986 327 1064 vertitur,
361 985 429 1049 alia
455 986 592 1065 maiora,
617 987 651 1050 in
673 987 793 1069 quibus
816 989 959 1053 virorum
983 988 1155 1054 doctorum
1178 988 1329 1054 emenda·

172 1095 281 1159 tiones
315 1092 564 1173 confirmantur,
600 1096 699 1160 etiam
733 1097 918 1180 complures
951 1097 1127 1178 nostree1),
1160 1097 1327 1177 nonnulla,

173 1223 247 1286 quse
275 1207 432 1286 suspecta
452 1203 680 1270 tantummodo
704 1205 761 1269 uni
783 1204 972 1289 pluribusve
994 1204 1140 1286 fuerant,
1169 1205 1329 1288 quaedam,

172 1332 247 1395 quse
279 1332 375 1376 nemo
410 1311 608 1394 suspicando
643 1314 816 1396 attigerat,
856 1315 889 1378 in
929 1335 994 1396 qno
1033 1335 1151 1396 genere
1185 1314 1329 1379 eminent

172 1441 274 1502 quum
296 1417 524 1504 supplementa
547 1420 611 1485 duo
635 1421 778 1504 plurium
800 1422 974 1487 verborum
998 1420 1064 1503 (IV,
1094 1426 1144 1502 25,
1167 1429 1197 1502 4,
1225 1421 1263 1502 V,
1287 1426 1327 1487 53

173 1528 274 1610 init),
303 1551 405 1593 unum
428 1529 524 1592 unius
548 1527 620 1609 (IV,
650 1533 706 1609 26,
739 1529 808 1612 12),
837 1538 908 1596 tum
937 1532 1093 1596 omissum
1121 1531 1154 1594 in
1183 1530 1247 1610 Ill,
1278 1535 1327 1610 56,

175 1642 212 1702 12
237 1635 500 1701 additamentum
523 1644 556 1702 et
580 1645 745 1703 servotum
768 1639 804 1718 V,
834 1645 884 1719 41,
915 1643 933 1703 3
957 1639 1130 1723 antiquum
1150 1659 1327 1722 rarumque

110 1774 115 1782 ·
170 1744 336 1830 pontificis
364 1745 497 1809 maximi
519 1766 651 1826 nomen,
686 1748 779 1812 cuius
808 1748 842 1811 in
865 1747 1013 1812 Mediceo
1041 1746 1200 1811 eiusmodi
1229 1747 1327 1812 vesti-

170 1856 262 1938 gium
291 1859 456 1938 superest,
490 1861 528 1919 ut
556 1862 632 1938 post
659 1856 806 1920 codicem
828 1855 1119 1922 Nicomachiannm
1148 1854 1327 1937 interpola-

172 1964 264 2030 tione
296 1963 439 2028 alternm
473 1962 656 2027 subiectum
689 1970 860 2047 appareat.
913 1963 1036 2046 (Etiam
1070 1963 1103 2027 in
1131 1962 1173 2041 V,
1208 1968 1241 2043 7,
1278 1966 1326 2040 13,

171 2072 287 2154 equis
312 2071 398 2136 suis
421 2091 589 2150 merere,
619 2072 652 2134 in
676 2072 747 2138 solo
771 2072 805 2137 M
826 2080 925 2138 tenne
949 2072 1121 2154 vestigium
1143 2072 1212 2134 reri
1234 2091 1326 2135 man·

170 2178 286 2260 serat.)
341 2178 459 2262 ltaque
494 2179 556 2244 etsi
592 2201 632 2243 ex
664 2179 764 2262 longo
800 2180 929 2250 ordine.
965 2201 1063 2264 quern
1091 2178 1325 2245 Mommsenius

170 2311 202 2371 p.
230 2291 288 2351 185
311 2308 382 2370 sqq.
407 2286 550 2371 explicat
573 2309 686 2354 eorum
709 2289 873 2368 locorum,
903 2290 936 2352 in
965 2289 1086 2371 quibus
1108 2286 1199 2354 solus
1223 2287 1250 2351 V
1253 2309 1324 2353 ero·

169 2397 281 2461 nensis
303 2417 416 2460 verum
439 2397 585 2476 servarit,
608 2397 785 2462 nonnullos
810 2397 1052 2463 subtrahendos
1075 2403 1156 2480 puto
1181 2395 1236 2478 (de
1259 2418 1324 2460 uno

169 2504 318 2589 quidem,
347 2526 444 2588 quem
466 2505 494 2569 is
517 2505 657 2570 maxime
681 2505 896 2588 amplexatur,
924 2505 981 2584 Ill,
1011 2509 1060 2585 65,
1093 2512 1118 2582 1,
1140 2502 1235 2569 valde
1258 2504 1325 2569 dis·

169 2611 308 2694 sentio),
342 2620 453 2678 tamen
487 2634 686 2697 permagnus
716 2636 757 2678 ex
785 2614 841 2679 illo
871 2613 984 2680 codice
1013 2613 1140 2678 fructus
1169 2613 1212 2677 ad
1241 2612 1324 2678 Livii

169 2723 332 2788 orationis
364 2721 589 2804 integritatem
624 2722 852 2805 expoliendam
887 2729 1063 2806 perceptus
1092 2728 1142 2786 001
1171 2720 1206 2803 (0
1227 2721 1323 2787 nobis

169 2832 202 2895 in
242 2830 346 2895 altera
387 2829 532 2894 editione
571 2829 730 2895 librorum
765 2832 910 2915 quinque
944 2831 1125 2913 primorum
1158 2836 1191 2894 et
1225 2829 1323 2911 sexti)

167 2939 443 3021 vehementerque
467 2936 658 3018 dolendum,
693 2940 784 3020 quod
812 2962 878 3004 non
900 2961 959 3023 per
981 2945 1070 3004 totos
1093 2937 1196 3002 libros
1218 2958 1324 3021 neque

168 3069 231 3132 per
253 3068 363 3111 omnes
386 3047 456 3111 eius
479 3048 668 3112 testimonio
692 3048 734 3111 ad
758 3055 941 3113 ceterorum
958 3046 1056 3111 fidem
1074 3045 1323 3110 examinandam

168 3157 301 3221 utimur.
337 3154 420 3220 Sunt
442 3154 499 3219 alii
520 3154 595 3235 loci,
619 3157 652 3218 in
676 3155 795 3239 quibus
819 3178 918 3239 quum
942 3163 975 3219 et
992 3153 1324 3221 Nicomachianorum

167 3264 320 3330 codicum
342 3271 376 3328 01
398 3263 595 3328 Veronensis
618 3265 784 3347 scriptura
806 3264 949 3329 orationi
972 3269 1005 3327 01
1029 3263 1201 3327 sententies
1225 3263 1322 3328 satis-

166 3373 285 3452 faciat,
318 3372 458 3437 maxime
487 3373 677 3457 proclivitas
706 3373 748 3438 ab
778 3374 884 3439 altera
913 3372 956 3436 ad
985 3371 1124 3436 alteram
1146 3370 1322 3436 aberrandi

104 3546 109 3557 ,
167 3480 384 3565 ponderanda
406 3488 458 3546 est
481 3490 554 3560 0111,
588 3482 616 3546 01
645 3482 738 3546 nulla
767 3482 900 3548 suntin
924 3481 1173 3546 alteramutram
1194 3487 1322 3563 partem

166 3591 335 3656 rationum
368 3597 549 3669 momenta,
583 3588 762 3656 secundnm
790 3588 1063 3655 Nicomachianos
1098 3595 1132 3653 et
1164 3587 1321 3653 traditam

167 3704 401 3782 receptamque
424 3696 562 3762 formam
585 3698 743 3778 dandum,
773 3705 810 3763 ut
831 3698 889 3779 III,
919 3703 947 3779 6,
976 3702 995 3762 6
1018 3696 1248 3763 referentes
1270 3717 1321 3760 re-

166 3807 336 3884 tinuimus,
358 3805 386 3869 V
409 3813 673 3888 reportantes
696 3805 806 3872 habet.
858 3805 922 3871 Sed
946 3813 1022 3871 sunt
1045 3807 1145 3871 etiam
1167 3805 1241 3883 loci,
1264 3802 1321 3867 ubi

167 3914 415 3980 Nicomachiani
448 3921 481 3979 01
514 3914 712 3981 Veronensis
753 3916 787 3980 in
825 3913 1102 3980 manifestissimis
1141 3912 1319 3992 erroribus

197 4196 220 4256 ¹)
237 4191 300 4246 Uno
323 4199 353 4246 et
375 4192 463 4245 altero
486 4192 548 4246 loeo
565 4192 659 4247 mendi
677 4210 694 4246 a
711 4211 756 4247 me
774 4195 913 4264 perspecti
932 4195 1015 4248 aliam
1033 4191 1236 4247 correctionem
1254 4187 1316 4241 cod.

237 4277 371 4345 ostendit,
389 4282 421 4332 ut
434 4277 484 4346 III,
502 4281 544 4345 65,
561 4281 578 4333 6
596 4278 760 4348 (qnoque),
778 4279 810 4347 V,
829 4282 871 4347 55,
893 4280 996 4346 11000,
1015 4277 1091 4346 quod
1109 4276 1138 4329 in
1153 4272 1318 4343 praelatione

236 4362 310 4418 Livii
327 4363 383 4418 vol.
402 4362 415 4416 l
433 4368 570 4433 notarem,
589 4365 615 4418 V
632 4364 724 4433 tollit).
