2994 5108
215 472 277 527 Lib.
304 473 442 527 XXXVII.
769 464 830 524 530

304 645 383 728 Cap.
409 650 468 725 26,
498 651 516 710 6
546 657 580 711 et
609 653 626 711 7
657 648 712 727 (de
737 645 897 711 Antiocho
920 646 1068 724 Notium,
1098 645 1257 729 oppidum
1280 643 1377 709 Colo·

216 754 424 835 phoniorum,
449 755 687 838 oppugnante):
710 755 758 819 Et
781 756 909 837 ipsam
931 753 1068 817 urbem
1091 772 1171 817 suae
1194 759 1377 835 potesta·

217 862 272 924 tis
304 882 393 926 esse
417 862 597 940 volebat,
627 862 727 927 adeo
751 863 1021 945 propinquam
1044 859 1224 943 Epheso,
1255 866 1300 924 ut
1322 861 1378 924 ni·

217 968 275 1032 hil
298 974 415 1034 terra
437 971 588 1034 marive
611 969 750 1053 (Ephesi
772 969 968 1048 Antiochus)
991 975 1140 1049 ageret,
1170 967 1276 1048 quod
1298 988 1374 1032 non

220 1075 450 1141 subiectum
484 1076 617 1141 oculis
647 1075 997 1161 Colophoniorum
1031 1096 1076 1139 ac
1110 1095 1180 1159 per
1214 1093 1282 1139 eos
1310 1096 1379 1139 no·

218 1190 300 1247 tum
329 1184 533 1267 extemplo
557 1185 752 1259 Romanis
782 1190 909 1261 esset,
943 1203 1059 1265 quos,
1094 1182 1237 1247 audita
1265 1181 1376 1248 obsi·

218 1291 353 1370 dione,
387 1312 462 1356 non
502 1291 723 1357 dubitabat
755 1291 803 1356 ad
837 1312 949 1374 opem
976 1291 1098 1356 socia
1126 1289 1218 1354 urbi
1242 1289 1377 1354 feren·

218 1398 304 1462 dam
343 1399 515 1464 classem
556 1421 576 1464 a
610 1398 729 1465 Samo
763 1406 962 1478 moturos,
1002 1419 1085 1462 eam
1119 1398 1377 1462 occasionem

218 1506 477 1588 Polyxenida
508 1507 556 1571 ad
578 1528 658 1571 rem
682 1505 900 1589 gerendam
923 1504 1020 1569 iore.
1069 1503 1195 1569 Pendet
1218 1510 1259 1568 et
1281 1505 1377 1569 initio

218 1615 321 1678 totius
350 1615 519 1679 sententia
547 1616 690 1697 positum
719 1634 780 1679 nec
802 1614 950 1697 sequitur
972 1613 1078 1678 altera
1101 1632 1201 1677 cansa
1223 1611 1302 1677 huic
1325 1611 1379 1694 (et

218 1721 347 1804 ipsam
370 1720 522 1801 urbem)
540 1722 759 1805 respondens3
783 1742 859 1786 nam
882 1703 1045 1805 duplicem
1069 1741 1203 1785 oausam
1227 1718 1379 1802 studiose

218 1837 378 1912 susceptae
412 1830 461 1894 rei
494 1828 672 1910 significari
706 1835 860 1912 apparet,
901 1828 1042 1893 alteram
1076 1829 1110 1892 in
1144 1827 1252 1910 ipsius
1284 1826 1381 1891 urbis

218 1938 425 2020 possessione
447 1937 605 2019 positam,
639 1936 780 2002 alteram
808 1939 841 2001 in
868 1957 904 2001 re
935 1936 1102 2001 adiuncta.
1160 1932 1304 2017 Scripsit
1326 1933 1380 1998 Li·

218 2046 304 2108 vius:
339 2044 388 2109 Et
415 2046 545 2127 ipsam
573 2044 708 2109 urbem
739 2066 817 2109 sua
840 2064 930 2109 esse
953 2044 1179 2126 potestatis
1202 2041 1378 2121 volebat,

217 2185 274 2229 —,
304 2157 339 2213 et
372 2153 437 2214 hos
477 2152 688 2233 (Romanos),
725 2152 864 2216 audita
887 2152 1120 2229 obsidione,
1154 2170 1235 2216 non
1258 2149 1379 2214 dubi-

19 2275 22 2281 ‘
133 2260 339 2342 (restabat
363 2268 423 2323 cet.
480 2259 613 2325 Excidit
642 2267 682 2324 et
709 2266 785 2342 post
813 2265 940 2338 esset;
974 2258 1092 2324 deinde
1119 2257 1244 2323 factum
1266 2277 1379 2339 quos.

217 2366 254 2430 In
285 2366 508 2433 anacoluthon
535 2367 644 2432 Livius
677 2369 711 2431 in
745 2367 805 2432 tali
833 2367 992 2431 orationis
1020 2365 1127 2431 forma
1154 2373 1225 2429 tam
1258 2372 1378 2448 aperte

218 2474 371 2540 instituta
394 2458 427 2539 et
449 2482 518 2539 tam
540 2474 629 2539 sacili
651 2475 797 2539 incidere
820 2496 885 2538 non
908 2474 1026 2557 potuit.
1077 2471 1181 2537 Paulo
1205 2478 1291 2555 post,
1320 2471 1380 2536 ubi

218 2582 328 2661 agitur
352 2582 392 2646 de
423 2581 457 2646 L.
481 2582 614 2647 AEmilio
643 2589 783 2666 praetore
817 2587 993 2646 cunctante
1024 2578 1239 2662 Colophoniis
1270 2577 1381 2660 (Notii

216 2689 346 2770 incolis)
382 2690 539 2755 auxilium
572 2689 674 2769 ferre,
715 2691 762 2753 sic
802 2689 958 2753 scribitur
993 2686 1024 2769 (ἓ
1061 2686 1130 2767 12):
1171 2686 1381 2751 Eudamus

217 2797 415 2873 Rhodius,
457 2799 525 2879 qui
560 2804 598 2862 ct
631 2804 823 2861 tenuerat
857 2818 943 2860 eum
988 2795 1096 2860 Sarni
1141 2796 1381 2877 cupientem

217 2905 433 2986 proficisci
461 2906 500 2967 in
528 2904 855 2987 Hellespontum,
890 2904 1109 2985 cunctique
1146 2904 1310 2966 instare
1340 2909 1383 2967 et

218 3011 370 3091 dicere,
405 3018 557 3094 quanto
592 3013 724 3076 satius
760 3032 850 3075 esse
884 3011 946 3075 vel
983 3011 1120 3079 socios
1156 3009 1381 3074 obsidione

218 3121 390 3183 eximere
425 3119 486 3183 vel
522 3127 582 3183 eet.
639 3120 815 3196 Vitiosum,
849 3127 886 3182 ut
914 3119 992 3183 ferri
1021 3123 1180 3199 nequeat:
1216 3118 1381 3197 dicere,

217 3233 370 3309 quanto
406 3227 535 3291 satius
570 3248 661 3291 esse
690 3225 948 3309 [perversissime
978 3231 1188 3307 comparatur
1217 3222 1288 3289 Cic.
1320 3247 1384 3309 pro

215 3333 324 3414 ΜΗ
355 3339 409 3410 lc,
444 3332 575 3397 sublata
603 3340 695 3398 recta
724 3334 990 3416 interrogationis
1018 3332 1139 3396 forma:
1175 3339 1382 3415 quantum

215 3475 258 3483 —
287 3439 548 3524 accepimus];
588 3443 615 3505 si
650 3449 758 3505 esset
791 3443 977 3524 scripseris,
1016 3440 1230 3523 subiueptum
1265 3447 1382 3506 tamen

217 3556 280 3611 est:
322 3549 472 3626 dicere,
507 3554 660 3631 quanto
695 3550 830 3613 satius
859 3555 987 3626 esset,
1023 3568 1123 3630 quum
1152 3549 1383 3615 rectissimum

217 3663 316 3718 esset:
357 3691 400 3700 —
433 3658 610 3735 instare;
651 3661 802 3738 quanto
843 3657 976 3720 satius
1010 3676 1099 3720 esse
1135 3662 1216 3735 cet.;
1256 3657 1384 3721 saltem

217 3761 367 3826 dixisset:
403 3769 442 3826 et
470 3763 680 3827 disserere
703 3772 761 3826 aut-
784 3770 822 3826 et
844 3763 1016 3843 exsequi
1039 3768 1096 3826 aut
1119 3764 1287 3828 instare
1311 3785 1384 3829 ex·

217 3871 433 3952 sequendo.
478 3869 610 3948 Vereor,
639 3890 679 3933 ne
702 3870 854 3934 mendum
878 3870 986 3934 subsit
1010 3869 1295 3954 scribendumque
1320 3873 1381 3937 sit:

216 3977 384 4053 instare,
415 3983 456 4040 ut
479 3977 663 4041 duceret:
693 3977 855 4054 Quanto
880 3980 1010 4042 satius
1034 3998 1125 4041 esse
1149 3986 1212 4043 cet.
1257 3977 1326 4043 cfr.
1352 4000 1380 4045 c.

219 4086 267 4160 39,
293 4087 326 4146 3:
356 4082 657 4148 Conclamatum
680 4085 858 4167 undique
882 4092 952 4162 est,
975 4085 1145 4149 duceret
1169 4086 1382 4169 extemplo

217 4197 257 4252 et
280 4197 469 4255 uteretur
492 4191 637 4255 ardore
660 4192 843 4256 militum.
