2994 5108
727 504 766 565 '71
1209 516 1272 572 Lib.
1291 517 1326 571 11.

166 690 298 751 tantum
328 686 400 753 haec
433 687 622 772 scripsisse:
662 686 738 753 Sed
777 708 849 752 nec
883 688 1029 773 quibus
1070 689 1324 767 oonsulibus,

167 794 265 877 quia
288 815 334 861 ex
357 795 551 862 iactTar.
571 801 711 861 essent
734 793 787 876 (id
811 816 970 881 quoque
994 798 1097 862 enim
1119 799 1325 881 traditur),

167 923 310 986 parum
348 904 552 969 creditum
591 905 660 983 sit,
699 923 774 968 nec
813 905 905 986 quis
938 905 1109 987 primum
1143 904 1325 971 dictator

165 1016 333 1077 creatus
362 1013 431 1092 sit,
464 1013 567 1078 satis
596 1017 772 1078 constat.
811 1011 899 1077 Illud
928 1032 999 1077 nec
1028 1034 1105 1095 quo
1134 1035 1237 1080 auno
1267 1015 1324 1079 ad-

167 1119 329 1204 scriptum
357 1126 409 1186 est
435 1119 643 1186 declarandae
665 1120 715 1185 rei
743 1141 846 1185 causa
873 1119 1016 1186 fortasse
1038 1121 1081 1186 ab
1105 1120 1232 1206 aliquo,
1267 1124 1324 1207 q‘ui

165 1247 233 1292 non
261 1228 344 1294 satis
373 1228 571 1295 attendisset
600 1229 643 1294 ad
667 1228 751 1293 Livii
775 1229 934 1302 orationis
957 1228 1154 1294 brevitatem
1177 1229 1323 1310 studiose

164 1337 355 1419 quesitam,
389 1358 456 1419 qua
482 1338 641 1421 temporis
666 1343 700 1402 et
722 1358 830 1402 causae
853 1335 1048 1420 significatio
1071 1339 1105 1402 iu
1128 1359 1227 1403 unam
1251 1360 1323 1404 sen-

163 1443 304 1510 tentiam
330 1444 503 1511 coufletur.
549 1443 659 1526 (Quod
686 1446 721 1509 iu
751 1444 824 1510 cod.
848 1444 1028 1530 archetypo
1058 1445 1215 1530 seriptum
1244 1444 1321 1511 fuit:

163 1550 313 1634 quibus
335 1551 437 1619 facti
460 1552 709 1633 consulibus,
732 1560 840 1618 ortum
863 1552 993 1619 videtur
1013 1553 1149 1619 librario
1172 1554 1322 1637 primum,

163 1681 267 1744 quum
301 1662 450 1746 quibus
478 1661 681 1744 scripsisset,
711 1660 888 1726 aberrante
918 1661 961 1726 ad
991 1662 1086 1744 quia
1113 1683 1172 1740 ex,
1203 1663 1319 1727 deiude

162 1769 199 1832 iu
221 1768 331 1835 media
352 1790 432 1835 voce
453 1769 641 1835 factione
664 1790 736 1835 sese
758 1769 973 1851 retrahente.)

250 1874 330 1961 Cap.
357 1882 405 1958 19,
428 1883 464 1942 7:
493 1876 573 1942 Nec
596 1877 752 1943 fefellit
774 1878 941 1955 veniens
965 1875 1147 1959 (AEbutius)
1171 1878 1316 1943 Tuscu·
1334 1895 1387 1965 (58)

161 1984 298 2050 lanum
321 1986 480 2066 ducem,
514 1966 662 2052 contra
691 2008 804 2070 quem
834 1991 874 2051 et
895 1985 967 2049 ille
991 1986 1144 2050 incitat
1166 2007 1317 2068 equum.

161 2092 347 2159 Admodum
365 2095 568 2179 ineleganter
585 2116 766 2180 pronomen
782 2094 955 2160 relativum
973 2094 1107 2177 ponitur
1118 2115 1182 2159 non
1194 2094 1319 2160 Tuscu·

160 2200 275 2266 lanum
298 2201 425 2283 ducem,
448 2202 506 2268 sed
528 2203 702 2269 AEbutium
724 2201 926 2286 significans3
956 2202 1150 2267 restituetur
1171 2209 1263 2268 recte
1286 2212 1320 2269 et

162 2309 284 2375 Latina
319 2310 480 2376 orationis
513 2309 635 2392 forma,
674 2319 712 2376 ut
743 2312 904 2394 negativae
938 2311 1109 2376 sententiae
1143 2310 1318 2377 affirmatio

160 2417 278 2483 eodem
305 2425 459 2501 spectans
488 2419 674 2503 copulative
704 2418 783 2500 (uon
806 2419 1023 2501 adversative)
1046 2419 1261 2502 adiungatur,
1291 2422 1319 2485 si

160 2514 318 2592 lineolam
346 2526 520 2592 sustuleris
548 2528 654 2593 vocali
677 2535 830 2592 extremae
851 2527 1054 2612 impositam:
1091 2533 1317 2610 contraque

161 2640 202 2699 et
229 2633 302 2700 ille
325 2635 478 2701 incitat
500 2656 653 2719 equum.
699 2634 784 2716 (Lib.
807 2635 833 2714 l,
856 2640 897 2700 49
921 2641 1001 2700 extr.
1026 2635 1096 2700 cod.
1120 2635 1317 2720 archetypus

159 2740 281 2808 habuit
301 2763 373 2827 per
395 2765 510 2827 quem
532 2765 593 2827 pro
616 2765 779 2829 perque,
803 2752 840 2808 ut
863 2750 1002 2827 apparet
1025 2764 1064 2808 ex
1087 2742 1171 2824 ΜΡ.)

247 2847 346 2935 *Cap
370 2854 421 2930 21,
444 2858 478 2916 4:
512 2850 632 2916 Tanti
656 2872 819 2916 errores
842 2851 1056 2935 implicant
1077 2859 1316 2935 temporum,

158 2993 217 3038 -,
251 2965 297 3023 ut
329 2979 400 3024 nee
433 2961 500 3042 qui
534 2960 725 3026 consules
757 2958 973 3024 secundum
1003 2958 1211 3041 quosdam,
1246 2981 1316 3024 uec

159 3066 258 3149 quid
304 3087 467 3152 qnoque
507 3088 608 3133 anno
648 3073 784 3133 actum
825 3069 897 3148 sit,
943 3067 1130 3150 digerere
1169 3069 1315 3150 possis.

159 3173 324 3240 Vitiosum
352 3195 423 3240 csse
447 3177 656 3260 quosdam,
691 3183 839 3241 senserat
861 3175 1029 3254 Dukerus,
1063 3176 1126 3240 etsi
1149 3177 1192 3254 is,
1227 3174 1340 3258 quod

158 3302 288 3362 vereor,
322 3304 364 3348 ne
386 3284 498 3349 multis
521 3283 693 3364 acciderit,
728 3283 946 3349 secundum
976 3283 1171 3366 quosdam
1194 3285 1315 3368 accipit

157 3389 199 3456 de
222 3391 433 3473 auctoribus3
470 3392 586 3457 Latine
620 3391 830 3474 loquentibus
858 3394 885 3457 is
914 3392 1131 3457 secuudum
1160 3391 1315 3456 Livium

157 3498 306 3564 consul
338 3499 435 3580 fuit,
470 3501 526 3582 qui
555 3499 683 3564 Livium
716 3501 750 3565 in
784 3499 958 3564 consulatu
993 3507 1122 3565 secutus
1151 3507 1215 3580 est,
1249 3523 1315 3566 nou

156 3627 257 3689 quern
293 3607 405 3673 Livius
443 3614 563 3674 auctor
602 3616 654 3674 est
691 3608 860 3675 consulem
893 3607 1008 3688 fuisse;
1047 3607 1104 3672 sed
1137 3629 1197 3673 uec
1231 3631 1313 3692 quos

157 3715 240 3780 certi
273 3716 409 3798 quidam
442 3722 596 3783 auctores
629 3716 780 3782 consules
816 3715 919 3782 fuisse
946 3715 1131 3796 traderent,
1166 3739 1226 3782 nec
1256 3718 1313 3800 qui

156 3822 310 3889 consules
347 3830 425 3908 post
464 3832 573 3891 certos
606 3824 766 3908 quosdam
800 3824 869 3907 (qui
902 3823 985 3889 nulli
1020 3825 1127 3905 eraut)
1161 3824 1312 3903 fuissent,
1343 3842 1346 3849 ’

155 3931 369 4014 querebatur
397 3952 437 3997 ac
464 3932 697 4012 dubitabatur,
731 3932 789 3998 sed
817 3932 857 3997 de
885 3953 961 3998 vero
990 3932 1160 3998 consulum
1187 3932 1311 4010 ordine,

156 4058 259 4123 quum
285 4045 440 4106 auctores
469 4041 707 4125 discreparent.
764 4038 859 4118 Quod
887 4047 963 4106 ante
991 4041 1113 4105 multos
1136 4062 1240 4106 annos
1262 4041 1311 4104 in·

154 4144 358 4228 tellexeram,
382 4147 504 4233 duplex
526 4171 546 4215 a
570 4149 660 4214 Livio
682 4148 955 4232 interrogativum
974 4169 1154 4233 pronomen
1167 4148 1310 4231 positum

154 4253 256 4322 fuisse
279 4255 350 4339 (qui
373 4256 523 4323 consules
546 4277 629 4340 quos
653 4257 758 4322 secuti
781 4263 906 4335 essent,
940 4256 1003 4320 hoc
1025 4263 1084 4334 est,
1113 4276 1178 4338 quo
1201 4277 1235 4321 se
1258 4276 1311 4321 or-

156 4362 231 4429 dine
260 4365 411 4432 eonsules
434 4363 670 4450 excepissent),
704 4364 798 4430 video
828 4366 928 4430 etiam
950 4365 1133 4448 Hauptium
1161 4365 1310 4430 animad-
