2994 5108
222 482 283 537 Lib.
303 480 402 536 XXIV.
625 512 635 523 -
771 468 832 529 352

222 653 480 731 Carmentalem,
514 652 571 716 sed
606 653 695 716 intra
728 671 801 715 eam
838 650 941 717 fuisse
969 659 1113 730 constet,
1147 653 1309 717 retinetur
1337 652 1380 718 ab

223 762 391 840 omnibus,
431 760 522 845 quod
561 760 672 824 nescio
712 760 786 841 quis
826 767 919 825 vetus
954 759 1078 839 editor,
1117 762 1248 825 nomine
1283 761 1381 845 Spei

223 875 339 933 contra
361 868 491 934 codices
514 867 638 945 addito,
667 865 791 931 effecit:
827 866 872 931 11
894 868 1059 952 templis
1081 868 1117 934 F.
1142 875 1183 933 et
1205 868 1248 933 M.
1271 867 1315 933 M.
1340 877 1381 934 et

224 976 319 1060 Spei
347 983 462 1042 extra
490 982 650 1058 portam
679 982 740 1061 cet.
793 975 877 1039 Nam
900 974 977 1059 Spei
1007 976 1165 1060 templum
1187 983 1282 1042 extra
1304 999 1382 1061 por·

222 1091 292 1148 tam
314 1084 405 1148 illam
428 1083 529 1157 fuisse
553 1091 586 1147 et
608 1090 678 1147 tum
696 1082 927 1164 conflagrasse,
950 1085 1071 1149 scimus
1090 1105 1108 1148 0
1127 1085 1212 1151 libro
1230 1084 1332 1165 XXV,
1351 1090 1380 1149 7.

224 1192 289 1256 Sed
317 1193 373 1275 qui
402 1199 542 1275 possunt
570 1192 603 1254 in
631 1191 694 1254 hac
724 1191 879 1274 copulata
907 1193 1152 1258 enumeratione
1179 1192 1244 1258 duo
1267 1195 1379 1278 priora

132 1321 206 1388 (111)
225 1301 349 1383 templa
378 1323 398 1366 a
425 1301 525 1366 tertio
560 1300 708 1383 separari
742 1306 775 1362 01
808 1300 895 1363 11111
926 1307 1056 1383 portam
1089 1300 1190 1366 fuisse
1212 1300 1381 1385 intellegi?

224 1408 288 1473 Cur
324 1431 435 1474 eorum
470 1409 608 1486 mentio,
644 1429 664 1471 a
693 1408 920 1491 superioribus
951 1409 1115 1485 seiuncta,
1150 1429 1224 1473 oum
1253 1430 1380 1479 eorum.

223 1538 295 1600 quae
314 1525 406 1582 extra
424 1522 554 1601 portam
572 1514 714 1593 suerunt,
726 1517 1034 1582 commemoratione
1052 1517 1282 1598 coniungitur?
1300 1516 1382 1595 Quae

223 1625 342 1690 deinde
365 1624 433 1690 haec
456 1633 507 1690 est
529 1625 685 1708 pravitas,
709 1624 747 1687 in
770 1623 935 1706 templis
951 1625 1111 1703 'vagatum
1134 1626 1241 1707 ignem
1264 1646 1382 1690 sacra

223 1733 474 1816 profanaque
503 1733 608 1797 multa
637 1732 884 1815 absumpsisse?
919 1731 1031 1798 Livius
1054 1733 1247 1816 scripserat:
1283 1732 1381 1799 Solo

222 1849 382 1924 aequata
412 1842 544 1907 omnia
572 1842 682 1905 inter
704 1840 865 1904 Salinas
893 1861 938 1904 ao
966 1847 1125 1923 portam
1148 1839 1383 1906 Carmenta·

223 1949 297 2013 lem
337 1971 420 2014 cum
454 1948 703 2032 AEquimaelio
738 1948 986 2030 Iugarioque
1019 1949 1108 2013 vico
1140 1957 1179 2012 01
1212 1947 1382 2032 templis

222 2057 411 2122 Fortunae
446 2079 490 2122 ac
525 2058 673 2122 Matris
707 2057 880 2121 Matutae.
943 2056 1069 2121 Extra
1102 2065 1270 2140 portam.
1295 2056 1382 2123 late

171 2240 179 2254 ἱ
224 2172 398 2248 vagatus
426 2167 533 2248 ignis
562 2186 678 2229 sacra
705 2162 803 2248 pros.
829 2186 870 2228 m.
894 2165 974 2230 abs.
1000 2164 1100 2245 (inter
1122 2187 1162 2229 01
1185 2185 1282 2230 saera
1305 2163 1382 2249 Spei

222 2273 396 2356 templum,
430 2275 524 2337 cuius
553 2294 672 2338 nomen
694 2273 805 2336 Livius
834 2272 864 2336 h.
888 2272 908 2336 1.
934 2271 1069 2353 omisit).
1124 2273 1194 2337 lam
1217 2278 1308 2338 recta
1330 2294 1380 2338 se-

223 2388 393 2463 parantur,
418 2402 491 2463 quae
515 2388 609 2444 extra
632 2387 764 2463 portam
786 2382 938 2464 intraque
963 2401 1036 2445 eam
1059 2381 1201 2444 fuerunt.
1248 2380 1386 2447 Excidit

222 2497 262 2552 01
291 2495 367 2552 1110
395 2494 421 2567 t,
449 2494 519 2552 tum
547 2489 586 2552 in
615 2489 775 2553 additum.
829 2487 953 2553 Contra
982 2495 1020 2553 et
1048 2489 1133 2553 11101
1156 2487 1319 2555 Matutae
1346 2496 1381 2554 et

223 2603 341 2661 extra
362 2595 459 2661 facile
482 2597 642 2676 natum.¹)

310 2703 468 2787 01149,
499 2709 533 2779 4,
563 2705 619 2772 ubi
644 2704 767 2769 editur:
793 2738 831 2748 -
856 2706 1090 2783 exercitum,
1114 2706 1183 2787 qui
1207 2702 1381 2771 Cartha·

222 2814 469 2895 giniensinm
499 2813 734 2895 legionibus
765 2813 1056 2877 coniunctis--
1074 2812 1297 2896 Syphacem
1320 2813 1380 2878 de·

223 2923 330 3000 vicit,
345 2944 362 2986 0
375 2924 540 3004 scriptura
552 2921 707 2985 codicisP
718 2921 968 2985 coniunctiis
982 2920 1066 2985 effici
1079 2920 1179 2985 debet
1191 2922 1381 2986 coniunc-

223 3038 298 3094 111.
339 3029 401 3093 Vix
417 3031 528 3094 Livius
553 3030 785 3094 coniunctis
809 3050 868 3110 pro
886 3028 1094 3092 adiunctis
1114 3029 1208 3093 dixit.
1253 3029 1378 3110 (laea.)

222 3142 239 3220 ξ
266 3144 283 3202 6
307 3138 349 3203 ad
373 3139 577 3203 vinciendum
606 3138 789 3201 orationem
812 3137 1074 3220 sententiamque
1099 3138 1181 3201 satis
1206 3128 1380 3220 00130111-

223 3248 309 3310 natis
333 3246 461 3311 duabus
484 3245 605 3310 litteris
629 3244 1081 3322 scriberet—traiiceret,
1106 3251 1141 3306 et
1158 3244 1380 3311 Masinissa

222 3376 309 3418 oum
337 3356 492 3419 victore
522 3355 705 3418 exercitu
732 3352 910 3417 advenit.
946 3352 1068 3432 (1162.)
1111 3351 1194 3434 [Nisi
1217 3352 1296 3417 fuit:
1325 3354 1381 3418 Eo

222 3461 446 3526 Masinissa
467 3497 518 3526 -.
546 3459 650 3542 1871]
702 3460 718 3539 ,ὅ
743 3464 761 3522 7
785 3469 844 3524 1111
867 3461 1090 3530 scribendum:
1126 3459 1380 3527 Celtiberum

224 3570 480 3635 iuventutem
504 3569 642 3633 eadem
666 3569 866 3647 mercede,
896 3586 1002 3645 quan
1026 3574 1151 3652 pacta
1173 3590 1261 3634 cum
1285 3568 1380 3635 Car·

223 3677 561 3760 thaginiensibus
602 3684 705 3756 erat,
744 3679 1014 3760 imperatores
1048 3676 1215 3741 Romani
1256 3678 1306 3743 ad
1340 3700 1380 3744 se

224 3786 520 3868 perduxerunt,
549 3793 607 3848 ant
636 3783 800 3848 ablativus
829 3785 991 3849 brevitate
1021 3785 1135 3867 aliqua
1157 3787 1321 3851 orationis
1344 3807 1382 3850 ex

223 3915 268 3957 01
302 3893 486 3958 mercede
522 3900 613 3957 ortus
649 3900 713 3969 est,
749 3899 784 3956 ut
812 3892 982 3957 audiatur:
1017 3913 1082 3974 qua
1111 3900 1209 3975 pacta
1238 3903 1313 3960 erat
1341 3917 1382 3960 se

253 4163 276 4229 ¹)
296 4163 389 4230 041,
412 4168 428 4219 9
446 4164 495 4217 ubi
520 4164 624 4218 editur:
651 4181 708 4217 rex
727 4162 904 4227 Numidas,
927 4165 957 4217 in
976 4166 996 4217 P
1016 4171 1059 4218 est
1081 4165 1194 4219 relata
1211 4165 1383 4222 Numidis.

294 4249 395 4302 Subest
422 4254 472 4303 aut
499 4266 631 4304 numerus
660 4254 707 4302 aut
734 4249 890 4303 delectos
914 4269 928 4304 e
952 4249 1110 4304 Numidis
1137 4256 1185 4303 aut
1214 4251 1309 4306 sinrile
1333 4253 1382 4308 ali·

294 4334 368 4401 quid.
405 4333 503 4401 (1876.)
