3000 5116
177 487 244 542 uss.
264 484 335 541 xm.
726 472 788 532 608

193 655 194 658 ’
272 657 352 741 Cap.
379 662 466 737 11,1
505 678 602 740 quum
637 657 670 720 in
705 656 816 720 codice
850 655 1027 720 scribatur:
1062 655 1211 722 Paucis
1245 665 1335 722 ante

181 766 331 831 diebus
354 765 495 831 Iunius
520 763 779 846 Manliusque
802 763 991 848 oppidum
1015 766 1242 830 etmattius
1260 765 1335 845 (Ne-

178 873 337 954 sactium)
360 909 395 919 -
426 893 579 937 sumnia
600 873 636 935 vi
660 878 898 955 oppugnant
915 871 1001 951 (edd.
1021 874 1335 957 oppugnarunt),

60 985 61 988 ’
185 981 372 1047 faciendum
383 981 512 1044 videtur
525 1001 627 1064 oppu
636 1001 682 1062 gn
691 986 824 1058 arant3
837 1001 914 1044 nam
925 1001 1071 1064 praesens
1082 989 1215 1065 tempus
1227 989 1337 1066 aperte

181 1090 363 1155 *excludunt
385 1088 456 1152 illa:
490 1088 633 1153 Paucis
663 1094 757 1151 ante
785 1089 937 1153 diebus.
983 1088 1092 1154 Medio
1116 1090 1227 1173 capite
1251 1088 1282 1173 (ᾗ
1303 1088 1334 1171 6)

183 1218 307 1268 vereor.
330 1204 368 1261 ut
390 1203 479 1262 recte
498 1197 676 1261 scribatur:
700 1197 816 1261 cuius
834 1195 975 1281 (oppidi)
995 1197 1106 1280 capti
1122 1203 1165 1261 tu
1174 1197 1333 1263 multum

53 1339 61 1355 ·
183 1313 228 1370 ut
250 1328 294 1369 ex
317 1305 401 1386 (cod.
425 1304 572 1369 tumuli
603 1304 664 1385 ex)
698 1304 847 1387 pavido
881 1304 1058 1369 clamore
1091 1305 1332 1387 fugientium

184 1414 348 1497 accepit
369 1435 447 1492 rex,
469 1413 642 1478 traiecit
663 1412 772 1477 ferro
795 1420 949 1496 pectus;
978 1434 1084 1496 neque
1108 1415 1195 1478 enirn
1220 1413 1332 1479 tumul·

178 1529 238 1586 'tus
272 1542 311 1585 ex
345 1520 488 1585 clamore
523 1521 599 1602 (hoc
633 1531 685 1586 est
706 1542 824 1605 prope,
860 1542 899 1584 ex
927 1520 1086 1601 tumultu)
1115 1522 1222 1606 accipi
1251 1530 1331 1588 recta

180 1628 315 1694 dicitur.
359 1630 523 1694 Praestare
545 1630 687 1694 videtur:
712 1631 828 1714 cuius
852 1629 968 1712 capti
990 1630 1178 1693 nuntium
1200 1630 1270 1695 ubi
1292 1652 1329 1696 ex

184 1758 269 1821 pav.
304 1737 349 1802 cl.
384 1745 445 1803 cet.
498 1737 631 1820 [Immoz
667 1737 783 1802 cuius
817 1737 925 1820 capti
954 1738 1172 1830 interitum·
1202 1736 1252 1803 ut'
1277 1746 1327 1803 oet

179 1845 271 1929 Nam
293 1867 334 1911 ne
356 1848 491 1910 nuntius
514 1845 647 1927 quidem
670 1867 710 1909 ex
732 1845 874 1910 clamore
897 1846 1065 1928 accipitur.
1113 1844 1224 1929 1864]

271 1952 349 2038 Gap.
365 1957 463 2032 lae:
481 1953 652 2034 Ligures
675 1989 719 1999 —
741 1955 779 2017 in
808 1959 965 2018 montes
987 1951 1231 2035 refugerunt
1252 1976 1328 2040 pas·

183 2063 271 2139 sim,
294 2061 592 2152 populantique
615 2068 867 2144 campestres
890 2082 1008 2143 agros
1030 2063 1194 2127 consuli
1223 2063 1325 2128 nulla

182 2191 352 2252 usquam
375 2175 659 2254 apparuerunt
681 2190 796 2233 arma.
830 2168 945 2250 Neque
968 2169 1059 2233 locus
1082 2168 1231 2235 adverbii
1253 2191 1324 2255 pas·

184 2279 256 2341 sim
280 2276 389 2359 placet
411 2278 602 2362 (praestaret
624 2278 725 2342 enim:
760 2278 912 2361 passim
935 2277 974 2340 in
997 2284 1152 2343 montes
1181 2280 1323 2362 refuge·

185 2386 295 2466 runt)
323 2408 430 2469 neque
452 2393 545 2450 recta
567 2392 625 2450 aut
647 2387 693 2449 rei
717 2395 797 2469 apta
819 2386 984 2450 sententia
1007 2392 1072 2465 est;
1102 2407 1180 2451 nam
1202 2408 1264 2452 una
1281 2387 1322 2450 sia

188 2494 342 2558 abierunt
364 2494 500 2575 Ligures
527 2496 560 2559 in
590 2502 732 2569 montes,
765 2515 831 2557 non
858 2494 981 2577 passim
1010 2514 1069 2577 per
1098 2514 1198 2576 agros
1220 2488 1319 2579 dilapsi

188 2609 274 2666 sunt.
311 2600 523 2666 Scribendum
548 2624 619 2666 esse
643 2604 760 2685 opinor
776 2602 981 2685 transposito
1005 2623 1095 2683 que:
1120 2604 1160 2668 in
1182 2609 1317 2668 montes

178 2709 432 2792 refugerunt,
454 2712 689 2794 passimque
708 2709 926 2793 populanti
945 2717 1197 2794 campestres
1220 2729 1315 2794 agros

186 2818 346 2881 consuli
382 2825 441 2882 oet.
487 2817 610 2882 Eadem
645 2818 809 2901 particula
841 2818 1043 2900 transposita
1075 2825 1125 2883 est
1158 2818 1219 2884 hoc
1247 2819 1313 2882 libro

188 2946 213 2989 c.
238 2930 288 2993 23.
314 2931 331 2988 6
356 2925 438 3006 (cod.
463 2927 742 3008 gravissimam
772 2927 1026 3009 omniumque
1055 2947 1115 3009 pro
1139 2925 1313 3010 gravissi·

187 3055 367 3117 mamque
403 3033 597 3113 omnium).
626 3032 725 3110 XLII,
751 3038 800 3110 51,
827 3036 844 3095 3
869 3033 954 3114 (cod.
984 3035 1111 3098 omnis
1145 3042 1313 3100 armatos·

187 3163 262 3224 que
276 3164 334 3225 pro
352 3164 566 3225 omnesque
586 3139 1107 3218 armatos)‚XLlI‚4extr..(cod.
1121 3143 1166 3209 de
1184 3143 1312 3208 discor·

187 3251 266 3312 diis
292 3250 568 3313 seditionibus
589 3250 753 3331 suisque
771 3270 830 3331 pro
856 3249 901 3312 de
925 3250 1019 3314 disc.
1041 3249 1312 3315 seditionibus·

188 3379 264 3440 que
288 3356 328 3437 s.)
348 3364 381 3421 et
404 3362 452 3433 58,
477 3360 494 3420 9
516 3357 600 3436 (cod.
620 3358 801 3439 equitum
825 3377 1029 3439 sacraeque
1053 3358 1116 3422 ale
1139 3380 1198 3442 pro
1221 3355 1311 3439 equi·

187 3471 351 3547 tumque
375 3462 616 3545 camisale),
661 3464 772 3542 XLIV,
800 3469 846 3542 lc,
873 3469 908 3527 11
939 3465 1024 3544 (cod.
1043 3465 1253 3531 basilicam
1268 3461 1311 3526 ia·

187 3572 448 3655 ciendamque
478 3594 538 3655 pro
561 3572 860 3655 basilicamque
889 3572 1140 3655 faciendam),
1168 3573 1257 3651 XLV,
1277 3573 1312 3643 11,

186 3683 262 3744 eet
285 3684 334 3752 39,
360 3684 407 3743 18.

277 3787 355 3871 Cap.
383 3793 430 3861 16,
455 3793 473 3851 2
499 3796 611 3870 (quum
635 3787 786 3869 religioni
810 3788 941 3865 luisset,
970 3790 1057 3870 quod
1085 3792 1118 3856 in
1142 3812 1207 3856 una
1227 3786 1315 3854 hostia

189 3897 405 3977 magistratus
428 3896 614 3960 Lanuvinus
644 3903 796 3979 precatus
830 3917 896 3959 non
925 3904 1011 3962 esset
1039 3899 1161 3982 populo
1188 3899 1315 3963 Romano

259 4166 352 4221 civit.
374 4164 401 4235 [ἓ
428 4168 445 4221 6
472 4185 528 4221 non
555 4171 632 4220 recte
659 4165 773 4234 lugam
798 4166 948 4221 alicuius
975 4169 1113 4224 iactare
1139 4170 1250 4237 dicitur,
1278 4163 1316 4236 qni

257 4268 353 4304 severe
369 4252 562 4319 reprehendit3
586 4252 614 4304 in
633 4251 730 4304 codice
755 4252 887 4305 scribitur
905 4255 937 4306 A.
956 4253 1102 4323 Manlio;
1123 4254 1192 4310 affici
1210 4255 1315 4309 videtur:

260 4340 291 4388 Α.
312 4336 441 4389 Manlio
458 4363 493 4374 -
511 4337 731 4392 obiectasset
752 4335 837 4406 leba]
