3000 5116
221 500 283 555 Lib.
302 498 427 552 XXXIX.
771 491 833 550 564

222 672 262 736 de
295 671 407 753 priore
437 680 478 735 et
499 670 581 735 nihil
603 677 751 749 notatur,
785 671 926 737 efficitur
959 680 998 736 11
1026 679 1299 756 exceperunt,
1330 673 1381 737 111

221 778 434 862 prosecuti
458 784 518 842 cet.
555 778 620 842 Sed
637 779 765 843 videtur
787 786 864 862 post
886 787 930 845 nt
947 779 1109 845 excidisse
1131 780 1307 863 benigne
1325 788 1381 847 111

222 885 339 950 similis
362 905 432 948 vox.
460 884 566 967 loeo]

308 991 387 1074 Cap.
413 997 494 1068 sal
513 999 547 1055 et
565 998 596 1055 5:
620 992 662 1056 Μ.
682 993 876 1061 Claudius
895 996 1045 1073 consul,
1069 994 1203 1060 Gallis
1228 1016 1274 1060 ex
1296 1016 1380 1079 pro·

222 1102 358 1164 vincia
376 1101 546 1177 exactis,
564 1100 791 1166 Histricum
809 1102 962 1167 bellum
984 1104 1122 1167 moliri
1146 1104 1296 1186 coepit,
1319 1104 1379 1168 lit·

222 1209 325 1274 teris
343 1208 391 1271 ad
416 1214 599 1271 senatum
617 1209 763 1287 missis,
781 1216 824 1274 ut
841 1210 925 1274 sibi
950 1211 991 1274 11
1013 1209 1213 1274 Histriam
1239 1210 1379 1276 tradu-

223 1312 313 1381 cere
331 1315 515 1396 legiones
533 1314 688 1379 liceret.
706 1315 1379 1401 Idsenatuiplaouit.Brevihuicsig·

222 1423 403 1488 nificationi
436 1422 641 1504 comprobati
677 1421 821 1486 consulis
856 1423 996 1502 consilii,
1031 1425 1094 1507 ipsi
1125 1424 1208 1488 satis
1242 1424 1378 1490 insolita

223 1530 279 1612 (—
301 1551 377 1596 nam
400 1529 562 1612 placuit
590 1529 630 1593 de
659 1529 817 1608 decretis,
852 1530 974 1612 quibus
1002 1532 1072 1614 ipse
1095 1539 1235 1596 senatus
1256 1532 1379 1615 aliquid

137 1656 210 1724 (119)
228 1641 300 1704 fieri
333 1637 438 1713 iubet,
473 1637 606 1714 dicitur,
642 1636 682 1701 de
722 1638 968 1720 comprobando
1001 1639 1308 1723 permittendoque,
1334 1646 1376 1717 ut,

223 1748 310 1832 quod
344 1745 552 1825 magistratui
585 1744 686 1808 alicui
719 1765 737 1808 e
765 1765 801 1809 re
825 1745 956 1827 publica
978 1766 1050 1811 esse
1074 1746 1242 1823 videatur,
1266 1745 1372 1823 faciat,

221 1878 286 1920 non
310 1854 432 1918 dicitur
453 1853 520 1931 -),
543 1852 606 1940 sed
624 1852 885 1934 comprobationi
909 1853 1085 1918 admodum
1105 1858 1190 1920 mire
1213 1854 1277 1918 hoc
1299 1854 1370 1919 sub·

222 1965 382 2046 iungitur:
407 1960 510 2024 illud
533 1959 760 2040 agitabant,
785 1962 846 2024 uti
869 1960 1033 2026 colonia
1050 1962 1245 2044 Aquileia
1264 1962 1376 2028 dedn-

224 2077 399 2136 ceretur.
445 2069 567 2150 Aperte
591 2068 676 2131 enim
700 2067 906 2150 (pronomine
930 2070 1031 2132 etiam
1052 2090 1128 2133 cum
1150 2070 1301 2152 pondere
1323 2071 1376 2134 ini·

223 2181 270 2244 tio
305 2176 428 2259 posito)
463 2174 682 2256 significatur,
717 2182 868 2240 senatum
901 2176 1001 2241 aliam
1029 2197 1100 2240 rem
1122 2175 1272 2242 Histrico
1295 2177 1375 2242 111111

223 2284 482 2370 praevertendum
504 2284 679 2366 potiusque
708 2282 833 2348 consuli
862 2284 1024 2366 agendam
1053 2284 1233 2349 censuisse.
1279 2283 1375 2366 quue

222 2392 397 2478 perspicue
420 2389 635 2455 confirmatur
658 2391 806 2473 proximo
830 2392 938 2473 capite
964 2390 1076 2471 (1116,
1101 2392 1215 2468 31111
1238 2391 1375 2455 1111111

223 2507 426 2564 revocatus
454 2497 496 2561 M.
521 2497 761 2575 Marcellus,
791 2498 980 2562 exercitu
1008 2498 1197 2578 dimisso,
1221 2499 1373 2566 Romam

224 2608 485 2673 comitiorum
508 2626 632 2670 causa
659 2605 804 2685 rediit3
827 2627 933 2687 neque
962 2605 1144 2688 quidquam
1174 2605 1214 2672 de
1238 2607 1373 2672 Histrico

100 2703 102 2707 ¹
223 2715 325 2792 bello,
361 2711 449 2794 quod
483 2715 613 2777 senatui
646 2714 700 2777 hic
735 2713 900 2796 placuisse
934 2713 1069 2792 dicitur,
1104 2719 1184 2778 ante
1216 2722 1373 2790 narratur,

224 2845 321 2907 quam
350 2823 413 2905 ipsi
436 2821 541 2884 Histri
565 2821 727 2885 coloniam
750 2821 935 2903 Aquileiam
958 2820 1077 2885 deduci
1100 2820 1282 2904 prohibent
1304 2820 1374 2904 (ch

224 2933 288 3012 26).
334 2932 488 3013 Apparet,
511 2930 635 3011 opinor,
659 2929 784 2992 Livium
811 2929 996 3011 scripsisse:
1030 2927 1075 2992 Id
1105 2932 1277 2994 senatui
1305 2929 1375 2991 1111

223 3040 397 3123 placuit,
421 3036 526 3100 illud
549 3037 781 3120 agitabant,
805 3038 866 3100 uti
891 3037 988 3117 cet.¹)
1023 3035 1137 3119 Ipsum
1161 3036 1269 3103 illud
1297 3038 1376 3120 agi·

223 3147 368 3212 tabant
403 3145 555 3223 ostendit,
592 3145 631 3209 de
665 3143 753 3208 bello
784 3151 952 3225 negatum,
982 3143 1082 3207 aliam
1109 3165 1181 3209 rem
1209 3145 1377 3229 pacificam

224 3256 369 3336 agitante
395 3259 523 3316 senatu.

689 3405 781 3486 Lib.
815 3404 902 3486 XL.

309 3536 387 3621 Cap.
413 3543 441 3614 8,
467 3542 505 3599 14
530 3538 576 3619 (in
601 3538 750 3601 oratione
774 3535 918 3619 Philippi
941 3535 983 3599 ad
1006 3534 1123 3614 filiosl:
1155 3536 1241 3602 Iam
1268 3538 1382 3623 (posui,

222 3645 286 3709 hoc
309 3654 369 3721 est,
394 3646 657 3724 commemorari)
676 3645 746 3708 hos
768 3644 982 3708 Eumenem
1005 3643 1284 3729 Attalumque
1306 3648 1384 3713 fra-

222 3761 314 3831 tres,
340 3774 360 3816 a
383 3774 497 3835 (11111
521 3754 680 3835 exiguis
703 3753 836 3826 rebus,
859 3772 987 3834 prope
1010 3758 1055 3815 11
1077 3750 1262 3833 puderet
1283 3755 1386 3840 regii

248 3953 418 4022 ι1611154,
440 3957 471 4006 12
494 3955 690 4022 expellendum
714 3972 774 4009 csse
799 3972 910 4022 quam,
939 3954 1014 4022 qnod
1038 3954 1172 4022 Sigonius
1201 3975 1220 4011 a
1246 3960 1387 4014 sententio

291 4040 423 4092 aberrans
453 4040 540 4105 addit,
560 4041 645 4093 ceteri
670 4045 781 4106 tonent,
809 4046 886 4093 recte
911 4038 1056 4092 Crci'erins
1079 4040 1238 4096 intellexit.
1276 4045 1388 4100 Denun-

291 4124 419 4189 tiationi,
448 4129 480 4176 11
508 4124 606 4177 Gallici
632 4112 730 4193 populi
755 4123 968 4178 multitudinem
995 4141 1075 4178 suam
1102 4125 1185 4179 domi
1215 4132 1392 4195 contineant,

291 4209 390 4262 addita
408 4210 588 4263 comminatio
614 4217 666 4263 est:
695 4210 801 4278 Alpes
828 4225 938 4278 propa
961 4210 1231 4279 insuperabilis
1251 4215 1341 4272 finis
1359 4218 1392 4271 in

291 4295 403 4349 medio
423 4299 481 4349 est.
518 4294 592 4348 Non
620 4296 739 4363 utique
758 4295 803 4347 iis
829 4294 954 4348 melius
982 4295 1051 4348 erit
1074 4295 1196 4362 (malum
1225 4299 1392 4367 habebunt),

291 4381 350 4448 qui
367 4398 423 4434 eas
440 4379 547 4450 primi
565 4381 706 4448 pervias
724 4380 884 4436 fecerint.
