2994 5108
717 461 778 522 491
1116 474 1177 528 Lib.
1196 472 1323 528 XXXIII.

173 641 310 726 singulis
333 643 582 727 pronuntiatum
606 646 659 710 sit.
699 644 836 710 Poterat
858 644 967 709 Livius
991 644 1098 708 verius
1122 651 1155 708 et
1177 644 1323 727 apertius

171 750 305 831 dixisse,
334 751 484 816 celeriter
512 773 581 816 rem
604 757 823 831 transactam,
851 752 941 836 quod
965 752 1075 817 omnia
1098 751 1236 816 Romani
1259 772 1319 835 pro
1338 769 1409 838 (392)

171 859 307 944 imperio
336 858 480 923 decretis
509 858 722 924 conficerent:
763 864 950 923 εἰσεκαλοῦνιο
977 867 1037 929 τοὺς
1067 864 1123 920 ἀπὸ
1151 868 1206 920 τῶν
1228 867 1322 920 ἐθνῶν

172 973 216 1029 καὶ
248 974 355 1029 πόλεων
387 974 610 1048 παραγεγονότας
642 975 686 1030 καὶ
720 975 753 1030 τὰ
786 974 902 1039 δόξαντα
936 976 970 1047 τῷ
1010 974 1140 1048 συνεδρίῳ
1174 972 1323 1043 διεσάφουν

172 1074 297 1160 (Polyb.
320 1074 440 1154 XVIII,
463 1072 565 1155 30).1)
1188 1117 1193 1126 .

255 1181 334 1267 Cap.
359 1187 416 1262 36,
449 1186 469 1246 2
506 1181 561 1263 (de
585 1181 638 1247 M’.
661 1183 767 1248 Acilio
796 1183 974 1249 Glabrione
1003 1189 1146 1266 praetore
1176 1181 1218 1245 ad
1246 1202 1322 1246 con·

172 1291 369 1356 iurationem
391 1311 560 1357 servorum
583 1291 616 1354 in
630 1291 766 1355 Etruria
789 1292 1036 1374 opprimendam
1054 1290 1184 1370 missolz
1208 1290 1322 1355 Alios

174 1398 246 1464 iam
276 1405 549 1481 congregatos
577 1399 793 1481 pugnando
817 1401 930 1479 vicit3
965 1421 1010 1463 ex
1032 1398 1094 1463 his
1118 1397 1236 1462 multi
1258 1417 1322 1461 oc-

175 1507 262 1585 cisi,
297 1507 415 1572 multi
449 1507 575 1588 capti3
616 1505 720 1571 alios
754 1507 1000 1571 verberatos
1031 1505 1221 1570 crucibus
1251 1506 1321 1570 ad-

173 1612 278 1694 fixit,
312 1615 379 1696 qui
412 1615 623 1696 principes
658 1615 960 1679 coniurationis
993 1612 1175 1689 fuerant,
1216 1612 1321 1677 alios

129 1736 138 1741 ·
174 1719 345 1787 dominis
372 1721 575 1786 restituit.
626 1720 787 1804 Apparet,
816 1721 921 1786 altero
945 1728 978 1785 et
1000 1721 1099 1785 tertio
1122 1720 1194 1784 loco
1219 1720 1322 1784 alios

173 1831 337 1911 pertinere
371 1829 414 1893 ad
450 1834 580 1911 captos,
614 1846 754 1911 quorum
790 1849 861 1892 sors
890 1829 995 1892 divisa
1023 1829 1081 1906 sit;
1114 1828 1220 1910 primo
1248 1827 1321 1893 loco
1421 1886 1425 1892 .

173 1937 274 2003 alios
297 1958 432 2020 prorsus
454 1937 571 2001 vitiose
595 1937 746 2019 ponitur3
778 1937 872 2000 nulla
894 1937 982 2000 enim
1005 1942 1055 2000 est
1078 1935 1194 1999 divisio
1217 1937 1321 2016 neque

173 2043 357 2128 quidquam,
380 2044 470 2127 quod
492 2043 568 2107 huic
591 2044 695 2108 alios
717 2044 919 2127 respondeat
937 2041 1040 2124 (quod
1062 2049 1194 2126 poterat
1210 2041 1322 2107 huius·

173 2152 257 2217 modi
290 2172 380 2217 esse:
415 2150 521 2215 alios
556 2172 625 2233 per
659 2153 747 2216 avia
781 2172 902 2233 vagos
936 2149 1246 2233 comprehendit
1279 2150 1322 2214 si-

174 2257 315 2340 milere);
349 2259 411 2323 nisi
439 2258 512 2340 quis
540 2264 637 2341 putat
665 2265 755 2322 recte
783 2260 830 2323 sic
858 2251 973 2337 dividi,
1007 2265 1044 2321 ut
1065 2258 1123 2322 alii
1145 2259 1223 2322 victi
1246 2258 1320 2336 sint,

174 2364 227 2431 alii
259 2387 326 2451 non
360 2366 453 2444 victi,
488 2364 546 2430 sed
580 2365 732 2429 crucibus
762 2364 875 2441 adfixi,
910 2366 968 2430 alii
996 2366 1136 2431 dominis
1165 2366 1320 2430 restituti.

177 2470 312 2538 Videtur
339 2472 561 2538 scribendum:
596 2472 771 2555 Aliquot
805 2475 881 2538 iam
916 2480 1189 2556 congregatos
1224 2492 1323 2555 pug-

176 2579 303 2645 nando
326 2581 441 2660 ricit3
466 2601 511 2644 ex
533 2580 596 2644 his
620 2587 681 2646 cet.
716 2579 937 2662 significatur,
961 2583 1222 2646 coniurationem
1246 2587 1323 2645 ante

174 2707 364 2772 oppressam
386 2708 459 2754 esse
487 2708 586 2770 quam
616 2688 720 2751 omnis
749 2688 924 2752 multitudo
954 2689 1144 2771 congregari
1167 2689 1323 2771 potuerit.

177 2791 266 2877 [Veri
295 2795 434 2860 similius
458 2802 508 2859 est
530 2794 574 2858 ad
595 2793 681 2859 hanc
703 2793 842 2860 formam
867 2796 1027 2878 seriptum
1051 2796 1165 2859 luisse:
1201 2793 1323 2871 Alios,

174 2900 277 2967 alios
299 2903 377 2967 iam
400 2910 670 2983 congregatos
695 2910 756 2966 cet.
806 2900 949 2984 1863.]²l

258 3007 338 3092 Gap.
362 3012 418 3088 40,
451 3013 477 3072 l.
531 3008 627 3086 Quod
650 3030 676 3074 o.
702 3013 757 3089 32,
789 3013 806 3074 3
836 3010 924 3090 (alii
953 3011 1037 3075 alia
1058 3044 1101 3054 -
1122 3008 1322 3089 facturos)

176 3114 337 3197 Iacobsic,
360 3116 561 3200 Kreyssigio,
590 3117 664 3182 aliis
687 3119 815 3198 accidit,
845 3126 882 3182 ut
903 3138 1005 3201 prava
1027 3116 1201 3181 verborum
1223 3117 1323 3180 inter·

176 3225 352 3306 punctione
382 3224 512 3307 decepti
539 3245 649 3289 veram
671 3225 793 3289 codicis
817 3228 1016 3309 scripturam
1039 3243 1247 3306 corrumpere
1270 3243 1323 3301 co-

168 3337 344 3411 narentur,
377 3333 411 3396 id
435 3331 467 3396 h.
491 3330 511 3395 l.
536 3332 685 3396 omnibus
714 3332 836 3396 accidit
864 3333 897 3396 in
927 3333 1081 3397 facillimo
1104 3331 1191 3408 loco,
1226 3350 1322 3411 quem

165 3438 202 3502 si
222 3439 323 3504 talem
344 3459 562 3523 proposuero,
593 3438 868 3521 quemadmodum
891 3447 924 3506 et
946 3441 980 3503 in
1001 3438 1028 3502 Β
1052 3440 1140 3503 etin
1163 3439 1213 3503 ed.
1237 3437 1322 3520 Meg.

167 3545 223 3626 (in
252 3566 318 3628 qua
346 3553 457 3612 tamen
485 3547 616 3610 initium
644 3545 796 3610 mutilum
820 3546 884 3627 est)
908 3546 1079 3625 scribitur,
1112 3545 1210 3611 modo
1233 3552 1323 3610 recte

162 3650 378 3731 «intimem,
417 3674 513 3718 nemo
552 3651 733 3735 quidquam
772 3653 987 3718 desiderabit:
1032 3655 1240 3718 Adversus
1279 3673 1324 3717 ea

167 3820 401 3834 *n-——u—

205 3919 229 3986 ¹)
246 3919 263 3990 ᾖ
280 3924 313 3976 10
327 3921 367 3976 sic
384 3922 610 3993 interpungenda
628 3923 732 3977 oratio:
752 3921 873 3975 Oreum
888 3923 1068 3989 -dabant,
1088 3923 1323 3977 dIssentiente

244 4003 419 4073 Quinoti03
438 4023 475 4060 ea
492 4024 558 4062 una
577 4024 631 4062 res
649 4035 691 4060 —.
729 4007 828 4076 (1863.)

204 4088 230 4155 ⁸)
248 4088 312 4160 Gap.
330 4092 376 4158 39,
400 4093 418 4144 7
439 4091 593 4147 tollendum
606 4099 662 4169 ⁴est
685 4093 766 4160 quid
785 4111 800 4147 e
819 4093 841 4145 B
861 4092 987 4146 additum
1010 4097 1075 4146 ante
1094 4092 1191 4158 quod.
1238 4091 1324 4159 Quid

245 4174 337 4242 quod
360 4192 470 4246 semper
487 4194 567 4231 novas
586 4177 723 4231 orationis
742 4183 771 4231 et
788 4177 1021 4246 interrogationis
1040 4177 1150 4231 initium
1168 4177 1255 4231 habet
1272 4192 1325 4229 nec

245 4259 274 4314 in
292 4259 412 4329 spodosi
430 4261 517 4330 (postz
538 4261 602 4315 Sed
621 4267 658 4315 ut
675 4288 710 4300 -
726 4261 894 4329 potuerit)
911 4261 979 4331 poni
996 4265 1100 4329 potest
