2994 5108
622 475 684 535 573
1096 489 1157 543 uu.
1176 489 1235 544 xn.

167 658 245 743 Gap.
288 664 336 739 19,
378 663 412 723 3:
446 660 692 725 Pestilentia
735 660 774 724 iu
815 662 928 742 agris
971 660 1155 744 forisque
1196 667 1236 725 et

78 766 374 833 conciliabulis
409 774 449 833 et
483 769 523 830 in
556 769 655 832 urbe
699 773 816 831 tanta
850 778 944 846 erat,
978 773 1022 833 ut
1050 768 1236 832 Libitina

39 943 46 953 ,
79 880 177 940 tunc
205 876 272 940 vix
299 872 529 939 sufficeret.
574 875 775 939 Particulam
799 882 897 939 tunc
926 876 1044 941 vitiose
1067 877 1236 942 abundare

79 989 171 1048 recte
193 983 480 1048 Weissenbornius
502 982 665 1047 intellexit
694 990 726 1047 et
755 981 944 1047 funerum
972 984 1083 1067 potius
1112 984 1236 1067 signifi-

81 1091 247 1154 cationem
268 1091 401 1172 requiri.
446 1090 526 1154 Eius
549 1091 653 1173 ipsius
676 1091 764 1154 vocis
794 1092 924 1155 initium
954 1112 1127 1173 superesse
1154 1098 1236 1174 puto

80 1197 115 1261 in
138 1196 268 1262 TUNC
300 1220 359 1280 pro
394 1197 543 1276 FUNE,
578 1200 755 1280 postremis
783 1198 904 1262 litteris
933 1200 1045 1263 nescio
1069 1220 1134 1282 quo
1158 1221 1237 1264 casu

82 1305 286 1388 interceptis.
331 1305 415 1369 Nam
450 1306 561 1385 Livius
590 1307 760 1389 scripsisse
795 1306 939 1369 ridetur:
975 1312 1018 1369 ut
1053 1307 1238 1371 Libitina

81 1410 302 1477 funeribus
326 1414 390 1477 vix
414 1412 648 1493 sufficeret3
672 1413 945 1497 quemadmodum
968 1412 1051 1493 XLI,
1070 1419 1152 1493 21,6
1171 1423 1239 1481 est:

84 1517 139 1584 Ne
178 1519 404 1585 liberorum
446 1521 607 1602 quidem
635 1519 854 1585 funeribus
895 1520 1083 1586 Libitina
1118 1522 1237 1587 suffi-

83 1627 272 1709 ciebat.¹)

173 1733 250 1818 Cap.
277 1739 325 1815 30,
350 1741 383 1799 7:
419 1735 480 1800 Ibi
503 1743 657 1800 stetere
686 1735 859 1818 Hispani
893 1735 1038 1800 hostes
1070 1755 1257 1820 exspect
1343 1774 1360 1801 ·

84 1846 239 1922 tantes;
272 1844 470 1908 Romanus
499 1865 593 1907 suos
626 1845 738 1908 intra
760 1843 906 1907 vallum
936 1844 1145 1908 continuit
1167 1867 1238 1928 per

85 1952 350 2033 quatriduum
385 1953 637 2031 continuum;
672 1959 709 2016 et
738 1951 804 2015 illi
833 1951 972 2015 eodem
993 1951 1081 2017 loco
1111 1955 1237 2017 aciem

85 2057 331 2123 instructam
355 2065 588 2124 tenuerunt.
634 2060 689 2122 Ab
719 2059 909 2123 Romanis
941 2057 1044 2123 nihil
1077 2067 1232 2125 motum.
1254 2071 1324 2140 (468)

85 2162 130 2230 Ut
152 2165 223 2230 baec
244 2168 434 2232 scribuntur
456 2174 489 2231 et
506 2169 792 2250 interpunguntur,
814 2166 1068 2230 intolerabiliter
1083 2167 1135 2231 bis
1150 2167 1238 2231 idern

87 2272 128 2338 de
160 2273 330 2357 Hispania,
363 2276 414 2339 bis
449 2275 488 2339 dc
522 2275 678 2338 Romanis
708 2274 830 2337 dicitur
857 2275 1080 2356 temporisque
1109 2276 1237 2339 notatio

86 2379 173 2464 (per
195 2383 456 2464 quatriduum
480 2383 597 2462 cont.)
621 2404 722 2464 pravo
746 2383 817 2447 loco
841 2381 998 2446 adhaeret.
1038 2383 1142 2447 Recta
1163 2404 1238 2447 nar·

85 2490 172 2553 ratio
195 2491 272 2569 erit,
295 2492 322 2554 si
345 2492 485 2573 primum
508 2491 658 2554 universe
686 2512 739 2554 res
762 2489 1015 2572 significabitur,
1039 2489 1157 2554 deinde
1179 2512 1239 2574 per

86 2616 121 2661 se
143 2596 331 2677 adiicietur,
355 2619 452 2680 quam
477 2597 532 2663 diu
557 2597 670 2662 eodem
694 2605 784 2662 statu
813 2620 865 2662 res
888 2598 1059 2677 manserit,
1090 2599 1238 2663 oratione

84 2705 134 2768 sic
157 2703 338 2790 descripta:
372 2706 433 2770 Ibi
463 2713 619 2770 stetere
643 2705 817 2788 Hispani
840 2705 980 2770 hostes
1003 2711 1239 2786 exspectan·

78 2817 161 2892 tea,
196 2813 398 2878 Romanus
434 2834 527 2878 suos
560 2814 675 2877 intra
706 2813 854 2876 vallum
895 2813 1112 2876 continuit.
1162 2812 1240 2875 Per

78 2922 353 3003 quatriduum
383 2923 616 2985 continuum
649 2927 688 2983 et
717 2919 783 2983 illi
817 2920 955 2984 eodem
987 2920 1076 2983 loco
1111 2919 1238 2982 aciem

62 3027 335 3093 instructam
362 3035 585 3094 tenuerunt
608 3035 644 3091 et
667 3029 713 3092 ab
736 3029 923 3092 Romanis
952 3026 1054 3091 nihil
1083 3031 1238 3089 motum.

61 3132 219 3223 :Excidit
247 3143 285 3201 et
312 3144 389 3220 post
417 3144 442 3216 t,
483 3143 520 3201 ut
554 3135 633 3199 alibi
667 3157 732 3199 uon
765 3156 841 3198 raro
875 3134 999 3197 factum
1033 3132 1163 3197 ostendi
1196 3132 1239 3196 ad

65 3239 130 3322 11,
152 3247 203 3322 ar,
227 3249 255 3307 e.

175 3349 254 3435 Gap.
280 3355 329 3432 31,
353 3357 371 3415 9
395 3352 565 3417 scribitur:
588 3372 712 3435 prope
733 3351 820 3414 sine
840 3349 1062 3413 certamine
1079 3348 1239 3431 capiun-

158 3664 334 3714 coronarnm,
363 3664 420 3700 non
445 3647 556 3715 pondus
584 3643 708 3711 XXXIV,
727 3646 768 3707 52,
786 3645 816 3706 8,
835 3641 977 3711 XXXVII,
1000 3644 1042 3708 58,
1069 3644 1086 3694 4
1110 3646 1137 3695 et
1155 3640 1197 3706 69,
1215 3642 1240 3707 3,

157 3730 283 3798 XXXIX,
303 3734 343 3795 29,
362 3734 378 3785 6
396 3737 426 3784 et
442 3735 485 3798 42,
504 3735 528 3797 3,
548 3731 629 3784 huius
648 3730 715 3782 libri
734 3748 756 3782 c.
776 3728 837 3793 34,8
856 3732 885 3782 ot
902 3730 945 3792 43,
963 3729 987 3780 o.
1027 3724 1110 3793 18651

117 3815 141 3881 ¹)
159 3815 224 3886 Cap.
243 3820 284 3883 21,
303 3820 319 3870 3
338 3817 516 3871 scribendum
535 3833 603 3882 esse,
622 3820 655 3869 ut
672 3819 737 3868 ante
756 3812 926 3867 Gronovium
942 3813 1128 3866 scribebatur:
1152 3808 1240 3862 viam

158 3903 328 3956 exercitui
346 3902 474 3955 nullam
494 3918 577 3967 esse,
595 3901 714 3969 paucis
734 3904 768 3952 et
785 3898 957 3967 expeditis
975 3914 1034 3966 per
1052 3893 1238 3948 difficilli·
1280 3910 1285 3918 ·

158 4002 244 4039 mum
267 3988 474 4053 aditum(uou
492 3988 613 4041 barbare
632 3983 953 4053 perdifficillimum
967 3981 1120 4045 aditum),
1136 3977 1241 4048 signifi·

159 4072 220 4125 cavi
231 4075 296 4124 ante
307 4072 409 4126 multos
424 4090 513 4126 annos
529 4070 664 4125 inlibello
679 4071 714 4124 de
731 4070 854 4122 Asconio
873 4085 898 4137 p.
912 4070 968 4133 1411,
987 4066 1035 4118 ubi
1054 4064 1130 4132 quod
1139 4062 1239 4116 Vellcii

159 4156 316 4225 exemplum
333 4175 391 4210 non
410 4162 505 4226 aptum
525 4157 591 4224 dixi,
611 4160 777 4222 corruptum
795 4154 887 4207 dicere
906 4151 997 4206 debui.
1032 4148 1066 4201 In
1085 4166 1144 4217 cap.
1163 4148 1205 4216 22,
1222 4149 1240 4199 4

158 4240 382 4295 emendationem
402 4259 479 4294 ame
498 4243 564 4295 olim
588 4242 634 4310 (ad
659 4241 713 4295 Cic.
732 4240 794 4293 Fin.
812 4256 839 4308 p.
858 4237 918 4303 531)
936 4233 1110 4305 propositam
1138 4230 1239 4300 (qnod

159 4342 275 4380 rarum
292 4327 327 4380 iu
344 4327 426 4380 altis
445 4326 531 4381 locis
551 4328 614 4395 est)
634 4325 878 4381 Weissenbornins
897 4328 1010 4376 secutus
1029 4322 1080 4372 est.
