2994 5108
689 482 750 542 217
1170 497 1232 550 uis.
1251 497 1299 551 m.

139 674 229 734 recte
253 668 320 733 dici
342 668 473 733 videtur
495 668 590 749 quasi
615 667 655 731 de
678 668 805 731 incerta
823 674 856 732 et
873 688 941 731 uua
958 667 1175 752 expluribus,
1199 691 1301 752 quum

140 798 242 842 unum
265 777 408 841 licentia
431 795 533 857 genus
556 775 587 839 h.
610 775 631 838 l.
656 775 804 856 intellegi
826 777 946 858 possit,
976 797 1082 859 neque
1105 776 1139 840 hi
1162 771 1300 842 ablativi

142 907 219 969 qua
246 884 424 950 licentia
446 891 480 949 et
502 884 737 967 populando
762 884 885 967 optime
908 886 1006 948 coire.
1058 886 1191 964 Vereor,
1215 908 1256 950 ne
1281 908 1301 951 a

142 993 233 1058 Livio
263 993 378 1058 fuerit:
414 994 448 1057 si
482 1014 559 1074 qua
588 991 749 1073 (adverb.)
788 991 959 1056 licentia
986 993 1214 1076 populandi
1242 994 1298 1058 ef-

142 1100 257 1167 fusus
287 1102 497 1166 exercitus
526 1108 587 1166 cet.
610 1100 823 1165 Praedandi
853 1099 1030 1165 licentia
1053 1102 1174 1166 dicitur
1197 1102 1300 1181 XXII,

143 1214 169 1288 3,
192 1215 228 1288 93
251 1210 295 1275 ad
319 1231 393 1274 eam
414 1210 569 1274 Romanis
590 1208 800 1293 praebendam
823 1209 1042 1291 pertinebant.
1068 1230 1142 1292 qum
1166 1232 1185 1274 a
1208 1211 1300 1275 Sam-

143 1317 265 1383 nitibus
289 1324 369 1382 acta
390 1324 578 1383 narra-ntur.
620 1316 907 1399 [sacraverim]
948 1318 1062 1382 Altera
1084 1320 1117 1382 in
1141 1321 1299 1401 proximis

145 1424 172 1508 (ὅ
205 1427 238 1507 7)
280 1426 423 1511 suspicio
458 1428 578 1504 oratur,
621 1446 694 1508 quae
729 1426 777 1488 sic
812 1424 1017 1489 scribuntur:
1058 1425 1298 1510 Transfuga

145 1541 328 1618 agrestes
356 1540 396 1598 et
424 1535 581 1617 captivi
609 1533 787 1616 quidam,
816 1555 909 1616 pars
939 1533 1061 1612 forte,
1090 1555 1184 1617 pars
1208 1556 1299 1598 con-

146 1643 236 1707 silio
266 1643 415 1723 oblati,
443 1642 718 1724 congruentia
747 1641 795 1705 ad
825 1641 1035 1705 consulem
1058 1641 1299 1708 adferentes

144 1784 181 1795 -
200 1751 541 1836 —perpulerunt
564 1757 624 1814 cet.
671 1748 734 1826 Qui
758 1749 800 1813 ad
823 1771 918 1813 usum
940 1751 1169 1833 pronominum
1192 1750 1299 1814 intini-

146 1863 249 1925 torum
272 1861 500 1938 attenderunt,
532 1858 690 1937 sentient,
719 1880 784 1922 uon
812 1864 901 1921 recte
931 1858 1126 1940 quosdam
1151 1860 1298 1941 captivos
1409 1866 1413 1877 '

146 1962 171 2031 h.
194 1968 214 2033 l.
244 1968 423 2052 appellari,
459 1969 555 2049 quasi
590 1971 698 2031 certos
733 1987 773 2029 ex
805 1966 931 2031 maiore
965 1987 1115 2045 uumer03
1149 1969 1297 2031 universe

146 2077 347 2160 captivorum
377 2081 410 2140 et
432 2075 680 2157 transfugarum
703 2075 737 2138 id
760 2074 918 2139 indicium
940 2074 1041 2138 fuisse
1064 2074 1173 2140 Livius
1197 2076 1298 2158 sigui·

144 2179 223 2250 ficat.
281 2185 331 2248 Ne
358 2191 449 2248 recto
473 2184 605 2266 quidem
627 2183 700 2248 loco
724 2204 903 2265 pronomen
932 2183 1079 2265 ponitur,
1114 2183 1142 2247 si
1166 2183 1298 2266 quidem

141 2308 203 2359 uon
232 2294 344 2357 minus
373 2292 415 2358 ad
439 2292 629 2373 transfugas
652 2312 752 2374 quam
776 2291 818 2355 ad
840 2291 988 2373 captivos
1011 2293 1176 2373 pertinere
1201 2291 1299 2355 debet

138 2394 380 2481 (transfuga
410 2399 571 2483 quidam
600 2407 783 2480 agrestes
807 2408 845 2464 ot
869 2400 1048 2483 captivi).
1106 2400 1222 2482 Itaque
1246 2401 1298 2463 vix

131 2503 278 2575 dubium
311 2514 377 2587 est,
412 2510 492 2591 quin
526 2507 636 2572 Livius
670 2509 856 2590 scripserit:
891 2517 937 2572 tr.
963 2530 1041 2591 agr.
1066 2514 1108 2574 et
1131 2508 1297 2591 captivi,

129 2617 310 2697 quidam
333 2617 458 2696 sorte,
492 2638 587 2700 pars
611 2616 786 2679 consilio
811 2616 957 2696 oblati,
991 2618 1161 2681 notissimo
1186 2618 1298 2681 distri·

122 2713 262 2791 buendi
290 2746 425 2807 genere,
458 2746 523 2807 quo
558 2725 663 2807 partis
700 2723 895 2804 significatio
924 2727 1084 2797 variatur,
1120 2725 1153 2788 id
1183 2731 1294 2789 autem
1313 2734 1384 2800 (183)

112 2823 375 2916 interpolatum
398 2833 443 2896 sit
465 2833 569 2897 altero
592 2833 707 2897 addito
730 2854 832 2916 pars.
879 2832 1037 2897 Similiter
1060 2833 1223 2907 XXXVII,
1247 2838 1298 2905 42,

108 2934 140 2996 2
173 2943 212 3006 in
242 2941 478 3006 distributione
508 2941 617 3006 verbis
640 2942 769 3005 variata
792 2948 936 3006 erratum
958 2941 1152 3005 videbimus.
1209 2940 1297 3023 [Tol-

103 3035 271 3115 lendum
293 3070 389 3133 pars
412 3051 478 3114 iam
501 3070 530 3114 a.
559 3054 638 3113 1853
662 3049 914 3114 lluehlmannus
937 3048 1126 3131 iudicarat]

220 3156 367 3241 Cap.32,
394 3163 448 3222 10:
472 3159 569 3222 Post
592 3179 780 3222 occasum
805 3157 907 3221 solis
931 3159 1085 3240 signum
1109 3159 1297 3240 receptui

92 3252 275 3331 datum
309 3274 385 3346 est3
419 3273 538 3331 nocte
573 3266 619 3331 ab
654 3272 827 3349 utroque
861 3267 901 3328 in
935 3273 1075 3330 castra
1112 3267 1296 3330 reditum.

89 3357 225 3439 Scire
248 3373 356 3446 velim,
380 3393 444 3456 quo
466 3374 629 3439 referatur
651 3380 825 3456 utroque
849 3395 1045 3456 pronomem
1069 3398 1145 3440 uam
1168 3376 1297 3440 etiamsi

86 3464 323 3546 Romanum
360 3488 394 3547 et
427 3483 605 3547 Etruscum
639 3482 750 3545 Livius
792 3503 893 3565 supra
928 3484 1078 3561 dixisset,
1119 3491 1229 3548 tamen
1263 3485 1296 3547 in

81 3591 329 3655 narratione
371 3591 595 3655 continuanda
635 3590 772 3654 dixisset
807 3591 854 3655 ab
889 3592 1084 3673 utrisque,
1119 3598 1157 3654 ut
1194 3592 1294 3655 scribi

85 3699 266 3764 volebat
290 3697 483 3778 Creverius;
518 3700 576 3764 sed
604 3698 686 3762 nihil
717 3699 785 3762 tale
809 3700 907 3777 dixit,
940 3698 1043 3763 multo
1067 3699 1175 3762 minus
1199 3700 1298 3763 duces

84 3792 284 3889 intellegi
302 3814 450 3890 possunt,
474 3808 530 3888 qui
549 3806 591 3870 ab
610 3807 824 3872 Etruscorum
848 3814 942 3889 parte
967 3808 1098 3870 omniuo
1122 3807 1296 3887 significati

86 3918 210 3981 1lon-
235 3923 321 3980 sunt.
378 3913 515 3993 Vereor,
560 3935 601 3978 ne
627 3915 740 3979 Livius
776 3915 945 3998 scripserit
979 3921 1122 3979 tautum:
1168 3914 1297 3977 Nocte

92 4025 308 4106 ll‘oroque
330 4024 371 4085 in
395 4027 542 4100 castra,
564 4020 596 4085 h.
621 4044 658 4100 e,
681 4024 715 4087 in
739 4029 953 4104 utrorumque
978 4032 1098 4086 castra.
1144 4020 1267 4101 (1875.)

215 4130 296 4215 Cap.
322 4133 373 4209 33,
397 4135 430 4193 6:
467 4130 577 4194 Mam.
602 4130 806 4195 AEmilium
828 4167 881 4209 —,
910 4132 977 4214 qui
1009 4131 1297 4213 quinquenna.

99 4218 208 4304 lem
240 4247 334 4304 autc
368 4259 583 4303 censuram
618 4245 656 4302 et
694 4239 1009 4322 longinquitate
1043 4244 1298 4321 potestatem

112 4331 403 4413 dominantem
436 4347 549 4412 iutra
582 4367 650 4411 sex
684 4369 862 4412 mensum
898 4356 937 4412 et
964 4347 1060 4411 anni
1090 4348 1297 4428 coegisset
