2994 5108
683 496 745 558 763

138 684 169 738 13
191 683 220 739 13
238 697 387 752 progressu
405 681 574 736 narrationis
592 683 635 748 47,
654 682 697 749 91,
726 681 941 736 Menstruum
962 698 1020 736 non
1041 696 1093 751 pro
1113 680 1287 735 substantivo

174 770 231 837 123,
251 770 309 836 134,
329 769 385 836 137,
404 769 451 822 321
470 785 509 833 3.,
528 769 588 835 481,
607 768 666 821 633.
761 767 938 822 circituram

138 851 698 922 13333313,133(333(3ο313331333)
725 853 874 908 Maroari
892 855 943 908 603
960 872 987 908 3.

172 943 230 996 633.
725 939 901 995 Mereatus
919 942 980 994 439.

137 1027 262 1096 Itaque
279 1042 336 1081 non
352 1029 462 1080 tantum
484 1025 520 1080 ad
541 1025 698 1097 proximam
724 1026 834 1081 Millia
850 1025 988 1096 Philippei
1006 1043 1063 1081 non
1080 1026 1140 1080 Lat.
1159 1027 1216 1081 333.

173 1114 341 1169 sententiam
360 1104 493 1182 spectans
510 1114 562 1167 230
578 1131 605 1166 3.
724 1111 810 1181 Milya
827 1113 855 1166 in
874 1112 942 1167 Asia
959 1113 1018 1167 336.

136 1197 244 1254 13333
261 1217 320 1253 333
337 1204 414 1253 reete
436 1216 500 1252 oum
518 1198 697 1254 eoninnotivo
725 1198 868 1252 Mittere
900 1198 1010 1266 (11113313
1045 1197 1187 1264 33311333)
1224 1201 1285 1264 193,

170 1303 224 1354 333
241 1285 379 1340 infinitivo
397 1286 449 1340 673
466 1302 492 1339 n.
758 1285 897 1338 mittere
916 1284 1043 1339 absolute
1059 1287 1126 1353 417,
1146 1285 1286 1340 mittere

136 1371 300 1426 Iuventas
318 1376 349 1425 et
364 1371 528 1424 iuventus
550 1373 609 1425 282.
758 1372 791 1424 in
808 1375 1050 1438 tempestatem
1067 1373 1132 1426 dub.
1151 1372 1208 1426 329.

724 1455 901 1511 Moderati
915 1458 1026 1511 animo
1041 1457 1084 1525 (in
1096 1456 1285 1513 seonndafor·

135 1540 313 1613 Kreyssigius
331 1546 373 1610 41,
392 1544 449 1597 393.
758 1539 846 1611 1333),
865 1558 923 1597 333
941 1543 1090 1597 animum
1107 1545 1166 1599 639.

723 1627 852 1695 Modus,
874 1630 910 1682 in
930 1627 1066 1684 modum
1093 1629 1285 1684 barnuinum

135 1714 257 1769 Laounas
283 1715 312 1768 in
344 1715 472 1769 omnibus
500 1713 642 1776 codicibus
670 1718 699 1767 31
761 1716 817 1767 171.

169 1801 255 1855 verba
269 1801 373 1854 omissa
389 1800 458 1867 ((133.
479 1799 504 1867 1)
521 1803 546 1866 6,
566 1796 623 1866 139,
638 1801 697 1867 213,
724 1800 858 1854 Moenia
874 1805 903 1855 31
920 1801 1007 1856 muri
1025 1803 1083 1855 227.

171 1887 240 1953 ((133
257 1885 284 1952 3)
312 1889 371 1955 243,
397 1889 457 1951 393,
484 1887 556 1954 ((133.
583 1885 610 1952 4)
638 1887 696 1946 333,
724 1886 936 1953 Momentum,
954 1892 1207 1942 monumentum
1228 1889 1286 1942 130.

169 1975 228 2041 332,
247 1973 317 2039 ((133.
336 1971 363 2041 3)
383 1974 432 2027 333
449 1990 486 2041 3.,
504 1974 561 2026 397.
723 1972 880 2027 11333333
899 1971 998 2042 (genus
1015 1974 1133 2041 navigii)
1152 1976 1209 2028 343.

134 2059 300 2112 Latinorum
325 2058 360 2114 (13
377 2077 409 2112 33
428 2057 563 2112 adierim
581 2057 695 2112 Latinas
721 2058 825 2112 Morae
857 2076 930 2113 esee
965 2059 1006 2113 ad
1041 2059 1177 2128 aliquid
1212 2059 1282 2126 (non

167 2144 319 2214 pertinenti
337 2146 480 2200 decretum
497 2147 555 2198 609.
757 2147 931 2199 auctorem
945 2143 1054 2211 mora)
1071 2147 1130 2199 463.

133 2231 252 2298 Latus,
270 2232 287 2284 i.
307 2249 329 2285 3.
348 2231 484 2286 toleratus
503 2233 553 2285 166
571 2248 597 2284 n
721 2228 850 2284 Morari
868 2236 896 2285 31
912 2231 1082 2285 remorari
1100 2233 1158 2285 393.

134 2317 224 2387 Leges
251 2318 280 2371 in
299 2335 320 2370 r.
338 2333 364 2386 p.
383 2316 524 2383 13333133,
546 2334 603 2371 333
627 2316 693 2371 (133·
721 2316 858 2370 Movere
877 2316 1006 2371 absoluta
1029 2316 1147 2384 (animos
1164 2334 1285 2387 praesen·

168 2408 223 2471 tur,
243 2405 277 2458 92
295 2422 322 2457 n.
755 2403 836 2468 tium)
863 2404 925 2470 133,
943 2404 1122 2458 intransitive
1140 2405 1282 2472 quomodo

135 2488 270 2543 Letalis
287 2507 346 2543 voe.
364 2490 507 2558 poeticum
524 2491 559 2542 30
576 2507 603 2543 3.
757 2490 815 2542 223.

135 2576 240 2630 Libra
256 2577 369 2645 pondo
386 2578 444 2630 339.

135 2663 220 2718 Libui
240 2664 296 2716 143.
722 2657 802 2714 Nam
820 2661 1039 2730 33311113644.

134 2750 249 2803 Littera
281 2748 366 2802 semel
402 2746 528 2815 scriptae,
556 2763 618 2814 quse
654 2747 697 2801 313
723 2744 838 2816 113333
860 2747 986 2802 nedum
1009 2748 1058 2802 ubi
1076 2749 1166 2816 aoeipi
1185 2750 1284 2819 possit,

170 2835 255 2889 scribi
272 2834 427 2898 (13333331,
454 2836 516 2885 tum
538 2832 608 2886 rnaie
634 2850 698 2902 sup·
756 2833 820 2900 724,
839 2832 1008 2887 33133133
1026 2834 1109 2902 impr.
1129 2836 1181 2888 690
1197 2852 1223 2887 3.

72 2960 73 2963 ,
169 2920 469 2990 31313337,134,333.
723 2917 960 2974 Necessitates
987 2918 1028 2971 ad
1049 2919 1180 2973 bellum
1201 2921 1283 2990 impr.

135 3006 208 3061 Livii
226 3022 337 3059 errores
359 3005 390 3058 in
410 3005 572 3059 nominibus
594 3007 625 3058 61
646 3022 696 3073 sq,
757 3007 816 3058 699.

169 3095 231 3158 473,
249 3091 346 3145 Livius
365 3091 453 3146 oritioi
469 3106 620 3160 personam
638 3108 696 3144 sua·
723 3090 909 3145 1133333331
942 3090 1016 3159 apud
1049 3091 1161 3146 Livium
1190 3091 1282 3146 (13313

170 3179 276 3247 3131333
294 3180 356 3244 237,
381 3178 439 3231 3133
458 3177 493 3230 de
515 3176 651 3245 religione
669 3181 697 3230 et
756 3175 820 3230 fidei
839 3177 889 3230 336
906 3195 933 3231 n.

169 3264 306 3334 prodigiis
319 3263 422 3317 indicia
435 3265 499 3330 337,
518 3262 697 3332 neglegentia
721 3261 854 3332 Negare
871 3264 1060 3319 veritatem
1078 3264 1128 3318 rei
1146 3281 1203 3318 nou
1220 3265 1283 3320 Lat.

169 3350 296 3421 quaedam
307 3350 335 3404 in
346 3348 478 3403 notandis
487 3348 694 3417 provinciarum
756 3350 814 3403 473.

169 3436 372 3491 mutationibus
403 3437 466 3500 399,
500 3434 542 3488 in'
560 3433 695 3488 institutis
723 3432 842 3505 Negatio
860 3433 942 3503 (333)
959 3440 1025 3504 3331
1043 3437 1156 3490 verbum
1174 3437 1282 3507 negati-

169 3522 290 3590 autiquis
309 3519 501 3574 deseribendis
518 3520 627 3574 incuria
647 3523 696 3575 188
756 3537 822 3574 vum
842 3523 899 3575 131.

169 3626 220 3678 33,,
248 3609 316 3661 item
341 3606 371 3659 iu
397 3605 507 3676 Polybii
537 3606 696 3661 narratione
721 3605 840 3678 Negatio
859 3607 962 3661 omissa
981 3624 997 3660 a
1013 3606 1134 3662 librariis
1150 3610 1208 3675 129,
1224 3610 1283 3675 133,

169 3692 361 3749 contrahenda
383 3693 440 3754 237,
459 3689 694 3748 313133633733.
755 3695 814 3760 436,
833 3693 892 3760 313,
912 3694 970 3746 364.

722 3776 838 3844 113113,
861 3794 895 3832 ex
914 3795 947 3833 eo
966 3778 1080 3834 auditur
1096 3779 1187 3834 velle
1205 3781 1245 3834 93.

135 3867 209 3921 1113
230 3863 286 3918 fine
303 3880 403 3917 vocum
428 3879 444 3916 a
465 3862 588 3917 librariis
615 3863 693 3918 addi·
721 3863 850 3918 Nomen
876 3864 958 3919 (1333
986 3869 1014 3918 31
1044 3864 1144 3920 edere
1171 3865 1282 3921 diversa

164 3957 224 4006 tum
235 3950 446 4017 detractumque
455 3950 473 4002 8
482 3965 530 4016 sq„
542 3951 583 4017 33,
593 3952 644 4004 312
654 3968 694 4020 eq.
755 3953 813 4005 423.

134 4036 346 4107 Mancipium
363 4036 421 4088 431.
720 4036 916 4091 Nominativus
934 4036 1054 4089 nominis
1071 4053 1123 4105 pro
1142 4037 1282 4092 sententia

134 4125 280 4179 Martius
322 4135 459 4188 campus
498 4120 560 4189 (pro
596 4137 694 4190 eampo
756 4125 818 4190 172,
845 4122 1030 4176 nominativus
1058 4121 1160 4190 (ipse,
1188 4123 1281 4191 quis·

169 4208 280 4273 Martio)
299 4207 345 4261 vix
361 4206 483 4275 probum
500 4207 541 4259 90.
755 4224 829 4277 que,
862 4208 916 4262 alia
942 4205 1047 4274 (133133)
1080 4208 1208 4263 ablativis
1235 4208 1281 4262 ab·

134 4293 269 4347 Medius
287 4295 350 4359 203,
369 4309 433 4346 eum
451 4296 543 4361 genet.
562 4291 599 4360 (3)
617 4294 676 4348 333.
754 4294 850 4348 solutis
869 4299 917 4348 331
934 4292 1080 4365 gerundiis
1098 4292 1211 4348 additus
1220 4295 1280 4348 281.

134 4379 272 4448 Megara
288 4381 346 4434 341.
718 4378 791 4434 1133
808 4380 904 4434 modo
923 4379 1120 4449 (quisquam)
1134 4397 1188 4452 pro
1206 4397 1277 4434 non
