2994 5108
207 514 270 571 nib.
288 515 323 570 11.
766 501 808 560 70

208 688 413 756 coniunctivo
447 686 545 752 modo
580 707 638 751 suo
673 706 762 751 ruore
796 684 836 750 dc
869 705 905 749 re
934 684 1054 768 saepius
1082 683 1173 749 facta
1200 705 1280 749 usus
1311 685 1364 749 sit.

207 797 430 883 Appellata
452 796 689 878 scriptumest,
713 792 803 876 quod
821 793 973 877 sequitur
989 812 1007 853 a
1026 791 1217 877 (Appius).
1253 790 1318 858 cfr.
1338 793 1364 870 1,

208 910 259 985 43,
281 909 301 969 2
325 906 452 990 prima
476 903 627 968 classis
650 922 786 968 omncs
809 900 1062 985 appellati,¹)

295 1012 373 1097 Cap.
400 1017 448 1091 17,
472 1016 505 1076 ὃς
541 1009 727 1076 Ceterum
750 1008 881 1074 nihilo
904 1010 1037 1074 minus
1060 1008 1192 1086 foede,
1223 1008 1365 1074 dedita

208 1109 320 1199 urbe,
355 1141 470 1203 quam
504 1120 537 1183 si
566 1125 685 1202 capta
713 1116 836 1196 foret,
871 1118 1052 1182 Aurunci
1077 1118 1231 1202 passim
1254 1119 1365 1201 prin-

208 1231 318 1314 cipes
343 1227 475 1294 securi
499 1227 703 1311 percussi3
727 1225 798 1291 sub
822 1246 973 1291 corona
994 1226 1212 1291 venierunt
1231 1227 1365 1292 coloni

208 1337 288 1403 alii.
351 1335 550 1400 Adverbium
591 1335 742 1418 passim
780 1342 1002 1416 praeterquam
1036 1333 1125 1416 quod
1159 1354 1259 1418 pravo
1292 1334 1365 1400 loco

207 1447 350 1531 ponitur,
375 1443 538 1508 sententia
561 1441 742 1507 absurdum
766 1449 831 1522 est3
861 1464 936 1507 nam
961 1442 1042 1507 urbo
1065 1442 1096 1506 vi
1120 1450 1220 1526 capta
1241 1445 1365 1527 passim

209 1554 379 1619 caeduntur
411 1551 589 1634 fugientes
632 1550 831 1633 supplicium
864 1558 940 1634 post
974 1549 1173 1616 deditionem
1207 1558 1296 1616 certo
1331 1559 1366 1616 et·

208 1662 335 1728 delecto
363 1661 435 1725 loco
465 1660 614 1737 sumitur,
643 1679 714 1736 nec,
744 1660 772 1723 si
800 1659 831 1722 vi
854 1664 953 1742 capta
975 1658 1055 1723 urbs
1078 1657 1172 1738 foret,
1200 1661 1365 1744 principes

207 1770 315 1836 securi
350 1769 499 1853 percussi
532 1773 657 1844 essent,
693 1766 751 1831 scd
787 1768 821 1830 in
849 1767 928 1850 luga
956 1768 1041 1831 caesi.
1081 1766 1192 1832 Livius
1222 1768 1364 1852 primum

209 1879 373 1957 universe,
410 1897 482 1957 quac
513 1875 625 1959 oppidi
648 1875 781 1939 fortuna
803 1874 919 1951 furerit,
954 1873 1049 1954 dicit;
1083 1882 1154 1940 tum
1184 1878 1365 1959 separatim

208 1987 248 2051 de
276 1983 482 2070 principibus
510 1990 545 2048 et
568 1984 701 2048 ceteris:
737 1981 923 2047 Ceterum
952 1981 1083 2047 nihilo
1113 1985 1243 2048 minus
1272 1983 1365 2047 ioculo

208 2094 350 2160 dedita
372 2092 471 2157 urbe
569 2091 749 2155 Aurunci
772 2090 867 2171 passl;
891 2091 1102 2174 principes
1126 2097 1203 2157 cett.
1238 2092 1364 2158 Eodem

209 2224 319 2267 erroro
350 2201 502 2285 passim
532 2220 592 2282 pro
621 2199 736 2283 passi
777 2199 935 2283 scriptum
964 2205 1015 2263 est
1038 2219 1065 2263 c.
1090 2203 1145 2279 60,
1176 2201 1253 2265 2in
1274 2200 1365 2266 MPL

207 2309 266 2390 al.;
288 2309 344 2373 illo
368 2314 524 2390 corrupto
548 2328 587 2371 ex
609 2306 731 2372 foeda
753 2306 876 2372 lactum
900 2313 949 2371 cst
971 2306 1098 2371 foedo.
1144 2306 1267 2390 (1861.)

294 2414 373 2500 (lap.
400 2421 448 2494 18,
472 2420 506 2479 4:
542 2414 617 2480 Sed
639 2436 711 2479 nec
734 2436 808 2497 qno
832 2435 933 2479 anno
956 2435 1028 2479 nec
1052 2415 1200 2497 quibus
1224 2438 1365 2483 consu·

208 2524 334 2603 libus,
375 2525 469 2608 quia
508 2544 554 2587 ex
592 2522 777 2588 factione
811 2523 1094 2606 Tarquiniana
1136 2531 1276 2591 essent
1311 2511 1365 2607 (id

207 2653 368 2716 quoquc
403 2632 504 2696 enim
537 2630 747 2712 traditur),
786 2653 927 2715 parum
969 2632 1171 2697 creditum
1206 2634 1260 2698 sit
1293 2656 1366 2699 nec

207 2742 298 2824 quis
332 2740 503 2824 primunr
540 2740 727 2805 dictator
762 2747 927 2804 creatus
956 2741 1024 2818 sit,
1059 2742 1161 2805 satis
1192 2747 1365 2808 constat.

207 2848 318 2913 Prima
346 2848 404 2913 illa
433 2848 608 2913 disiunctio
640 2848 725 2930 (nec
753 2869 829 2930 quc
859 2869 960 2913 anno
990 2870 1062 2913 nec
1092 2850 1240 2930 quibus
1271 2872 1366 2915 con-

208 2955 371 3021 sulibus
406 2979 545 3040 parurn
581 2957 781 3022 creditum
816 2954 881 3036 sit)
911 2962 945 3021 et
974 2963 1176 3021 structuram
1205 2959 1366 3023 orationis

207 3064 310 3129 habet
332 3065 537 3148 perineptarn
561 3064 617 3146 (—
639 3086 745 3147 neque
770 3065 856 3128 enim
878 3086 938 3148 per
961 3087 995 3129 se
1019 3067 1122 3148 quaeri
1144 3072 1264 3148 potest,
1298 3087 1366 3149 quo

208 3195 293 3237 anno
323 3174 432 3237 nescio
463 3174 514 3236 cui
541 3172 665 3237 homini
695 3193 812 3255 parurn
841 3172 1001 3236 creditum
1026 3174 1082 3250 sit,
1117 3174 1212 3255 quasi
1236 3175 1365 3238 seiunc-

207 3287 277 3344 tum
300 3279 362 3344 hoo
386 3280 429 3343 sit
453 3302 472 3343 a
496 3280 701 3357 consulibus,
736 3280 793 3344 sed
816 3287 962 3358 tantum,
997 3301 1062 3361 quo
1086 3303 1186 3360 anno,
1220 3281 1282 3345 hoc
1305 3293 1365 3364 est,

209 3388 304 3451 ouius
325 3388 402 3450 anni
421 3387 611 3452 consulibus
629 3410 746 3472 parurn
766 3389 927 3453 creditum
945 3391 988 3455 sit
998 3389 1054 3471 -)
1067 3396 1100 3454 ct
1117 3389 1278 3474 reliquam
1292 3412 1365 3456 sen·

207 3495 362 3574 tentiam3
397 3515 471 3558 nam
500 3496 655 3580 quoniam
684 3497 774 3581 apud
797 3498 961 3562 Romanos
992 3499 1068 3563 anni
1091 3497 1281 3563 consulibus
1304 3520 1365 3565 no·

208 3608 336 3682 tantur,
364 3602 503 3668 ridicule
532 3604 627 3686 quasi
651 3604 716 3669 duo
739 3604 808 3670 hacc
832 3613 1014 3688 ponuntur:
1050 3627 1123 3670 nec
1154 3627 1231 3688 quo
1259 3627 1364 3671 anno

208 3731 278 3774 nec
307 3711 455 3792 quibus
485 3711 735 3778 consulibus.
786 3714 916 3798 Duplex
945 3723 1018 3780 erat
1041 3713 1216 3793 dubitatio,
1246 3715 1364 3789 altera,

208 3817 329 3901 quibus
358 3819 549 3884 consulibus
579 3820 658 3904 (quo
681 3822 780 3904 anno)
804 3823 930 3905 primus
954 3823 1098 3888 dictator
1121 3828 1251 3887 creatus
1274 3833 1364 3889 esset

208 3924 318 4006 (iisne,
347 3949 430 4010 quos
454 3927 566 3992 Livius
589 3927 651 3993 hoc
675 3930 783 4014 capito
806 3932 1001 4009 nominavit,
1030 3953 1081 4009 an,
1111 3951 1252 4014 quorum
1274 3952 1363 3997 anno

208 4034 384 4118 Dionysius
414 4034 457 4114 V,
491 4039 530 4099 72
565 4058 633 4101 rom
662 4038 823 4120 assignat,
857 4038 895 4115 Q.
924 4038 1063 4118 Cloelio,
1098 4039 1133 4102 T.
1162 4037 1276 4103 Lartio
1306 4039 1362 4121 II),

208 4141 324 4222 altera,
347 4143 421 4226 quis
444 4144 569 4226 [rrimus
588 4145 730 4210 dictat-01·
749 4145 873 4211 fuisset.
907 4147 1065 4231 Apparet,
1088 4147 1211 4230 opinor,
1234 4147 1363 4213 Liuium

236 4329 259 4393 ¹)
278 4328 346 4383 Sero
365 4327 565 4395 animadverti,
599 4330 815 4386 Mommsenium
842 4349 935 4386 veram
963 4335 1132 4387 sententiani
1160 4333 1275 4399 vidisse,
1302 4352 1362 4390 non

277 4415 453 4483 scripturam.
