3000 5116
187 461 249 515 Lib.
268 461 326 514 XL.
731 453 793 513 568

186 633 263 696 rint.
310 631 525 697 Scribendum
557 635 660 718 igitur
691 636 879 701 necessario
902 642 967 700 est:
1001 657 1071 720 per
1099 657 1186 721 quae
1210 639 1344 703 omnia

188 762 228 806 se
251 740 349 805 mihi
371 761 506 823 parem
529 741 569 806 in
591 744 815 808 certamine
846 764 923 808 non
951 741 1136 809 futurum
1164 745 1347 808 eredide-

186 848 264 912 111.
310 848 384 913 Non
406 848 575 913 intellecta
602 851 781 927 sententia,
809 860 945 934 propter
967 873 1149 935 pronomen
1174 875 1217 918 se
1240 853 1340 935 (qnod

187 978 227 1021 ex
250 956 408 1022 orationis
432 956 574 1041 obliquae
595 956 667 1040 lege
690 956 838 1041 ponitur)
860 957 952 1023 rerbi
968 980 1112 1042 persona
1127 968 1259 1025 mutata
1280 967 1344 1025 est

186 1063 262 1149 [Vel
285 1063 467 1148 perfectum
489 1070 619 1147 tempus
647 1065 738 1130 verbi
768 1067 847 1131 satis
875 1066 1080 1131 demonstrat
1109 1068 1151 1132 de
1173 1069 1345 1132 Demetrio

185 1175 249 1240 hoc
284 1172 363 1250 dici,
390 1173 447 1252 qui
480 1193 572 1254 spem
601 1174 802 1256 conceperit,
837 1194 902 1237 non
930 1173 972 1238 de
998 1172 1137 1251 Perseo,
1172 1177 1228 1258 qui
1256 1195 1343 1239 nunc

186 1277 323 1362 credat]

272 1385 349 1470 Cap.
377 1389 424 1464 13,
450 1391 464 1449 1
491 1393 525 1450 et
547 1391 565 1449 2
589 1387 637 1468 (in
666 1387 780 1452 eadem
809 1388 968 1453 Demetrii
995 1389 1175 1469 orationel:
1208 1388 1341 1454 Pluri-

185 1498 258 1564 bus
281 1495 409 1561 modis
433 1514 473 1557 se
496 1494 668 1576 petitum
691 1496 936 1561 criminatus
959 1501 1035 1573 est,
1062 1502 1102 1560 et
1125 1517 1264 1561 omnes
1285 1498 1339 1560 in·

185 1604 387 1671 sidiarum
409 1603 496 1666 rias
519 1603 552 1665 in
576 1623 695 1666 unum
717 1602 821 1666 diem
844 1604 1033 1668 contulit.
1063 1603 1188 1669 Volui
1211 1605 1334 1669 inter-

185 1712 253 1778 diu
277 1731 364 1776 eum
387 1715 481 1793 post
503 1709 810 1788 lustrationem,
834 1730 951 1792 quum
980 1713 1280 1790 concurrimus,
1299 1716 1335 1774 et

185 1819 356 1903 quidem,
380 1818 413 1882 si
437 1817 517 1881 diis
541 1817 688 1900 placet,
712 1815 1009 1882 lustrationum
1037 1817 1104 1882 die
1128 1819 1333 1896 occidere;

184 1927 303 2005 ¹uolui,
336 1945 454 2007 quum
488 1925 536 1988 ad
570 1945 733 1990 coenam
766 1926 953 2003 invitavi,
986 1946 1140 1991 veneno
1175 1926 1332 1990 scilicet

96 2034 356 2112 (ffissltollere3
388 2031 511 2110 volui,
545 2053 664 2115 quum
697 2033 957 2099 comissatum
985 2033 1139 2116 gladiis
1163 2030 1331 2098 accincti

184 2165 243 2209 me
272 2141 404 2206 secuti
437 2146 544 2217 sunt,
578 2139 686 2204 ferro
720 2140 971 2205 interficere.
1016 2140 1204 2224 Descriptis
1232 2139 1331 2205 tribus

183 2252 281 2317 unius
305 2249 370 2314 diei
392 2247 607 2330 temporibus,
629 2247 834 2331 ineptissime
857 2250 890 2312 in
924 2250 1030 2332 primo
1060 2248 1211 2313 membro
1233 2247 1331 2331 (post

183 2357 493 2432 lustrationem,
528 2376 644 2437 quum
683 2356 976 2435 concurrimus)
1006 2355 1143 2420 additur
1170 2363 1328 2436 tamquam

183 2462 346 2531 notabile:
371 2461 601 2545 etquidem,
626 2463 659 2526 si
682 2461 761 2528 diis
784 2462 929 2546 placet,
946 2462 1240 2529 lustrationum
1261 2461 1328 2538 die,

184 2572 278 2657 quasi
300 2571 363 2635 hoc
385 2569 482 2633 huius
505 2568 642 2633 membri
665 2571 834 2654 proprium
857 2572 900 2635 sit
923 2590 962 2634 ac
984 2591 1050 2635 non
1073 2591 1167 2655 aque
1191 2571 1233 2636 ad
1254 2569 1326 2634 alte·

182 2702 257 2746 rum
280 2685 314 2743 et
335 2678 470 2742 tertium
493 2679 657 2760 pertineat
684 2682 718 2741 et
747 2679 842 2759 quasi
865 2685 939 2761 post
971 2677 1203 2743 lustrationem
1229 2676 1324 2742 cedes

182 2788 254 2854 fieri
277 2785 429 2870 potuerit,
452 2785 515 2848 nisi
539 2805 576 2848 eo
601 2783 666 2863 die,
696 2804 760 2866 quo
782 2784 936 2849 lustratio
961 2787 1094 2850 omnino
1118 2794 1214 2850 esset.
1256 2784 1325 2848 Per·

182 2897 333 2979 spicuum
356 2899 407 2957 est
430 2900 604 2974 praeterea,
628 2912 727 2975 quam
750 2893 865 2957 vitiose
888 2894 1103 2976 perturbetur
1130 2895 1204 2976 ipsa
1225 2910 1324 2975 aqua-

181 3004 260 3069 litas
282 3001 502 3066 membrorum
526 2998 670 3062 studiose
694 3002 831 3081 quaesita
860 3001 893 3063 iu
915 3001 1060 3064 notando
1085 3001 1207 3084 triplici
1236 2998 1325 3064 cadis

182 3117 304 3177 conatu
322 3107 433 3190 (post
456 3107 765 3184 lustrationem,
783 3127 900 3188 quum
919 3110 1212 3186 concurrimus,
1231 3106 1325 3172 occi·

182 3220 277 3284 dere
321 3235 516 3295 -quum
560 3213 609 3278 ad
656 3234 791 3277 cenam
842 3215 1029 3280 invitavi.
1068 3236 1221 3280 veneno
1254 3215 1324 3279 sci·

180 3326 284 3390 licet
306 3322 452 3387 tollere
475 3356 517 3366 -
550 3343 667 3405 quum
701 3324 999 3386 commissatum
1022 3322 1071 3404 gl.
1096 3344 1176 3387 sco.
1200 3344 1256 3387 me
1276 3343 1327 3385 se·

181 3433 266 3497 cuti
297 3436 404 3508 sunt,
434 3429 541 3493 ferro
571 3427 826 3508 interficere,
850 3432 914 3493 nisi
937 3430 1025 3511 quod
1048 3431 1082 3494 in
1106 3433 1212 3513 primo
1236 3451 1326 3494 mem-

180 3540 241 3605 bro
266 3536 437 3605 occidendi
460 3537 576 3600 modus
600 3535 804 3618 significatur·
826 3538 896 3619 ipso
919 3545 1067 3619 tempore
1091 3557 1130 3600 ac
1154 3546 1326 3602 momento:

181 3669 300 3729 quum
336 3644 639 3725 concurrimus).
692 3642 756 3708 Sed
796 3665 868 3727 quae
907 3644 981 3708 binc
1021 3644 1225 3710 alienissima
1257 3647 1329 3710 suut

179 3754 297 3820 rerba:
320 3759 360 3818 et
383 3752 553 3834 quidem,
578 3774 602 3816 s.
628 3751 658 3814 d.
683 3751 743 3834 pl.,
767 3750 1063 3815 lustrationum
1086 3752 1167 3830 die,
1192 3773 1248 3830 ea,
1268 3771 1331 3816 nus

179 3861 295 3927 addita
328 3860 450 3925 lineola
481 3857 622 3939 (diem),
657 3859 828 3942 aptissima
855 3865 952 3923 erunt
979 3858 1078 3942 paulo
1108 3867 1202 3940 ante,
1238 3867 1275 3924 ut
1300 3860 1331 3922 in

178 3989 280 4034 unum
303 3968 392 4034 diem
414 3975 448 4031 et
475 3968 509 4030 in
538 3965 622 4030 diem
651 3967 731 4029 mire
765 3964 928 4031 delectum
956 3972 1022 4030 tres
1052 3975 1192 4032 conatus
1226 3966 1333 4032 collati

178 4077 346 4142 dicantur:
382 4096 518 4139 omues
542 4072 788 4139 insidiarum
821 4075 906 4138 rias
936 4075 974 4138 in
1004 4095 1122 4138 unum
1150 4075 1336 4140 contulit

178 4182 292 4264 diem,
317 4183 546 4266 etquidem,
570 4183 604 4245 si
628 4181 705 4245 diis
729 4180 871 4264 p'lacet,
894 4181 1195 4246 lustrationum
1220 4182 1336 4248 diem.

176 4290 297 4357 Volui
319 4290 504 4355 interdiu
528 4310 613 4354 eum
637 4295 730 4371 post
752 4288 1063 4367 lustrationem,
1093 4311 1214 4372 quum
1244 4311 1339 4355 con·

38 4684 197 4792 λ
