2994 5108
187 470 248 528 Lib.
267 472 314 527 IX.
730 462 792 524 206

268 647 350 733 Cap.
382 653 416 728 6,
447 651 481 711 6:
517 645 739 712 Confestim
773 648 956 731 insignia
985 670 1057 713 sua
1085 651 1336 733 oonsulibus,

186 756 336 836 fasces,
376 757 562 836 lictores
604 778 725 836 arma,
760 779 901 840 equos,
936 758 1197 839 vestimenta,
1231 782 1336 827 eom·

185 871 340 930 meatus
371 865 573 930 militibus
596 865 767 949 benigne
791 864 976 949 (Campani)
1000 868 1176 933 mittunt.
1231 869 1335 935 Vitio·

185 976 314 1039 sissime
346 973 416 1038 huc
449 976 496 1038 sic
524 975 647 1059 scripta
677 982 768 1053 sunt,
803 980 961 1056 tanquam
994 975 1102 1040 fasces
1136 982 1170 1041 et
1197 976 1333 1043 lictores

184 1083 340 1148 militibus
356 1117 357 1120 ¹
374 1084 467 1147 missi
501 1085 581 1163 sint,
622 1104 728 1165 neque
767 1084 851 1147 enirn
892 1084 961 1148 lraec
1001 1084 1065 1148 duo
1100 1085 1232 1150 nomina
1265 1086 1334 1152 ulla

183 1193 280 1257 modo
319 1213 339 1256 a
377 1191 513 1275 reliquis
552 1193 748 1256 accusativis
794 1191 904 1256 divelli
950 1198 1105 1276 possunt,
1150 1197 1333 1277 praesertim

184 1301 252 1365 sine
275 1301 393 1384 copula
410 1299 557 1382 (fasces
579 1300 841 1383 lictoresque)
860 1302 970 1385 posita
987 1302 1069 1366 etin
1087 1307 1228 1387 utraque
1247 1305 1333 1369 serie

182 1410 386 1473 accusativos
422 1408 697 1491 subsequentibus
720 1409 838 1474 dativis
868 1408 954 1491 (ins.
987 1428 1056 1474 sua
1078 1411 1331 1484 consulibus,

182 1540 290 1582 arma
312 1554 353 1562 —
371 1515 594 1598 militibus).
631 1517 775 1597 Accedit,
799 1518 886 1601 qued
909 1540 1002 1582 nemo
1026 1520 1240 1600 magistratus
1263 1521 1330 1586 Ro-

181 1649 295 1692 manus
317 1627 451 1692 lictores
474 1627 664 1710 peregrinos
687 1632 882 1709 accepturus
906 1633 984 1691 erat.
1020 1627 1084 1692 Sed
1101 1628 1190 1710 quod
1208 1628 1331 1693 Forch-

182 1737 346 1801 hammero
376 1743 409 1801 et
431 1736 564 1800 Hertzio
596 1734 712 1800 tollere
740 1734 892 1814 fasces,
920 1735 1093 1801 lictores
1122 1737 1155 1800 in
1185 1733 1352 1803 mentem'

181 1847 282 1924 venit,
316 1844 447 1927 requiro
481 1843 696 1908 additamenti
730 1864 873 1908 causam.
928 1844 972 1909 Et
1003 1845 1117 1910 subest
1148 1845 1331 1911 remedium

180 1954 283 2019 multo
305 1953 451 2032 facilius3
487 1951 696 2017 scribendum
719 1960 770 2017 est
793 1953 892 2017 enim:
927 1953 1107 2036 insignia
1135 1974 1205 2018 sua
1234 1974 1330 2019 con-

180 2062 355 2141 sulibus,
395 2062 528 2126 fasces
564 2059 788 2141 lictoribus,
827 2082 937 2126 arma
968 2097 1012 2108 —
1043 2061 1253 2127 militibus
1285 2099 1333 2109 -

179 2172 356 2236 mittunt.
412 2170 532 2234 Fasces
565 2169 728 2235 Samnites
763 2170 954 2235 ademerant
989 2170 1161 2235 lictoribus
1195 2192 1216 2235 a
1250 2192 1330 2236 con-

178 2279 306 2343 sulibus
335 2278 426 2343 abire
454 2279 553 2342 iussis
583 2278 623 2359 (c.
649 2283 684 2357 5,
717 2278 779 2360 13).
836 2278 928 2363 Ipsos
962 2279 1095 2344 lictores
1123 2282 1328 2363 nonmagis

177 2410 275 2470 quam
315 2394 441 2452 ceteros
480 2386 683 2450 retinuerant
716 2392 774 2450 ant
807 2387 958 2452 consules
991 2394 1048 2452 aut
1081 2387 1232 2452 tribunos
1266 2395 1331 2454 ant

176 2496 305 2561 milites.
351 2495 474 2578 (1875.)
524 2493 723 2577 Sequitur§
761 2500 799 2559 la
829 2496 876 2577 (iu
906 2495 1143 2581 Campanorum
1171 2497 1329 2564 iuvenum

177 2606 216 2670 de
244 2605 402 2670 militibus
432 2605 586 2669 Romanis
609 2625 629 2667 a
651 2604 800 2668 Furculis
824 2604 980 2669 Caudinis
1008 2605 1221 2669 redeuntibus
1249 2628 1329 2672 nar·

90 2702 96 2714 ‘
175 2714 330 2796 ratione):
366 2715 498 2778 iacere
527 2713 702 2777 indolem
733 2712 844 2776 illam
875 2714 1095 2793 Romanam,
1132 2714 1325 2780 ablatos-

175 2843 248 2905 que
279 2846 362 2887 curn
391 2824 512 2887 armis
536 2823 705 2900 animos3
740 2844 814 2885 non
837 2821 1005 2886 reddere
1029 2823 1216 2902 salutem,
1245 2845 1325 2889 non

175 2933 459 2998 salutantibus
489 2932 587 2996 dare
616 2953 867 3014 responsum,
897 2954 975 2995 uon
1003 2931 1160 2996 hiscere
1184 2954 1325 3016 qnem-

174 3065 289 3126 quarn
318 3065 395 3125 {orae
425 3034 530 3106 m'etu
555 3040 752 3122 potuisse.
798 3040 1023 3105 Salutantibus
1047 3041 1136 3104 salus
1159 3040 1325 3124 redditur,

172 3173 236 3216 non
259 3174 462 3234 responsum,
486 3150 572 3234 qnod
596 3149 818 3232 quarentibus
843 3148 990 3213 debetur.
1035 3149 1246 3215 Manifestum
1273 3159 1325 3217 est

173 3261 254 3325 duas
283 3282 376 3324 voces
404 3261 512 3323 locum
540 3264 685 3322 mutasse
709 3258 979 3340 scribendumque
1002 3279 1087 3322 esse:
1122 3279 1198 3322 non
1228 3261 1324 3325 red·

86 3370 269 3453 (waldero
299 3369 477 3433 salutem
506 3367 801 3446 salutantibus,
835 3389 910 3430 non
941 3366 1036 3429 dare
1065 3387 1320 3450 responsum,

239 3591 259 3657 l,
280 3594 336 3656 101,
355 3590 402 3643 ubi
422 3588 549 3642 Crassum
564 3588 648 3642 Cotta
671 3587 830 3655 alloquitur,
851 3585 946 3640 Senec.
960 3587 1014 3656 Ep.
1028 3590 1071 3654 94,
1089 3590 1130 3656 41,
1149 3589 1198 3642 ubi
1213 3590 1322 3646 Seneca

239 3695 302 3730 cum
319 3676 430 3730 Lucilio
448 3675 662 3740 sermocinatur,
680 3674 750 3727 nihil
769 3674 926 3744 praeterea]
948 3673 1032 3726 Initio
1052 3674 1153 3743 capitis
1171 3675 1206 3728 de
1224 3677 1317 3731 altero

238 3764 323 3816 alins
348 3761 475 3814 tollendo
497 3777 562 3814 vere
581 3760 742 3814 iudicarunt
758 3760 885 3813 Muretus
904 3767 933 3812 et
950 3759 1115 3813 Gronovius.
1155 3761 1246 3814 Alteri
1266 3780 1320 3832 per

237 3849 379 3902 obstantia
397 3847 559 3901 enitendum
577 3846 740 3913 fremebant,
760 3847 840 3899 alteri
858 3846 927 3899 nihil
948 3863 1094 3915 superesse
1113 3846 1219 3900 salutis.
1261 3847 1318 3902 Sed

237 3937 265 3987 in
283 3935 370 4002 ipsius
389 3934 452 3986 libri
472 3933 595 3996 exordio,
614 3950 672 4001 cap.
695 3936 716 3999 l,
735 3935 759 3999 7,
779 3931 935 3986 Gronovius
953 3950 1039 4001 pravo
1058 3931 1178 3986 artificio
1197 3951 1317 4002 eumque

237 4021 324 4074 secuti
343 4019 427 4072 cet-eri
441 4023 627 4087 corruperunt
641 4018 815 4087 aptissimam
830 4019 902 4071 hanc
915 4019 1050 4072 orationis
1065 4019 1194 4072 lerinam:
1213 4017 1315 4086 Quem

236 4105 677 4158 tibi-irarum-iudicem
696 4103 823 4158 feram?
847 4104 1174 4173 Neminem-fugio.
1211 4102 1312 4174 Optio·

235 4211 298 4246 nom
314 4193 430 4245 Pontius
444 4192 571 4245 Romano
589 4192 688 4245 iudicis
708 4191 768 4255 dat3
786 4192 925 4244 neminem
944 4192 1054 4259 excipit.
1083 4189 1181 4257 Quem
1199 4190 1313 4260 feram,

234 4281 400 4333 neminem
423 4277 520 4346 fugio
544 4296 596 4347 pro
618 4297 667 4343 eo,
694 4277 769 4346 quod
788 4283 841 4330 est:
874 4296 967 4345 quern
992 4277 1118 4346 fugiam
1140 4296 1199 4332 nec
1222 4277 1313 4333 ferre

235 4366 344 4432 velim,
363 4383 456 4418 nenio
476 4369 535 4432 est,
553 4383 683 4435 peruerse.
702 4365 810 4419 dieitur.
