2994 5108
224 493 287 551 Lib.
305 491 395 550 xum
772 478 834 541 658

226 666 383 752 plicata
404 664 544 731 verbis
566 664 694 746 regis,
718 684 800 746 quae
824 662 874 728 ad
897 663 1128 728 contionem
1151 666 1300 728 vocato
1322 682 1383 727 ex·

226 775 363 840 ercitu
396 772 550 839 habuit.
594 772 669 837 Non
703 770 908 855 pleraque,
942 771 1001 836 sed
1034 772 1143 836 omnia
1176 772 1247 836 sine
1282 769 1383 836 dubio

225 888 332 948 aucta.
380 879 506 947 Codex:
541 880 808 964 ampleraquae
847 878 1023 963 [Vahlenio
1058 885 1145 945 teste
1181 879 1383 963 ampleta·

226 990 322 1075 que]
367 989 662 1073 multiplicata.
723 987 860 1054 Duobus
905 989 1005 1071 igitur
1048 987 1221 1054 adiectivis
1272 986 1382 1052 Livius

193 1084 305 1165 'usus
350 1103 436 1163 erat:
477 1097 610 1181 ampla
650 1095 942 1180 praeclaraque.
987 1095 1289 1178 (Weissenbornius
1323 1095 1382 1160 mi·

224 1227 287 1272 nus
331 1211 421 1271 recte
466 1203 530 1270 duo
575 1204 752 1289 participia
791 1202 959 1286 effecit.)¹)
1019 1204 1146 1270 Deinde
1193 1201 1224 1286 (ἓ
1271 1202 1304 1285 5)
1346 1205 1380 1267 in

225 1313 337 1380 codice
382 1318 449 1378 est:
492 1311 624 1377 lectos
663 1312 703 1376 in
736 1319 911 1396 patrum,
950 1335 1030 1379 non:
1071 1306 1203 1378 lectos
1243 1311 1285 1376 in
1317 1331 1381 1395 pa·

223 1429 328 1487 trum
357 1442 575 1501 numerum;
608 1425 690 1504 puto
719 1419 845 1485 Livium
874 1423 996 1487 usitate
1026 1421 1215 1505 scripsisse:
1239 1402 1377 1485 'lectos

224 1531 264 1594 in
286 1535 435 1613 patres.
480 1528 584 1594 Paulo
617 1534 694 1612 post
727 1526 757 1611 (ἓ
786 1533 816 1609 8,
850 1530 883 1593 in
917 1529 1032 1594 eadem
1066 1529 1217 1595 oratione
1251 1523 1378 1608 Persei)

224 1636 347 1702 editur:
371 1637 456 1717 Aut,
479 1637 513 1701 si
530 1636 617 1702 acie
642 1636 864 1703 decernere
881 1637 1028 1716 volent,
1046 1637 1216 1702 eundem
1238 1654 1378 1720 pugna

125 1783 131 1795 ·
222 1744 434 1830 pedestris
458 1750 645 1809 eventum
668 1751 915 1829 exspectate,
938 1747 1006 1828 qui
1024 1746 1211 1829 equitum
1233 1745 1275 1809 in
1297 1763 1372 1808 cer·

223 1854 376 1918 tamine
409 1851 546 1917 fuerit.
590 1851 706 1937 Neque
741 1855 946 1919 coniunctivo
980 1855 1013 1918 in
1047 1853 1297 1937 comparatione
1328 1850 1372 1916 rei

222 1982 327 2045 nuper
350 1967 426 2026 ante
450 1959 561 2026 oculos
584 1961 727 2026 omnium
749 1968 849 2044 gestae
877 1983 981 2044 neque
1009 1959 1119 2026 futuro
1143 1967 1262 2026 exacto
1285 1958 1372 2024 locus

224 2075 290 2150 est;
314 2068 523 2135 scribendum
545 2070 733 2134 necessario
757 2076 823 2134 est:
859 2070 926 2152 qui
953 2104 996 2114 -
1019 2067 1108 2134 fuit.
1155 2067 1312 2133 Erratum
1333 2065 1371 2132 ob

224 2197 364 2259 sequens
388 2183 434 2246 et.
479 2175 544 2242 Sed
565 2185 726 2260 praeterea
742 2176 837 2258 valde
858 2176 1017 2262 suspicor,
1040 2177 1168 2241 Livium
1188 2177 1370 2259 scripsisse:

224 2285 291 2367 qui
325 2286 505 2368 equitum
538 2285 780 2351 certaminis
812 2284 907 2366 fuit,
942 2307 981 2350 ex
1014 2305 1043 2346 ι
1073 2290 1180 2349 ortum
1216 2303 1289 2348 esse
1321 2282 1368 2360 in,

223 2392 341 2458 deinde
364 2395 601 2460 certamine.
646 2392 802 2458 Extremo
826 2395 935 2478 capite
958 2391 988 2476 (ἓ
1014 2393 1078 2473 11),
1102 2392 1161 2458 ubi
1186 2391 1369 2458 declaratur

223 2501 307 2566 situs
330 2500 461 2580 tumuli,
486 2500 529 2566 ad
552 2522 649 2585 quem
671 2499 808 2566 Perseus
831 2508 940 2567 castra
962 2503 1082 2585 posuit,
1106 2509 1140 2566 et
1161 2500 1310 2565 narratio
1332 2494 1366 2562 ad

222 2608 390 2674 Romanos
412 2607 620 2688 transfertur,
641 2609 788 2692 vestigiis
812 2608 932 2675 codicis
956 2608 1156 2689 (tumulus
1180 2607 1267 2691 bijo
1288 2612 1371 2673 ante

223 2722 420 2799 tempeste
455 2722 518 2781 est
553 2718 703 2781 eminet
743 2716 880 2782 larisae
914 2718 1071 2781 medius
1112 2716 1257 2780 abesto
1291 2733 1367 2779 num

222 2846 299 2889 non
322 2824 621 2889 abscondentes
644 2823 693 2888 ad
721 2825 963 2908 ripapaenei
994 2825 1069 2905 cet.)
1104 2824 1245 2889 obscure
1281 2821 1367 2906 signi·

222 2931 315 2997 ficari
347 2932 477 2996 videtur
509 2932 702 2997 huiusmodi
737 2934 897 2997 orationis
933 2933 1052 2999 forma:
1088 2932 1280 2996 Tumulus
1313 2913 1367 2993 bic

222 3046 315 3104 ante
366 3040 507 3125 Tempe
559 3047 622 3104 est
673 3046 712 3104 et
762 3042 924 3119 eminet,
970 3061 1095 3103 eorum
1147 3047 1181 3102 et
1230 3040 1366 3103 Larisa

222 3147 422 3231 (Ussingium
456 3147 580 3213 Phile
608 3154 648 3211 et
670 3146 856 3228 Larissae)
880 3149 1043 3213 medius.
1078 3148 1203 3213 Abest
1227 3149 1271 3211 **.
1306 3147 1366 3208 Bo·

222 3256 321 3317 mani
343 3277 420 3321 non
444 3263 513 3334 cet,
537 3261 574 3320 ut
599 3256 708 3319 Livius
732 3256 846 3320 eadem
864 3258 1107 3321 constructione
1133 3278 1212 3320 usus
1237 3258 1289 3334 sit,
1312 3272 1366 3338 qua

222 3362 356 3427 Ovidius
391 3363 522 3428 locum
554 3363 729 3427 medium
763 3363 896 3446 iuguli
931 3371 968 3429 et
999 3364 1149 3428 lacerti
1175 3365 1269 3429 dixit.
1315 3358 1366 3429 Sed

221 3491 274 3534 res
296 3472 425 3534 incerta
448 3476 506 3533 est.
553 3469 683 3552 [Itaque
713 3470 790 3535 olim
818 3471 884 3535 alia
915 3470 1062 3553 tentari]
1108 3472 1298 3555 Mopselum
1326 3479 1365 3534 tu·

221 3575 345 3641 mulum
379 3599 437 3641 cur
471 3577 610 3642 eundern
644 3599 714 3643 esse
745 3601 783 3643 ac
812 3579 977 3663 Mopsium
1007 3579 1167 3664 oppidum
1191 3581 1363 3652 credamus,

220 3684 313 3748 nulla
336 3690 385 3749 est
409 3705 516 3749 causa.

307 3789 384 3875 Cap.
409 3795 459 3871 62,
485 3797 502 3855 6
527 3792 574 3873 (in
597 3794 744 3858 oratione
769 3815 896 3874 eorum,
920 3796 978 3877 qui
1000 3794 1122 3860 Perseo
1148 3797 1304 3874 suadent,
1334 3794 1362 3855 ul

135 3904 205 3970 (546)
224 3920 340 3982 pacem
363 3921 383 3964 a
406 3900 559 3963 Romanis
583 3900 704 3983 petat):
737 3902 871 3985 Neque
900 3903 1016 3967 finiri
1045 3901 1202 3968 bellum
1224 3901 1361 3987 magni·

220 4005 417 4071 licentius
452 4027 568 4088 quam
602 4008 648 4071 ab
683 4017 762 4073 tam
796 4008 1054 4074 memorabili
1088 4030 1226 4094 pugna
1249 4023 1360 4093 neque

220 4134 330 4196 spem
364 4113 585 4179 firmiorem
620 4118 733 4198 pacis
772 4124 982 4200 perpetuae
1023 4117 1127 4198 dari,
1162 4141 1280 4203 quam
1311 4119 1358 4181 cet·

222 4263 445 4279 -..-—a—.

246 4364 271 4429 ¹)
290 4362 306 4431 ξ
327 4367 339 4416 l
359 4364 499 4418 dona-
517 4368 604 4424 dono
628 4369 733 4423 dabat
751 4371 811 4426 iure
830 4370 1076 4427 Drakenborchius
1096 4373 1275 4442 improbavit
1304 4365 1357 4423 Tol·

288 4447 408 4502 lendum
421 4450 516 4506 dona.
