2994 5108
220 507 283 562 Lib.
301 507 427 562 XXVIII.
768 498 831 559 406

220 700 288 742 rem
323 685 380 744 aut
414 682 612 746 sententiam
644 682 679 746 in
707 682 770 746 hoo
797 681 871 747 looo
900 683 1066 766 pertinere
1094 681 1204 765 nego.)
1259 681 1378 763 Itaque

221 787 494 853 considerandum
528 796 623 872 puto,
663 790 854 872 potueritne
888 790 1011 855 duces
1044 789 1231 874 geminandi
1265 810 1379 855 erroro

220 897 310 959 nasci
345 918 385 961 ex
419 896 533 976 duos,
572 903 610 961 ut
649 899 744 962 initio
784 904 913 962 tautum
954 900 1113 982 scriptum
1151 897 1267 963 fuerit:
1307 897 1380 963 ad·

219 1024 359 1068 versus
390 1005 491 1069 duos
513 1005 798 1087 imperatores.
850 1003 1024 1086 [Koohius:
1059 1005 1254 1071 adversus
1277 1005 1380 1070 duas

221 1113 341 1189 acies,
366 1112 467 1176 duos
490 1110 786 1194 imperatores]

307 1218 386 1302 Cap.
413 1222 461 1298 12,
487 1224 542 1283 13:
576 1219 638 1283 lbi
660 1225 741 1284 tum
763 1219 1003 1285 Hasdrubal
1027 1219 1230 1303 Gisgonis,
1258 1221 1382 1286 maxi·

220 1348 303 1391 mus
341 1328 681 1409 clarissimusque
718 1350 761 1392 eo
790 1328 899 1392 bello
930 1327 1150 1392 secundum
1177 1327 1382 1393 Barcinos

220 1434 312 1514 dux,
341 1456 554 1517 regressus
584 1435 632 1499 ab
658 1435 854 1514 Gadibus,
882 1435 1116 1500 rebellandi
1138 1426 1382 1519 spem'adiu·

219 1548 339 1606 vante
368 1543 535 1625 Magone
557 1542 804 1607 Hamilcaris
828 1542 940 1622 filio,
975 1543 1201 1607 dilectibus
1223 1564 1294 1626 per
1318 1544 1382 1608 ul·

219 1649 417 1714 terionem
445 1650 684 1734 Hispaniam
719 1649 876 1715 habitis
907 1651 956 1715 ad
979 1650 1005 1714 L
1027 1651 1162 1715 millia
1184 1651 1381 1736 peditum,

219 1757 372 1822 MMMM
406 1765 446 1822 et
480 1760 730 1842 quingentos
765 1760 927 1840 equites
961 1761 1143 1834 armavit.
1199 1758 1275 1823 Nou
1308 1768 1383 1825 tam

219 1865 402 1930 rebellandi
430 1888 521 1950 spem
551 1866 696 1931 adiutam
720 1888 740 1930 a
762 1866 901 1949 Magone
930 1873 1011 1950 puto
1040 1888 1139 1948 quam
1168 1866 1247 1931 belli
1275 1888 1381 1952 appa·

218 1981 345 2052 ratum3
378 1975 492 2058 itaque
527 1974 737 2039 scribendum
761 1995 835 2038 cum
857 1974 897 2038 P:
931 1995 1152 2054 regressus
1177 1974 1226 2039 ab
1251 1974 1289 2038 G.
1315 1997 1382 2041 re·

219 2082 406 2147 bellandi
431 2103 509 2166 spo,
533 2083 757 2146 adiuvante
776 2081 945 2163 Magone
968 2089 1030 2146 cet.
1064 2083 1182 2147 Nescio
1206 2103 1250 2146 au
1272 2083 1383 2149 edito·

218 2213 271 2255 res
291 2189 487 2254 offenderint
505 2189 539 2252 hi
557 2190 692 2254 ablativi
710 2189 856 2254 absoluti
875 2191 921 2254 sic
939 2191 1076 2274 propius
1089 2211 1163 2254 cum
1174 2189 1289 2255 alteris
1302 2212 1382 2256 oon-

218 2300 321 2362 iuncti
346 2298 427 2379 (fere
451 2299 545 2381 quasi
570 2296 674 2361 dicas:
705 2297 937 2362 dilectibus
964 2297 1185 2362 adiuvante
1206 2297 1382 2382 Magone

218 2404 407 2486 habitis);
443 2405 500 2469 sed
530 2426 602 2469 eam
632 2405 787 2468 duritiam
810 2404 921 2469 Livius
950 2427 1016 2470 non
1043 2407 1158 2470 vitavit
1185 2405 1230 2487 (l,
1259 2411 1318 2487 46,
1353 2411 1381 2487 1,

133 2524 204 2594 (332)
224 2512 371 2592 XlHlIll,
402 2516 451 2591 20,
479 2512 523 2593 4),
551 2535 591 2576 ne
615 2513 719 2576 multo
743 2512 874 2595 quidem
897 2514 1097 2596 asperiorem
1120 2513 1253 2595 (XXIX,
1282 2519 1313 2594 6,
1339 2515 1382 2598 1).

219 2620 372 2685 Ceterum
400 2622 504 2704 magis
534 2621 682 2703 placeret
710 2641 905 2702 egressus
930 2620 976 2684 ab
1002 2621 1055 2700 G„
1085 2622 1172 2702 quod
1201 2621 1302 2686 simul
1331 2622 1382 2687 di-

218 2729 386 2812 grediendi
419 2728 547 2811 longius
577 2730 668 2792 notio
697 2729 854 2793 adiuncta
877 2737 936 2792 est.
988 2729 1136 2793 Gadibus
1166 2729 1314 2794 inclusus
1345 2752 1381 2795 se

219 2837 407 2900 Hasdrubal
431 2843 595 2900 tenuerat.

305 2944 383 3028 Cap.
417 2952 470 3024 14,
506 2952 526 3007 4
559 2944 616 3024 (de
650 2946 720 3007 acie
756 2951 832 3007 ante
862 2945 1023 3026 proelium
1053 2945 1096 3007 ad
1124 2944 1291 3008 Baeculam
1320 2968 1382 3029 per

220 3055 349 3137 aliquot
378 3054 449 3118 dies
478 3050 673 3132 instructa):
709 3051 887 3115 Mediam
920 3054 1047 3116 aciem
1076 3053 1170 3115 hino
1198 3052 1382 3133 Romani,

218 3163 340 3226 illino
370 3159 748 3242 Carthaginienses
784 3161 900 3223 mixti
928 3160 1054 3237 Afris,
1090 3180 1243 3224 cornua
1272 3161 1382 3226 socii

219 3269 434 3347 tenebant3
481 3275 599 3331 eraut
650 3273 783 3330 autem
834 3269 1024 3350 utrisque
1076 3267 1253 3350 Hispani
1308 3291 1381 3352 pro

220 3377 434 3454 cornibus3
469 3382 562 3439 aute
593 3374 784 3437 Punicam
819 3377 945 3439 aciem
981 3375 1193 3459 elephanti
1223 3376 1382 3440 castel·

218 3485 349 3547 lorum
372 3483 517 3565 procul
543 3484 722 3565 speciem
745 3483 991 3564 praebebant.
1045 3482 1177 3547 Omissa
1199 3504 1383 3565 pravorum

217 3592 472 3675 reprehensione
503 3593 687 3655 orationem
715 3597 804 3653 recto
835 3591 1024 3654 distinctam
1055 3612 1189 3673 ponam:
1226 3612 1385 3658 cornua

219 3701 323 3764 socii
347 3699 544 3762 tenebant
562 3701 693 3778 (erant
717 3705 850 3761 autem
872 3700 1058 3781 utrisque
1078 3697 1284 3780 Hispani);
1309 3723 1384 3784 pro

219 3808 415 3873 cornibus
445 3806 657 3889 elephanti
688 3813 749 3869 oet.
806 3805 843 3868 lu
872 3814 1013 3887 utroque
1042 3807 1186 3870 exercitu
1211 3792 1386 3874 sociorum

217 3939 349 3980 manum
367 3938 406 3979 111
423 3915 580 3997 Hispanis
597 3914 783 3976 constitisse
803 3914 867 3992 ait;
889 3935 967 3977 uam
984 3913 1117 3978 ltalioos
1136 3915 1244 3978 socios
1258 3915 1385 3998 Livius,

217 4032 255 4088 ut
281 4025 351 4087 fere
381 4023 460 4087 alibi
490 4024 523 4085 in
554 4020 616 4084 hao
645 4019 723 4084 belli
753 4020 979 4104 Hispaniensis
1013 4022 1221 4098 narratione,
1258 4023 1388 4090 Roma-

218 4154 333 4194 norum
368 4132 497 4194 nomine
533 4129 795 4212 comprehendit,
829 4128 1000 4212 Polybium
1034 4150 1189 4213 sequena,
1225 4133 1287 4214 qui
1311 4132 1387 4214 (xl,

219 4244 270 4316 22,
301 4243 332 4317 3)
357 4239 390 4300 in
413 4238 476 4302 hac
499 4240 571 4321 ipsa
593 4239 662 4301 1111
687 4236 905 4300 describenda
929 4236 1113 4319 Scipionem
1138 4236 1219 4300 dicit
1242 4240 1388 4307 solitum

219 4367 287 4409 esse
316 4352 376 4413 τοὺς
397 4352 545 4424 Ῥωμαίους
572 4354 671 4424 μέσους
694 4349 853 4405 ἀντιτάττειν
875 4354 930 4413 τοῖς
952 4350 1065 4423 Λίβυσι,
1093 4352 1169 4414 τοὺς
1192 4351 1216 4405 d'
1239 4352 1388 4430 Ἴβηρας
