2994 5108
215 505 279 559 Lib.
300 503 385 559 XLII.
756 492 817 553 622

215 677 437 742 crederentur.
482 674 683 740 adverbium
714 677 868 760 passim
900 696 998 760 prave
1031 679 1211 761 repetitum
1244 682 1297 741 est
1325 695 1365 739 ex

215 785 441 869 superioribus
465 781 495 867 (ξ
520 781 568 864 8);
592 791 629 848 et
651 784 691 848 in
712 783 807 868 iuga
829 784 982 868 passim
1004 786 1098 851 caesi
1121 791 1224 851 sunt.

301 891 378 977 Cap.
402 897 431 973 8,
454 895 489 956 6:
512 891 583 973 (ubi
606 899 736 956 senatus
752 892 952 976 indignatur,
975 893 1155 959 crudeliter
1177 895 1362 960 saevituma

214 999 257 1065 M.
280 999 423 1083 Popillio
444 999 580 1066 consule
603 1001 636 1064 in
659 995 796 1083 Ligures
820 1000 978 1083 deditosl:
1013 1008 1074 1068 tot
1096 1002 1230 1068 millia
1252 1001 1359 1086 capi·

214 1116 294 1173 tum
328 1109 601 1187 innoxiorum,
640 1107 761 1173 fidem
800 1109 1069 1192 implorantes
1109 1110 1254 1196 pop-uli
1287 1109 1359 1175 Ro·

215 1218 336 1295 mani,
358 1217 533 1300 pessimo
558 1216 736 1301 exemplo
759 1218 922 1283 venisse
951 1225 990 1284 et
1020 1219 1248 1285 distractos
1270 1239 1360 1303 pas·
1420 1201 1426 1215 ⁸

215 1326 285 1390 sim
308 1326 433 1390 iustis
457 1325 656 1406 quondam
678 1324 868 1391 hostibus
892 1326 1032 1412 populi
1055 1327 1225 1393 Romani
1246 1346 1360 1411 paca·

213 1435 267 1497 tis
301 1433 466 1498 servire.
516 1432 566 1497 Ad
599 1432 828 1517 indignitatem
859 1436 907 1500 rei
944 1435 1127 1519 augendam
1161 1435 1246 1501 adeo
1279 1431 1361 1499 nihil

213 1542 373 1626 pertinet,
408 1540 497 1626 quod
536 1542 698 1624 pacatis
737 1542 874 1624 Ligures
907 1545 1065 1621 serviunt,
1098 1549 1233 1608 utrem
1260 1543 1369 1608 leniat

213 1648 248 1714 id
281 1648 473 1714 vocabulum
513 1648 714 1732 consilioque
749 1651 906 1716 orationis
946 1659 1115 1736 repugnet.
1174 1649 1240 1716 Sed
1273 1649 1369 1736 quod

214 1756 512 1836 Weissenboruius,
536 1757 762 1823 animadverso
786 1761 956 1824 sententiae
979 1761 1073 1839 vitio,
1097 1758 1272 1824 substituit
1294 1779 1395 1842 pa·-

213 1875 342 1943 catos,
366 1865 466 1930 etiam
488 1865 635 1930 vitiosius
658 1874 722 1946 est3
756 1867 836 1950 qnid
864 1868 949 1932 enim
972 1888 1054 1951 opus
1076 1873 1127 1932 est
1149 1866 1215 1931 dici
1238 1887 1435 1950 paca-

212 1983 276 2041 tos
305 1995 390 2052 esse,
420 1975 476 2058 qui
504 1973 660 2038 venditi
687 1975 850 2040 serviant?
905 1974 977 2040 Uno
1007 1973 1103 2040 modo
1131 1975 1165 2039 in
1200 1974 1448 2057 reliquam:

213 2084 409 2148 sententiam
431 2081 552 2147 includi
575 2081 609 2146 id
630 2082 826 2148 vocabulum
842 2090 962 2166 potest,
985 2091 1018 2149 et
1036 2082 1161 2148 includi
1178 2082 1353 2166 aptissime
1371 2100 1456 2154 e,

218 2191 247 2257 si
269 2197 327 2256 aut
350 2189 437 2274 [cum
460 2187 678 2272 Heusingero]
701 2192 767 2255 vix
789 2192 952 2275 pacatis
974 2198 1030 2256 aut
1051 2211 1176 2275 nuper
1199 2191 1385 2275 pacatia-
1442 2201 1463 2250 ,Β

212 2299 355 2378 scribas;
379 2305 412 2363 et
434 2318 560 2380 nuper
582 2304 658 2382 post
681 2320 734 2382 pr.
758 2297 854 2364 facile
878 2299 1029 2364 excidere
1051 2299 1169 2383 potuit.
1205 2297 1286 2363 Haec
1309 2317 1466 2363 co—<r

211 2407 346 2485 haerent,
370 2407 491 2471 servire
515 2405 649 2488 Ligures
672 2408 723 2484 iia,
746 2408 802 2491 qui
825 2407 991 2490 quondam
1006 2407 1119 2471 hostes
1137 2406 1467 2471 Romanorum

211 2517 343 2592 fuerint,
366 2534 469 2597 nuper
491 2514 620 2579 demum
643 2517 754 2599 pacati
777 2517 850 2580 sint.
886 2514 1038 2597 Sequitur
1060 2511 1091 2596 (ξ
1111 2513 1144 2595 7)
1167 2514 1201 2579 in
1227 2520 1469 2580 senatu-11⁸

212 2625 362 2690 decreto:
386 2621 569 2706 (placere
594 2623 772 2703 senatui)
803 2623 1052 2705 —bonaque
1075 2629 1117 2686 ut
1139 2622 1193 2687 iis
1217 2618 1468 2705 (Ligarii-i·

210 2733 303 2813 bus),
329 2730 528 2816 quidquid
557 2733 641 2796 eius
665 2733 904 2815 recuperari
939 2732 1086 2814 possit,
1118 2729 1391 2794 reddantnt
1430 2744 1466 2800 -r‚

211 2840 405 2923 (consulem)
429 2860 589 2918 curare3
623 2861 731 2906 arma
764 2860 921 2924 quoque
956 2846 1138 2922 tempore
1161 2837 1257 2902 fieri
1292 2858 1335 2901 ne
1379 2848 1466 2895 Sc

209 2955 305 3015 ante
330 2947 539 3014 consulem
564 2948 608 3012 de
631 2948 842 3032 prouincia
866 2946 1076 3023 decedere,
1106 2967 1224 3029 quam
1248 2944 1404 3009 dedii
1444 2937 1463 2998 i·

208 3065 275 3123 tos
297 3059 335 3123 in
358 3058 495 3122 sedem
518 3078 626 3120 suam
650 3057 822 3139 Ligures
846 3055 1110 3119 restituisset,
1144 3053 1300 3118 Licenter
1322 3046 1462 3116 ceti

208 3166 382 3233 infeliciter
415 3167 484 3230 haec
508 3171 664 3247 erp-naus
698 3163 970 3247 interpolaverat3
1005 3162 1062 3226 sed
1095 3182 1136 3226 ne
1168 3160 1467 3244 Kryssigiuna

213 3271 344 3353 quidem
368 3292 480 3337 uerum
502 3274 594 3349 vidit,
618 3275 673 3356 qui
697 3273 837 3336 fortasse
857 3271 1065 3336 scribendum
1080 3270 1229 3353 putauit:
1254 3290 1333 3333 arm
1372 3268 1473 3364 521³·

207 3380 340 3461 primo
360 3401 518 3462 quoque
537 3389 720 3464 tempore
739 3380 886 3446 referri
910 3377 1012 3461 (quod
1032 3399 1094 3461 pro
1116 3375 1236 3441 reddi
1253 3377 1409 3459 accipzl
1423 3361 1474 3438 jpr

207 3487 275 3551 uult
299 3494 413 3551 contra
435 3510 530 3552 usum
553 3488 733 3571 loquendi),
757 3508 817 3552 nec
838 3486 1137 3563 Weissenbornius‚
1167 3485 1224 3567 qui
1255 3485 1422 3568 scripq
1434 3469 1477 3546 ll

207 3596 266 3660 sit:
302 3618 412 3660 arma
446 3618 606 3680 quoque
641 3598 830 3680 adempta
862 3594 1019 3661 referri.
1066 3593 1177 3657 Livius
1208 3592 1250 3658 ad
1273 3583 1480 3656 hannul

205 3704 343 3769 sormam
376 3706 567 3788 scripserat:
602 3727 712 3771 arma
745 3723 890 3783 quoquc
922 3702 1046 3781 reddi,
1080 3720 1201 3779 caque
1235 3699 1343 3781 prin»
1373 3689 1481 3802 ἐξ·

206 3814 800 3897 quoqueterrrporefie1·i,nec
830 3820 928 3877 ante
951 3819 1012 3876 cet.
1058 3810 1137 3887 Quae
1160 3808 1284 3874 litteris
1307 3805 1483 3871 inssln'

205 3922 401 4004 nigrioribus
422 3923 543 3989 addidi.
569 3925 688 3987 eruisse
707 3926 782 3986 sunt
805 3928 941 4004 propter
963 3939 1120 4001 quoque
1138 3917 1188 3982 bis
1202 3910 1483 4001 positurum·

206 4029 516 4113 (Oppugnautes
552 4053 610 4114 pro
645 4038 876 4113 pugnantes
909 4026 1035 4092 frustra
1069 4005 1480 4090 uleiscenborniun1‘11s

206 4139 358 4203 defendit.
384 4147 492 4203 ortum
515 4161 554 4202 ex
577 4138 774 4221 precedenti
797 4124 896 4218 0.)¹)⁸

228 4365 250 4428 ¹)
269 4361 370 4430 [Quum
390 4365 500 4432 expleta
514 4348 697 4434 apertissimae
713 4331 827 4432 originis
843 4363 951 4429 lacuna,
968 4361 1063 4415 littera
1077 4360 1153 4415 nulla
1166 4363 1276 4421 mutata,
1289 4356 1453 4407 ΒΨ·
