2994 5108
705 460 766 522 383
1129 472 1191 526 Lib.
1210 471 1317 525 XXVI.

153 641 328 707 subeunda
364 645 421 722 sit,
461 642 677 727 probabiliter
712 643 886 727 Ussingius
923 651 1000 708 aute
1037 644 1120 708 duae
1157 649 1193 705 et
1232 642 1309 707 addi

152 749 258 815 iubet.
307 749 416 832 1863.)

240 855 320 942 Gap.
346 861 401 938 31,
431 861 450 921 2
475 859 522 940 (in
550 859 699 924 Marcelli
729 866 845 924 contra
876 857 1101 942 Syracusanos
1129 855 1314 938 oratione)r

151 965 332 1045 sednon,
364 966 460 1050 quid
483 987 555 1049 ego
578 966 754 1046 fecerim,
778 968 817 1032 in
841 967 1177 1050 disquisitionem
1199 966 1310 1031 venit

150 1094 239 1138 nam
262 1073 463 1157 quidquid
485 1075 558 1139 isti
580 1077 669 1158 pati
693 1074 919 1141 debuerint.
956 1074 1008 1140 Sic
1031 1075 1065 1140 P.
1083 1110 1127 1120 -
1145 1075 1310 1140 Weissen-

150 1180 288 1246 bornius
322 1181 429 1247 multa
462 1181 627 1247 moliendo
655 1184 704 1247 ita
733 1182 909 1267 dicentem,
923 1182 1115 1248 Marcellum
1143 1183 1237 1262 facit,
1271 1189 1312 1247 ut

150 1287 233 1354 nibil
263 1290 396 1355 omniuo
427 1289 609 1372 relinquat,
644 1290 733 1375 quod
762 1292 796 1356 in
827 1291 1090 1373 disquisitionem
1119 1293 1244 1369 veniat,
1279 1291 1307 1355 si

150 1396 284 1479 quidem
319 1404 354 1463 et
381 1397 489 1481 ipsum
517 1405 607 1463 recte
635 1398 752 1464 fecisse
781 1406 813 1464 et
841 1398 1080 1482 Syracusanos,
1115 1419 1188 1481 quae
1216 1399 1307 1482 passi

150 1504 231 1584 sint,
264 1504 425 1570 meruisse
454 1525 515 1589 pro
545 1512 636 1571 certo
665 1507 807 1589 ponitur.
863 1508 999 1572 Rectius
1023 1506 1206 1572 Gronovius
1234 1527 1307 1570 sen·

149 1612 289 1678 tentiam
327 1619 551 1697 perspexerat.
613 1613 790 1680 Marcellus
824 1616 910 1679 enim
944 1616 1045 1696 quaeri
1078 1620 1193 1697 negat,
1227 1613 1306 1696 quid

148 1720 219 1803 ipse
240 1719 373 1800 feeerit3
397 1719 545 1787 confiteri
568 1722 655 1785 enim
678 1743 722 1801 se,
744 1743 854 1787 severe
877 1728 1041 1788 tractatos
1064 1721 1306 1805 Syracusanos;

147 1827 181 1892 id
203 1828 306 1912 quaeri
330 1830 393 1908 ait,
427 1829 649 1894 meruerintne
671 1831 751 1912 ipsi,
785 1836 824 1894 ut
846 1832 893 1895 sie
916 1835 1157 1908 tractarentur;
1190 1830 1306 1911 itaque

148 1933 211 2000 hoc
239 1935 396 2021 deinceps
424 1936 651 2003 demonstrare
680 1946 827 2003 conatur.
888 1936 1028 2020 Scripsit
1049 1938 1152 2020 igitur
1176 1936 1303 2000 Livius:

148 2041 226 2108 Sed
247 2064 326 2108 non
349 2050 434 2125 tan,
463 2045 560 2126 quid
590 2065 660 2127 ego
683 2045 866 2124 fecerim,
897 2047 935 2110 in
960 2044 1299 2127 disquisitionem
1318 2051 1401 2119 (slep

146 2151 277 2232 venit,
306 2171 411 2230 qun
439 2152 538 2234 quid
560 2154 630 2217 isti
653 2155 742 2236 pati
765 2154 994 2218 debuerint.
1047 2152 1203 2218 Gronovii
1227 2172 1305 2216 con·

147 2257 282 2324 iectura
316 2259 423 2325 adieci
458 2267 538 2325 tam
572 2260 785 2344 particulam,
820 2282 920 2344 quam
949 2260 1065 2326 scriba
1093 2260 1303 2342 neglegentia

146 2369 301 2435 omissam
334 2389 407 2433 esse
440 2369 594 2434 arbitror.
650 2369 733 2433 Nam
763 2390 822 2452 pro
852 2391 927 2434 non
955 2376 1036 2434 tam
1057 2388 1241 2450 -quam
1271 2367 1304 2430 in

148 2473 307 2541 facillima
328 2482 362 2541 et
382 2475 465 2541 nulli
487 2476 731 2560 perturbationi
755 2476 899 2542 obnoxia
920 2477 1036 2557 forma,
1060 2498 1162 2559 quum
1184 2475 1304 2539 millies

148 2589 237 2649 reete
264 2583 480 2664 scriberetur,
513 2585 555 2650 ab
589 2584 704 2650 eodem
740 2585 901 2667 scriptore
935 2606 1001 2649 uno
1035 2591 1070 2650 et
1098 2583 1202 2649 altero
1231 2582 1303 2647 loco

148 2698 265 2756 eontra
291 2692 450 2757 sermonis
477 2698 630 2757 naturam
653 2694 796 2776 positum
819 2713 990 2758 essenon
1013 2728 1056 2737 —
1078 2711 1209 2775 quam,
1239 2710 1303 2753 non

147 2797 244 2865 facile
265 2797 346 2863 mihi
368 2800 587 2883 persuadetur
609 2806 769 2882 quattuor
790 2800 999 2877 testimoniis,
1022 2820 1088 2864 uno
1111 2820 1152 2864 ex
1174 2798 1247 2863 libr.
1261 2796 1303 2875 11,

150 2910 197 2985 56,
220 2910 240 2971 9
264 2906 355 2987 (non
378 2905 505 2971 facile
526 2907 865 2992 loquor-qnam,
889 2908 993 2991 quod
1016 2906 1184 2971 locutus
1207 2925 1303 2982 sum,

148 3012 329 3097 praesto),
357 3015 464 3080 altero
486 3014 592 3094 XXV,
624 3020 678 3094 15,
709 3021 742 3096 9,
774 3017 876 3081 tertio
899 3016 963 3081 hoo
986 3017 1074 3098 ipso,
1103 3012 1191 3095 quod
1214 3017 1305 3075 trac·

151 3126 270 3202 miuus,
303 3128 421 3204 quarto
443 3121 551 3203 XXX,
587 3127 637 3202 20,
671 3128 705 3202 7;
740 3145 816 3188 nam
850 3124 999 3205 quintum
1033 3142 1072 3186 ex
1101 3120 1198 3184 huius
1226 3118 1305 3183 libri

150 3233 247 3309 c.18‚
271 3232 290 3293 3
313 3250 447 3313 prorsus
470 3230 594 3295 nullam
616 3231 717 3297 habet
739 3232 813 3311 vim,
838 3232 990 3314 quoniam
1015 3251 1054 3294 ex
1075 3248 1149 3293 nec
1172 3233 1302 3292 tamen

150 3335 307 3402 facillime
330 3335 369 3401 fit
390 3357 461 3403 nec
483 3344 571 3417 tam,
600 3338 688 3421 quod
709 3340 775 3403 iam
796 3339 961 3404 Gronovio
983 3338 1017 3402 in
1040 3343 1183 3401 mentem
1205 3334 1304 3412 venit,

149 3441 341 3527 falliturque
363 3445 572 3511 vehementer
594 3447 896 3527 Weissenbornius‚
926 3445 1014 3530 quod
1037 3454 1168 3510 tamen
1190 3464 1305 3508 neees-

151 3552 273 3617 sarium
312 3557 425 3636 putat3
472 3555 685 3620 continuatur
723 3555 809 3619 enim
851 3555 974 3632 oratio,
1020 3553 1113 3636 quasi
1155 3552 1305 3616 dicatur:

151 3677 290 3741 eumque
317 3660 583 3727 extraordinaria
612 3682 692 3726 eura
714 3662 932 3745 deligendum.
982 3660 1138 3744 Sequitur
1159 3661 1194 3724 in
1217 3659 1312 3724 Mar--

150 3766 222 3832 colli
240 3768 389 3833 oratione
407 3767 577 3852 (52et3):
602 3768 677 3846 Qui
697 3771 730 3835 si
752 3791 829 3835 non
847 3769 1013 3835 fuerunt
1029 3769 1180 3846 hostes,
1198 3766 1303 3830 nihil

141 3873 341 3955 interest,
374 3880 509 3941 utrum
543 3897 646 3941 nuno
675 3889 721 3942 an
751 3878 838 3942 vivo
867 3878 1046 3943 Hierone
1075 3875 1302 3959 Syracusas

138 3981 410 4063 ‘violaverim
439 3986 502 4048 sin
532 3992 664 4050 autem
694 3985 958 4050 desciverunt
980 3992 1121 4068 portas
1143 3981 1311 4065 legatos

135 4095 312 4156 :nostros
351 4089 461 4157 ferro
500 4100 624 4175 atque
665 4093 788 4158 armis
823 4095 1049 4177 petierunt,
1088 4089 1224 4155 urbem
1258 4109 1303 4152 ao

133 4199 306 4263 moenia
333 4197 574 4264 clauserunt
603 4201 868 4283 exercituque
897 4198 1302 4280 Carthaginiensium

141 4302 348 4371 adversus
381 4328 454 4372 nos
487 4308 616 4372 tutati
650 4316 761 4387 sunt,
802 4309 892 4391 quis
931 4327 1074 4391 passos
1109 4325 1198 4370 esse
1231 4303 1310 4368 ho·-
