2994 5108
709 496 749 556 41

147 678 282 742 minime
317 684 432 756 acute,
466 679 596 762 ingenio
631 678 673 743 ad
709 680 840 746 occulta
873 687 908 745 et
944 681 1086 747 obscura
1113 682 1310 748 invenienda

149 786 282 870 exiguo,
316 786 426 851 Latini
467 788 628 853 sermonis
665 808 841 872 rerumque
880 788 1170 872 grammaticarum
1210 813 1309 856 sensu

149 894 334 975 subtiliori,
375 895 464 980 quod
502 896 538 961 iu
569 895 823 961 Burmannianae
862 897 1044 982 disciplinae
1083 899 1215 966 alumno
1255 921 1309 965 ex·

149 1004 295 1088 spectari
318 1010 479 1087 poterat,
495 1004 686 1086 destitutus,
709 1005 800 1087 quod
823 1006 905 1071 satis
928 1007 1033 1090 ipsius
1057 1008 1166 1073 oratio
1189 1009 1309 1074 novicii

152 1133 284 1196 semper
323 1111 444 1178 eoloris
483 1118 518 1177 et
556 1133 670 1179 crasso
704 1120 860 1180 contexta
893 1113 949 1181 filo
984 1116 1141 1181 ostendit.
1204 1115 1311 1181 Multa

151 1220 442 1287 Drakenborchius
475 1242 497 1286 a
523 1220 688 1302 Rubenio,
721 1221 866 1288 Antonio
900 1229 935 1288 et
962 1222 1084 1289 Iacobo
1119 1223 1310 1305 Perizoniis,

155 1337 251 1413 patre
274 1328 419 1413 filioque,
449 1328 588 1411 Ro'ellio,
612 1328 757 1411 Dukero,
781 1332 874 1396 ouius
897 1330 940 1395 ad
964 1353 1076 1397 omnes
1101 1331 1183 1396 Livii
1206 1332 1311 1399 libros

152 1438 387 1505 adnotationes
416 1437 560 1503 edendas
589 1439 732 1522 accepit,
761 1439 861 1504 etiam
885 1440 954 1505 sine
977 1446 1137 1524 perpetuo
1161 1441 1312 1506 codicum

151 1568 215 1611 usu
244 1546 383 1630 plenave
413 1547 599 1629 cognitione
629 1545 796 1612 subtiliter
819 1555 853 1613 et
875 1548 1044 1631 eleganter
1066 1549 1256 1631 excogitata
1278 1551 1311 1613 in

152 1655 398 1721 commentariis
431 1655 554 1738 posuit.
616 1655 742 1720 Eodem
780 1656 848 1721 fere
881 1661 1030 1739 tempore
1063 1657 1189 1720 minore
1223 1658 1308 1723 mole
1327 1673 1381 1741 (35)

152 1769 385 1848 apparatuque
426 1762 554 1828 Livium
593 1761 763 1829 Creverins
804 1763 921 1843 edidit,
965 1764 1046 1828 recti
1087 1762 1312 1849 elegantisque

153 1871 268 1936 iudicii
291 1872 407 1950 homo,
436 1873 493 1955 qui
515 1894 582 1938 non
604 1873 654 1937 ita
674 1893 782 1957 pauca
803 1879 900 1938 acute
923 1870 1123 1951 emendavit,
1148 1872 1311 1938 subsidio-

152 2001 237 2060 rum,
261 1999 336 2062 quae
353 1979 487 2046 Lutetia
508 1981 538 2046 ei
565 1980 816 2047 subministrare
834 1987 977 2066 poterat,
1000 1981 1097 2045 nimis
1115 1981 1311 2046 incuriosus.

153 2086 224 2154 Hos
259 2094 462 2173 exceperunt
498 2109 537 2153 ex
571 2088 627 2169 iis,
661 2091 718 2172 qui
752 2091 786 2154 in
816 2111 986 2155 numerum
1014 2090 1163 2168 veniunt,
1197 2096 1311 2156 nostro

154 2197 276 2262 saeculo
299 2196 509 2282 Kreyssigius
533 2203 568 2261 et
589 2195 774 2276 Bekkerm,
804 2219 945 2280 quorum
967 2203 1108 2281 uterque
1131 2197 1312 2263 alienorum

156 2306 365 2371 inventorum
407 2303 537 2370 delectu
577 2304 757 2390 prudenter
795 2305 912 2372 habito
951 2305 1071 2386 multa,
1112 2326 1184 2389 quae
1223 2306 1313 2390 apud

156 2411 467 2478 Drakenborchium
499 2414 533 2477 in
566 2414 655 2492 notis
689 2413 944 2492 delitescebant,
986 2414 1057 2478 iure
1090 2415 1123 2478 in
1158 2421 1314 2480 contextu

156 2528 349 2606 posuerunt,
372 2523 437 2606 ipsi
459 2523 493 2586 in
515 2522 622 2606 prima
643 2526 678 2588 et
699 2523 801 2587 tertia
824 2522 947 2586 decade
970 2543 988 2586 e
1011 2522 1180 2587 codicibus
1197 2544 1313 2607 pauca,

157 2631 193 2695 in
232 2636 355 2714 quarta
392 2636 426 2697 et
464 2631 582 2714 quinta
621 2629 745 2696 decade
785 2630 928 2715 plurima
961 2651 979 2696 e
1012 2630 1182 2695 codicibus
1216 2630 1313 2696 Bam·

156 2739 311 2822 bergensi
355 2745 388 2803 et
425 2738 673 2805 Vindobonensi
713 2738 930 2805 emendarunt
975 2739 1191 2823 (quamquam
1228 2738 1315 2804 hune

157 2846 354 2930 Kopitarius
393 2868 510 2931 parum
543 2847 717 2931 diligenter
751 2847 952 2926 contulerat,
993 2852 1111 2912 neutro
1146 2846 1314 2913 Bekkerus

159 2957 242 3020 satis
276 2955 424 3020 studiose
458 2962 593 3021 cauteve
627 2978 707 3021 usus
741 2955 837 3036 est),
861 2954 965 3021 multa
1004 2957 1037 3019 in
1072 2953 1189 3018 iisdem
1221 2954 1315 3019 libris

159 3064 261 3128 etiam
284 3064 475 3128 coniectura
497 3065 581 3129 scita
603 3071 637 3128 et
659 3070 766 3144 acuta,
788 3064 929 3128 maxime
952 3062 1170 3146 Kreyssigius,
1193 3064 1316 3146 partim

160 3172 195 3235 in
222 3171 345 3237 libellis
373 3177 450 3256 post
473 3171 556 3236 Livii
585 3171 762 3237 editionem
791 3171 960 3254 evulgatis
1018 3171 1099 3235 Post
1126 3170 1187 3235 hos
1210 3191 1316 3255 nuper
1362 3188 1364 3193 ·

159 3278 388 3346 Alschefskius
427 3287 624 3364 apparatum
665 3281 816 3345 criticum
854 3278 1038 3344 utilissimis
1072 3279 1317 3345 accessionibus

57 3408 60 3412 ·
160 3390 263 3468 auxit,
287 3387 419 3454 collatis
441 3389 475 3452 iu
498 3390 606 3473 prima
628 3388 752 3453 decade
775 3387 888 3454 codice
910 3379 1058 3452 Medieeo¹
1079 3394 1113 3452 et
1129 3387 1317 3468 Parisiensi,

159 3499 195 3563 in
228 3498 331 3562 tertia
363 3495 471 3579 (cuius
505 3503 572 3562 tres
607 3484 736 3562 tautum
764 3496 868 3562 libros
897 3494 1054 3577 absolvit)
1084 3502 1204 3579 praeter
1233 3497 1317 3561 alios

160 3605 318 3684 Puteani,
351 3604 451 3672 homo
480 3606 664 3689 ceteroqui,
699 3606 856 3688 quoniam
879 3608 993 3688 aperte
1016 3601 1189 3668 dicendum
1212 3610 1263 3668 est
1285 3610 1318 3667 et

161 3716 321 3779 universae
349 3714 397 3778 rei
426 3714 729 3798 admonitionisque
758 3733 860 3778 causa
889 3719 922 3776 et
951 3718 989 3776 ut
1010 3709 1201 3794 philologiae
1223 3711 1318 3775 lamae

162 3822 372 3903 consulatur,
405 3821 594 3887 huiusmodi
629 3821 782 3888 sordibus
817 3821 860 3885 ab
890 3841 929 3884 ea
956 3821 1108 3898 remotis,
1143 3840 1251 3902 neque
1275 3818 1316 3882 ad

165 3930 293 3996 Livium
317 3909 439 4015 neque
478 3929 520 3995 ad
559 3930 663 3996 ullum
701 3931 896 4014 scriptorem
934 3927 1169 3993 recensendum
1203 3929 1318 4010 aptus,

164 4060 240 4104 nam
267 4045 307 4104 ut
335 4038 375 4103 de
404 4038 556 4104 lectionis
585 4037 847 4121 eruditionisque
870 4038 1092 4118 grammaticae
1114 4035 1211 4119 copia
1233 4034 1317 4097 anti·

164 4167 345 4230 quarumve
368 4167 479 4211 rerum
503 4148 642 4213 scientia
663 4146 744 4211 nibil
769 4146 885 4224 dicam,
914 4145 956 4209 ad
978 4152 1133 4209 naturam
1157 4142 1318 4206 sermonis

165 4261 357 4338 motumque
385 4254 649 4339 intellegendum,
678 4255 721 4320 ad
744 4253 894 4338 exempla
915 4253 1171 4334 testimoniaque
1195 4250 1317 4315 discer-

163 4362 275 4428 nenda
302 4370 337 4428 et
363 4363 594 4447 ponderanda,
627 4364 670 4430 ad
704 4363 940 4429 sententiarum
976 4360 1208 4427 cohaerentiam
1241 4381 1317 4426 con·
