2994 5108
633 470 694 530 563
1035 481 1095 534 Lib.
1115 481 1239 537 xxm

85 650 267 715 concilio
291 652 586 717 Lacedaemonii
610 674 665 732 an,
688 661 843 719 utente
866 654 1012 731 fuerat,
1037 661 1239 719 secretum

85 758 174 822 eius
197 760 314 824 unius
342 761 381 823 in
409 760 694 843 Peloponneso
729 763 916 827 civitatis
939 763 1002 826 ius
1038 770 1156 826 esset.
1201 763 1240 826 ln

85 864 170 930 duas
193 866 352 932 dividitur
374 867 640 950 disceptationes,
664 870 751 952 quod
779 878 895 953 postea
922 891 990 933 una
1007 868 1136 933 videtur
1153 890 1239 934 com·

86 972 248 1055 prehendi
267 984 300 1038 et
322 980 491 1058 tamquam
512 997 612 1039 unum
636 976 776 1041 iudicari
801 977 983 1058 (restitui
1006 976 1240 1060 iudiciaque

84 1078 198 1144 lacta
232 1080 324 1145 tolli
358 1083 546 1165 placuit),
576 1082 729 1166 quodque
764 1085 934 1148 molestius
958 1091 1020 1159 est,
1055 1105 1094 1147 ex
1128 1104 1241 1148 earum

86 1185 366 1271 disceptationum
409 1212 561 1267 numero,
585 1212 657 1271 quae
690 1213 760 1255 rem
782 1193 1021 1261 continuerint.
1057 1191 1242 1255 excluditur

86 1299 121 1358 et
153 1295 188 1359 iu
221 1297 413 1380 appendicis
446 1298 553 1361 locum
588 1299 760 1363 coniicitur
794 1297 1045 1379 (vertebatur
1073 1308 1134 1376 et),
1168 1319 1243 1382 queo

84 1401 191 1467 multo
226 1406 367 1468 maxima
401 1412 481 1482 erat,
515 1411 628 1468 utrum
663 1407 712 1469 sui
740 1406 822 1469 iuris
846 1405 1059 1470 lacedaemon
1090 1417 1177 1471 esset
1199 1427 1241 1470 an

84 1509 216 1574 thaeis
250 1512 525 1576 contribueretur.
576 1512 694 1595 ltaque
727 1515 915 1577 necessario
949 1513 1153 1577 restituenda
1182 1524 1241 1590 est,

85 1636 161 1698 quae
174 1617 251 1682 olim
261 1620 295 1682 in
308 1619 508 1683 editionibus
522 1629 603 1698 erat,
615 1621 846 1703 interpunctio,
870 1619 927 1684 sed
942 1620 1039 1683 simul
1056 1620 1242 1684 addendum

83 1724 291 1799 vocabulum,
315 1727 404 1808 quod
428 1735 496 1791 tum
521 1729 635 1793 deesse
654 1730 783 1810 nequit:
806 1727 945 1793 —sed
970 1748 1057 1810 quae
1074 1729 1240 1791 maxime

84 1851 168 1895 rem
191 1835 470 1911 continerent,
495 1835 551 1898 hae
576 1835 631 1917 (II,
654 1835 687 1898 id
711 1844 774 1911 est,
797 1835 917 1913 duae‘l)
941 1844 1075 1898 erant:
1099 1834 1240 1899 Utrum

81 1971 128 1983 -
167 1939 433 2018 occidissent,
474 1964 572 2025 quos
607 1943 861 2015 occiderant,
906 1941 1160 2018 vertebatur,
1205 1951 1243 2006 et

83 2052 220 2111 utrum
253 2056 466 2113 manerent
500 2057 561 2114 cet.
608 2050 703 2127 Quod
737 2051 885 2113 universe
914 2049 1132 2129 significatum
1161 2058 1243 2127 erat,

84 2156 267 2237 separatim
291 2155 476 2221 declaratur
498 2158 598 2222 verbo
628 2157 880 2222 vertebatur.
927 2156 991 2221 Sed
1014 2157 1054 2220 de
1077 2157 1139 2221 hoc
1167 2157 1241 2239 ipso

82 2260 186 2325 verbo
209 2282 275 2327 non
298 2265 405 2328 solum
433 2265 644 2330 vehementer
667 2265 795 2342 dubito,
827 2264 884 2329 sed
908 2285 1045 2347 prorsus
1074 2285 1156 2348 nego
1179 2264 1243 2328 La-

82 2368 153 2432 tine
190 2367 270 2433 dici:
305 2371 508 2450 Vertitur,
540 2380 669 2437 utrum
698 2373 770 2436 hoc
804 2393 852 2435 an
875 2371 982 2435 illud
1010 2371 1164 2436 lactum
1187 2374 1242 2436 sit

87 2474 208 2557 (fiat),
236 2485 273 2542 ut
302 2460 360 2543 sit:
393 2481 427 2543 in
451 2481 675 2545 controversia
698 2489 731 2543 et
753 2479 810 2543 lite
840 2489 900 2544 est.
945 2479 1056 2562 Longe
1086 2481 1171 2544 enim
1194 2480 1242 2543 di-

84 2604 216 2648 versum
239 2594 304 2657 est,
332 2588 366 2650 in
394 2587 506 2669 aliqua
535 2610 570 2652 re
594 2590 692 2666 verti,
723 2593 831 2651 utrum
854 2587 917 2652 hoc
940 2608 981 2651 an
1005 2588 1086 2651 illud
1109 2587 1169 2651 liat
1192 2586 1241 2667 (es

85 2689 212 2757 beruhe
224 2691 285 2756 auf
292 2696 416 2776 etwas).
450 2696 560 2760 Livius
580 2697 649 2759 sine
669 2695 767 2760 dubio
788 2695 934 2777 scripsit:
955 2694 1239 2775 certabatu1·.1)

87 2795 182 2882 [Cap.
218 2806 270 2879 49,
306 2806 323 2865 5
359 2803 551 2868 adverbium
591 2804 772 2886 primum,
807 2803 859 2866 cui
894 2803 928 2865 in
962 2802 1119 2884 proximis
1159 2801 1240 2865 nihil

86 2908 282 2990 respondet,
306 2910 479 2993 Ussingius
504 2910 577 2975 tolli
596 2912 711 2986 iussit,
741 2910 804 2973 huc
834 2931 850 2973 e
875 2910 1044 2991 superiore
1068 2929 1163 2972 versu
1187 2909 1241 2971 de·

87 3012 201 3080 latum.
248 3015 324 3101 Cap.
350 3022 399 3097 53,
435 3024 474 3082 10
508 3040 642 3101 prorsus
677 3038 866 3100 perversum
900 3025 951 3080 est
984 3015 1057 3080 alii
1086 3024 1163 3099 post
1185 3016 1241 3080 le·

88 3124 191 3204 grati,
217 3133 325 3189 ortum
348 3148 387 3189 ex
410 3126 533 3190 ultimis
562 3125 660 3189 huius
688 3124 838 3189 vocabuli
866 3124 995 3188 lit-teris.
1042 3123 1165 3187 Eodem
1189 3144 1242 3187 ca-

87 3231 157 3313 pite
182 3230 198 3314 §
225 3236 272 3310 12,
296 3233 351 3297 ubi
374 3234 495 3299 editur:
525 3233 694 3298 mediam
717 3234 756 3295 in
778 3231 989 3295 Thraciam
1018 3233 1242 3295 exercitum

89 3338 130 3404 in
154 3337 335 3422 Odrysas
359 3348 399 3406 et
421 3340 684 3405 Denthelitos
709 3346 748 3403 et
770 3338 917 3402 Bessos
941 3338 1074 3402 duxit.
1099 3339 1244 3403 scriben-

90 3445 169 3511 dum
193 3447 325 3511 videtur
348 3449 478 3512 media
501 3449 526 3512 T
536 3448 692 3522 bracia,
723 3445 783 3510 hoo
807 3455 871 3524 est,
896 3468 954 3529 per
976 3447 1059 3510 med.
1084 3446 1160 3510 Thr.
1185 3446 1246 3510 Po-

88 3552 196 3637 lybius
209 3553 338 3635 (XXIV,
349 3561 376 3635 6,
386 3562 436 3636 ll:
450 3564 502 3618 Διὰ
513 3565 596 3635 μέσης
608 3565 651 3630 τῇς
662 3563 768 3635 Θρᾴκης
781 3561 901 3634 ἐνέβαλεν
913 3566 938 3624 ἐς
949 3561 1087 3634 Ὀδρύσας.
1107 3553 1185 3637 Cap.
1197 3559 1246 3632 55,

90 3660 252 3725 deditur:
276 3662 326 3727 Et
349 3672 596 3746 exceperunt
615 3670 653 3727 et
670 3664 881 3746 prosecuti
901 3685 984 3726 oum
1003 3663 1122 3727 donis
1141 3663 1248 3743 lega-

88 3776 154 3834 tos
185 3780 281 3834 sunt.
327 3770 461 3853 Ellog.
487 3770 665 3835 adnotatur
687 3772 992 3853 itaprosecuti.
1025 3791 1161 3852 exque,
1186 3769 1246 3832 etsi

87 3956 322 3968 annau—...-

114 4055 139 4125 ¹)
162 4055 229 4124 Cap.
257 4061 298 4122 48,
326 4061 419 4125 6-49,
451 4062 463 4110 l
496 4061 536 4111 sic
563 4057 818 4126 interpungendam
847 4074 906 4109 esse
934 4057 1089 4109 orationem
1118 4061 1245 4123 apparet:

163 4141 265 4194 Cuius
285 4143 425 4197 belli-
443 4145 663 4197 cohaererent
682 4145 798 4207 rebus3
818 4147 962 4195 eventus
980 4141 1170 4209 -capituu
1199 4139 1247 4192 Ad

161 4228 471 4297 praeoccupandam
489 4235 542 4282 oet.
570 4228 642 4280 Tum
660 4233 726 4295 post
746 4228 919 4296 petebant
936 4225 1171 4280 lacuuanotanda
1188 4230 1251 4292 est,

161 4309 342 4380 profectus
361 4329 377 4366 a
396 4311 511 4367 Gelenio
530 4313 656 4367 additum
675 4330 743 4380 esse,
762 4330 819 4366 non
837 4318 913 4366 recte
931 4312 972 4365 W.
992 4311 1100 4365 scribit.
1119 4309 1219 4377 (1865.)

967 4413 1017 4467 36*
