2994 5108
681 499 743 558 493
1082 510 1142 563 Lib.
1162 510 1286 564 xxanl.

135 680 393 761 possessionem,
428 681 533 762 ipsam
562 702 694 764 quoque
718 684 890 759 iniustam,
925 681 1157 763 subrepentem
1180 683 1288 746 aliena

137 787 354 867 possessionis
379 808 478 851 causa
501 797 534 853 et
558 798 720 872 praetextu
744 789 881 867 usum.¹)

219 892 297 978 Cap.
322 899 378 973 48,
414 902 431 958 5
462 895 515 976 (de
544 895 730 960 Hannibale
754 895 898 961 Cercinae
928 896 1043 978 epulas
1073 908 1210 979 parante
1239 899 1281 961 ad
1301 907 1372 976 (394)

134 1001 241 1085 lugam
271 1002 501 1067 occultandam
531 1012 564 1068 et
594 1004 636 1068 ad
665 1003 895 1080 retardandos,
931 1005 958 1067 si
988 1006 1042 1084 qui
1072 1007 1225 1088 persequi
1254 1028 1287 1070 se

135 1109 282 1189 vellentl:
317 1111 537 1192 magistros
567 1114 725 1176 naevium
754 1118 1089 1192 mercatoresque
1118 1114 1288 1177 invitari

134 1217 258 1281 iussit
287 1223 326 1281 et
355 1217 445 1281 vele
469 1239 553 1281 cum
577 1221 772 1283 antennis
796 1240 841 1282 ex
863 1219 1035 1282 navibus
1060 1222 1288 1301 corrugari,

135 1333 176 1388 ut
204 1325 345 1389 umbra
373 1323 536 1403 (etenim
565 1327 696 1390 media
725 1334 845 1390 aestas
875 1326 983 1390 forte
1013 1327 1116 1403 erat)
1141 1348 1287 1391 cenan-

135 1431 243 1496 tibus
271 1433 307 1496 in
337 1432 463 1496 litore
492 1433 627 1497 fieret.
677 1434 713 1496 ln
743 1433 804 1497 hac
828 1433 981 1498 editionis
1004 1433 1090 1514 blug.
1114 1436 1287 1517 scriptura,

134 1560 231 1622 quom
254 1539 537 1604 Weissenbornius
568 1542 600 1604 in
630 1539 679 1602 ed.
703 1539 827 1604 Teubn.
853 1543 958 1605 tenuit
981 1541 1070 1620 (uam
1093 1542 1126 1604 in
1150 1542 1286 1605 ll'eidm.

135 1645 160 1708 B
184 1654 313 1710 secutus
337 1646 410 1726 cst),
440 1647 521 1711 nihil
546 1654 606 1725 est,
636 1647 724 1730 quod
748 1648 945 1730 reprehendi
970 1650 1083 1730 possit,
1112 1649 1175 1712 nisi
1200 1649 1287 1730 quod

137 1754 250 1818 umbra
274 1753 365 1818 lieri
389 1755 496 1831 alicui,
527 1777 598 1838 quae
623 1760 757 1837 paretur
781 1762 814 1818 et
837 1755 1033 1837 praebeatur,
1058 1776 1173 1837 partun
1197 1766 1286 1821 recte

134 1868 166 1925 et
193 1863 315 1925 usitate
346 1861 409 1926 dici
439 1863 517 1925 mihi
546 1862 683 1926 videtur.
741 1862 805 1926 Sed
835 1862 1041 1944 Kreyssigius
1065 1884 1082 1925 e
1107 1863 1132 1926 B
1156 1865 1283 1946 posuit:

135 1975 176 2032 ut
197 1969 342 2032 umbrae
367 1971 460 2047 (tum
484 1971 614 2033 media
637 1979 756 2034 aestas
780 1968 886 2032 forte
910 1969 1014 2049 erat)
1039 1971 1286 2035 cenantibus

136 2076 172 2139 in
204 2075 328 2141 litore
361 2075 529 2153 fierent,
564 2079 595 2140 io
633 2099 699 2159 qua
734 2078 897 2159 scriptura
929 2076 979 2155 (ut
1014 2079 1180 2153 omitt-am,
1216 2100 1286 2142 um-

137 2181 209 2247 bras
243 2182 363 2266 plurali
396 2204 530 2247 numero
565 2185 617 2246 vix
645 2186 678 2248 in
708 2205 808 2266 prosa
831 2185 979 2247 oratione
1004 2184 1079 2261 dici,
1108 2186 1171 2248 nisi
1201 2185 1286 2249 sorte

48 2348 56 2353 .
134 2289 188 2354 ubi
206 2290 349 2373 plurium
366 2311 475 2354 rerum
495 2291 617 2355 umbrae
638 2293 764 2373 seiungi
784 2291 961 2373 cogitando
983 2292 1116 2372 possint,
1138 2291 1286 2367 mxxv,

136 2400 184 2475 26,
216 2402 253 2460 15
283 2397 339 2461 ubi
363 2398 403 2461 de
426 2397 575 2480 pluribus
599 2401 696 2462 tectis
719 2398 880 2462 umbrosis
904 2398 1081 2481 cogitatur)
1109 2400 1286 2464 incommo-

136 2503 209 2568 dum
240 2510 273 2568 et
303 2504 477 2568 manifesto
505 2506 657 2569 vitiosum
687 2513 737 2569 est
760 2513 839 2569 tum
859 2508 904 2570 sic
924 2508 1082 2587 positum,
1118 2514 1285 2590 tamquam

135 2611 313 2676 cavendum
331 2612 437 2688 luerit,
457 2634 496 2675 ne
515 2613 588 2694 quis
608 2613 673 2677 alio
693 2621 840 2695 tempore
858 2613 999 2677 mediam
1017 2622 1166 2679 estatem
1185 2614 1285 2678 luisse

137 2725 276 2799 putaret.
312 2718 459 2798 (Damals
482 2742 548 2783 war
571 2741 605 2783 es
629 2719 680 2783 die
699 2720 792 2784 blitte
812 2720 869 2784 des
888 2721 1061 2784 Summers
1097 2722 1285 2786 [auersissi-

136 2845 205 2890 mus
234 2834 285 2892 est
312 2826 402 2890 locus
425 2826 500 2889 libri
525 2827 661 2905 XXl'll,
692 2831 747 2903 33,
780 2832 815 2890 7:
849 2835 929 2891 tum
959 2828 1094 2891 sedilis
1125 2829 1370 2907 cu1·ulis(395)

137 2941 238 3009 erat,
268 2933 356 3016 quod
384 2936 584 2998 contrarium
608 2943 659 2998 est
682 2936 711 2998 ei
735 2935 865 3013 honori,
895 2937 950 3016 qui
974 2941 1043 2998 tum
1066 2937 1171 3016 ipsum
1195 2956 1284 2999 mau-

135 3038 231 3105 datus
265 3040 443 3120 narratum)
500 3042 613 3122 ltaque
648 3051 706 3105 aut
741 3041 911 3106 dicendum
947 3049 997 3104 est
1033 3042 1171 3106 iinrbra
1204 3049 1285 3106 tum
1316 3113 1320 3122 ,

138 3212 337 3222 -·-—.——-·-
350 3215 360 3222 -

163 3309 188 3375 ¹)
207 3309 271 3378 Cap.
295 3313 342 3377 41,
373 3314 388 3363 5
417 3313 507 3365 oratio
534 3313 573 3366 sic
596 3312 823 3380 interpungenda
846 3316 899 3363 est:
933 3312 1075 3379 navigat
1100 3312 1283 3379 Ephesum,

202 3394 330 3462 legatis
349 3395 390 3448 ad
409 3396 604 3462 Quinotium
623 3397 746 3461 missis,
767 3397 822 3464 qui
842 3423 876 3431 -
890 3403 1045 3463 agerent.
1082 3394 1179 3450 Oram
1197 3397 1285 3450 Asiae

200 3479 317 3548 legens
349 3482 509 3548 pervenit
530 3482 567 3534 in
591 3481 737 3548 Lyciam.
782 3482 814 3534 ln
838 3497 898 3548 cap.
922 3483 968 3546 43,
992 3484 1008 3534 9
1031 3481 1087 3544 (Et
1111 3481 1140 3533 P.
1160 3481 1284 3535 Porcio

200 3564 304 3618 Iiaeoae
329 3565 370 3618 ad
387 3564 560 3618 Etruriam
585 3566 680 3619 circa
698 3565 795 3618 Pisas
819 3566 931 3619 decem
950 3566 1064 3619 millis
1081 3566 1232 3634 peditum
1253 3573 1286 3619 et

200 3648 225 3700 D
249 3649 384 3717 equites
414 3666 452 3702 ex
477 3648 613 3704 Gallico
643 3652 799 3703 exercitu
827 3650 974 3714 decreti)
1005 3651 1137 3705 mendum
1161 3652 1282 3719 subesse,

201 3734 380 3803 perspicuum
400 3740 442 3788 est
460 3751 494 3787 ex
512 3751 598 3802 pravo
614 3752 666 3787 usu
681 3735 889 3804 praepositionis
907 3736 948 3788 ad
967 3735 1161 3801 (decernere
1179 3737 1284 3789 alicui

200 3819 331 3874 milites
363 3819 403 3872 ad
436 3819 627 3885 Etruriam).
680 3819 873 3888 Scripseratno
901 3820 997 3873 Livius
1031 3826 1152 3874 tantum:
1186 3821 1228 3874 Et
1254 3821 1282 3873 P.

200 3902 322 3959 Porcio
341 3905 446 3958 Laecae
471 3906 564 3959 cirea
581 3905 701 3958 Pisas?
730 3904 807 3973 [Cap.
826 3907 868 3971 45,
895 3909 905 3956 1
927 3906 1093 3973 particulam
1112 3911 1181 3958 tum
1199 3921 1283 3973 prave

200 3989 397 4059 interpositam
416 3988 564 4058 Ussingius
589 3990 705 4043 notavit.
745 3987 829 4057 1863]
875 3989 963 4056 Quam
988 3991 1017 4043 in
1040 4006 1098 4057 cap.
1118 3992 1165 4054 47,
1190 3992 1205 4043 3
1228 3990 1283 4043 iam

200 4090 223 4126 a.
251 4075 316 4127 1829
343 4090 547 4142 proposueram
577 4074 802 4128 emendationem
827 4076 985 4129 evidentem
1009 4074 1190 4139 (l'urtorum
1213 4091 1281 4127 ma·

200 4159 319 4212 nubiis
344 4159 491 4211 extortis
515 4175 579 4227 pro:
607 4159 702 4213 furto
730 4177 844 4213 eorum
873 4159 1032 4212 munibus
1061 4160 1227 4224 extorto),
1254 4160 1283 4212 in

198 4258 261 4296 eam
278 4249 377 4311 postea
395 4244 481 4297 etiam
499 4243 539 4295 W.
560 4244 666 4298 incidit.
