2994 5108
625 484 686 546 ecs
762 551 768 564 ,
1042 498 1106 556 ms.
1123 496 1231 554 xum.

83 688 152 761 eos
176 665 378 735 Carteiam
400 666 448 738 ad
476 666 676 750 Oceanum
709 667 854 734 deduci
883 668 1057 753 placere.
1101 670 1175 736 Duo
1198 671 1232 736 in

82 775 148 844 hoc
170 776 302 844 decreto
324 776 467 862 permira
489 782 578 855 sunt,
603 778 744 860 primum
766 773 856 861 quod
878 776 926 842 illi
949 777 1097 844 homines
1118 799 1233 844 manu·

84 884 172 948 mitti
203 883 373 966 iubentur,
403 885 498 967 quasi
528 884 687 951 hactenus
721 864 806 950 servi
839 883 971 966 fuerint,
1004 886 1093 969 quod
1125 907 1232 972 neque

85 991 195 1057 Livius
218 991 298 1058 dicit
320 1013 426 1076 neque
449 992 516 1059 ullo
540 992 637 1058 modo
660 993 811 1059 convenit
834 1012 908 1078 cum
929 994 986 1072 iis,
1010 1015 1082 1079 quaa
1105 993 1145 1060 de
1168 996 1233 1061 ori·
1271 1040 1275 1047 -

82 1101 157 1184 gine
181 1121 295 1166 eorum
315 1100 434 1183 tradit3
457 1102 514 1186 qui
536 1102 621 1167 enim
644 1123 685 1166 ex
707 1102 775 1167 cive
793 1101 941 1167 Romano
964 1107 998 1167 et
1019 1101 1155 1168 muliere
1177 1125 1233 1188 pe·

82 1209 229 1293 regrina,
253 1230 395 1294 quacum
429 1209 627 1275 connubium
650 1231 714 1274 non
738 1216 824 1290 erat,
852 1215 951 1275 natus
974 1217 1063 1290 erat,
1091 1211 1119 1277 is
1140 1210 1233 1292 liber,

83 1316 141 1383 sed
163 1319 356 1402 peregrinus
379 1324 451 1384 erat
473 1339 563 1384 more
586 1324 620 1383 et
642 1318 714 1383 iure
737 1317 893 1383 Romano.
937 1318 980 1383 Et
1002 1320 1059 1402 qui
1081 1325 1235 1404 poterant

83 1428 169 1492 servi
196 1426 323 1510 legatos
357 1425 399 1491 ad
428 1430 579 1492 senatum
601 1425 784 1491 Romanum
814 1426 965 1491 mittere?
1009 1426 1137 1494 Deinde
1158 1448 1235 1511 par·

83 1539 150 1598 tem
173 1533 318 1617 aliquam
346 1533 463 1600 horum
492 1533 662 1601 hominum
691 1555 711 1598 a
740 1541 881 1617 praetore
914 1535 1134 1601 manumissos
1166 1557 1235 1602 esse

84 1641 288 1725 significatur
321 1649 354 1709 et
377 1642 542 1709 Carteiam
574 1641 732 1707 deductos
766 1642 915 1723 (eorum
949 1643 983 1708 si
1012 1663 1113 1726 quos
1141 1643 1234 1726 cet.);

82 1771 142 1816 cur
174 1772 240 1817 non
262 1773 375 1817 omnes
398 1751 588 1816 manumissi
612 1751 692 1829 siut,
727 1749 807 1834 quid
830 1749 1027 1816 discriminis
1054 1750 1236 1818 factumst

83 1859 163 1943 qnid
186 1859 225 1924 de
249 1861 366 1925 ceteris
388 1860 558 1925 decretum
581 1860 633 1937 sit,
656 1879 722 1924 non
744 1857 955 1941 significatur.
1001 1856 1097 1936 Quod
1119 1880 1177 1943 per
1200 1881 1235 1926 se

83 1973 234 2033 constare
267 1975 414 2051 poterat,
443 1966 568 2050 aliquid
591 1987 662 2032 esse
686 1968 719 2030 in
742 1967 783 2032 iis
811 1965 934 2046 verbis,
968 1966 1089 2051 quibus
1111 1966 1235 2034 decreti

83 2076 248 2140 sententia
270 2076 444 2154 indicatur,
468 2073 586 2154 mendi,
609 2072 818 2139 manifestum
845 2073 922 2139 fite
945 2074 1074 2155 codice,
1104 2076 1138 2140 in
1169 2096 1235 2159 quo

82 2185 378 2250 manumissent
417 2183 585 2262 scribitur,
636 2203 701 2264 qua
751 2182 847 2248 unius
890 2181 1010 2249 litterae
1053 2182 1236 2250 adiectione

82 2292 194 2372 omnia
216 2297 310 2356 recta
332 2299 366 2358 et
388 2312 469 2358 sana
488 2290 581 2357 fiunt.
614 2289 819 2355 Iubebantur
836 2290 884 2355 illi
902 2290 1051 2357 homines
1073 2293 1235 2358 nomina

82 2397 551 2485 sua(ipsorum)profitsri
575 2405 612 2464 et
636 2419 781 2478 eorum,
805 2399 838 2464 si
862 2420 961 2483 quos
984 2401 1235 2466 manumisis-

85 2515 185 2574 sent.
220 2509 305 2574 Nam
328 2529 437 2574 servos
455 2507 589 2589 quidam
611 2528 724 2574 eorum
753 2512 784 2572 et
814 2506 999 2573 habuerant
1022 2515 1055 2574 et
1076 2509 1236 2574 manumi-

83 2623 213 2697 serant3
246 2619 359 2698 itaque
392 2615 444 2682 his
478 2636 608 2700 quoque
640 2614 818 2694 libertinis,
852 2616 986 2681 incerte
1019 2638 1086 2683 non
1119 2617 1235 2697 minus,

84 2746 184 2809 quam
207 2726 336 2808 patroni
359 2730 463 2803 erant,
487 2723 699 2802 condicionis,
722 2722 960 2789 consulendum
982 2729 1064 2789 erat.
1108 2724 1236 2791 Deinde

84 2834 301 2899 communiter
330 2832 369 2897 de
404 2831 553 2898 omnibus
581 2832 639 2911 iis,
674 2852 813 2915 quorum
840 2832 975 2897 nomina
1004 2830 1094 2897 edita
1115 2840 1234 2912 essent,

83 2941 234 3007 additur:
262 2963 329 3007 eos
352 2939 560 3006 Carteiam
578 2946 639 3004 cet.
673 2939 789 3022 Itaque
802 2938 1011 3020 coloniailla,
1025 2946 1235 3022 quantumex

81 3049 165 3115 Livii
182 3051 371 3116 narratione
389 3048 536 3131 intellegi
547 3053 668 3132 potest,
690 3068 755 3113 non
774 3045 863 3130 quod
874 3052 946 3113 tota
957 3067 997 3112 ex
1008 3047 1171 3113 libertinis
1183 3068 1235 3113 es·

83 3165 144 3238 set,
156 3157 383 3224 libertinorum
401 3155 568 3241 appellata
581 3161 640 3235 est,
653 3156 712 3220 sed
723 3154 810 3237 quod
822 3155 916 3219 multi
929 3154 971 3220 ab
983 3155 1077 3220 initio
1088 3154 1235 3221 libertini

83 3265 244 3351 adscripti
267 3272 351 3331 sunt.
392 3264 555 3329 Praeterea
577 3263 666 3348 quod
691 3264 841 3346 sequitur
863 3244 1116 3347 potestatem
1138 3261 1233 3344 fore,
1257 3342 1261 3348 ⁴

82 3394 264 3457 numquam
288 3374 335 3439 sic
357 3373 390 3437 in
414 3371 556 3438 decretis
579 3370 793 3455 promittendi
814 3371 909 3438 modo
928 3369 1076 3436 futurum
1093 3371 1234 3455 ponitur,

82 3481 141 3547 sed
174 3502 316 3565 praesens
350 3480 501 3560 iubendi;
536 3482 647 3563 itaque
676 3480 745 3544 sine
775 3478 875 3545 dubio
904 3477 1003 3562 fieri
1026 3478 1235 3545 scribendum

82 3596 144 3656 est.
178 3589 450 3672 (Forchhammer
467 3587 662 3672 significavit
686 3587 811 3672 aliquid
832 3587 966 3653 obscuri
984 3588 1018 3651 in
1042 3586 1153 3653 codice
1176 3587 1234 3652 ha·

81 3697 195 3764 buisse
211 3697 346 3763 verbum
362 3695 457 3762 fore.
489 3694 681 3779 [Vahlenius
700 3695 853 3761 adfirmat
870 3681 1039 3761 saltem'fi
1062 3702 1096 3761 et
1118 3696 1152 3760 ri
1175 3714 1233 3779 ep·

82 3803 241 3892 parere.])
286 3803 317 3889 [§
352 3809 370 3869 6
405 3804 623 3889 supplendum
660 3825 725 3868 non
758 3825 859 3889 quae,
899 3805 1052 3887 quoniam
1087 3803 1234 3887 sequitur

82 3923 216 3994 erant,
240 3913 297 3979 sed
320 3913 366 3978 de
390 3913 455 3992 iis,
479 3934 571 3995 quse.
609 3909 714 3994 1864]
1037 3906 1044 3921 '

169 4020 245 4107 Cap.
272 4027 299 4102 5,
323 4025 341 4086 8
365 4021 454 4106 quod
476 4022 510 4086 iu
539 4020 651 4086 codice
679 4020 834 4086 mendose
868 4018 1038 4086 scribitur:
1070 4038 1233 4083 munera

82 4131 192 4197 mitti
231 4129 382 4212 legatis
416 4151 462 4194 ex
500 4129 608 4195 binis
641 4128 828 4194 millibus
863 4127 953 4192 aeris
988 4133 1233 4192 censuerunt
1314 4148 1316 4156 ’

82 4237 516 4321 duofratresregulis
540 4237 621 4302 haec
643 4237 848 4320 praecipua
871 4241 1039 4318 torques
1063 4233 1139 4299 duo
1162 4242 1233 4312 cet,

85 4345 244 4432 Grynaeus
274 4346 434 4411 duobus
462 4345 664 4410 fratribus
695 4344 848 4428 regulis
883 4343 1026 4439 scripsit,
1049 4342 1174 4427 ipsum,
1197 4348 1235 4407 ut

864 4511 867 4516 .
890 4493 897 4511 e
945 4519 947 4522 ,
1021 4507 1032 4527 .,

826 4535 830 4545 ι
958 4526 984 4554 ”’
1033 4528 1042 4549 X

814 4544 867 4605 {ab
903 4564 961 4602 .⁴²·.
