2994 5108
198 489 261 544 Lib.
280 489 379 544 XXVI.
515 506 517 511 ·
744 481 806 541 384

196 661 328 741 stilio,
358 683 474 744 quum
503 662 699 742 fecerint,
727 662 987 744 indignatur?
1023 659 1076 726 Sic
1104 662 1191 726 enim
1219 660 1352 727 codices

140 782 143 788 ·
196 766 246 848 (P,
270 776 340 834 tum
363 770 406 848 M,
431 769 533 849 Voss,
557 771 637 852 alii),
661 770 785 849 addita,
810 791 881 854 quae
904 769 999 852 iulgo
1023 768 1249 847 omittebatur,
1271 788 1353 834 voce

196 883 352 959 portas.
404 877 449 941 Ut
472 877 627 943 Gronovii
656 878 853 944 etRubenii
882 883 1019 942 conatus
1048 876 1215 955 omittam,
1246 876 1353 941 Weis-

197 985 399 1063 senbornius‚
422 984 657 1050 Boettcherum
680 992 821 1064 secutus,
844 985 953 1050 locum
971 991 1141 1067 tamquam
1157 983 1354 1048 lacunosum

196 1092 244 1155 sic
279 1093 458 1175 supplevit:
497 1094 560 1157 sin
588 1100 723 1159 autem
751 1093 1015 1158 desciverunt
1043 1112 1064 1156 a
1097 1091 1248 1175 populo
1277 1092 1354 1156 Ro-

196 1220 324 1278 mano,
364 1199 553 1266 hostibus
586 1207 840 1284 aperuerunt
878 1207 1037 1284 portas,
1081 1199 1244 1282 legatos
1283 1219 1353 1265 no·

197 1312 308 1373 stros
331 1314 401 1387 cet,
423 1309 458 1372 in
482 1330 546 1392 quo
570 1310 797 1393 supplemento
818 1309 907 1374 inter
930 1308 1146 1373 deiectionem
1168 1313 1204 1371 et
1224 1307 1353 1390 legatos

195 1416 362 1481 Romanos
408 1418 508 1481 armis
553 1419 676 1501 petitos
720 1416 924 1482 incommode
967 1415 1169 1480 interiicitur
1206 1413 1354 1481 hostium

195 1524 319 1588 mentio
349 1531 382 1587 et
410 1545 528 1607 parum
555 1534 632 1608 apte
661 1531 785 1609 apertae
812 1524 963 1589 hostibus
992 1528 1097 1607 portae
1119 1528 1197 1587 ante
1221 1523 1354 1588 moenia

196 1631 312 1696 clausa
339 1638 651 1712 commemorantur,
687 1639 850 1716 praecepto
878 1633 958 1710 iam,
992 1630 1080 1713 quod
1103 1636 1221 1714 postea
1241 1629 1352 1695 verbis

196 1740 384 1804 exercitu
418 1737 821 1823 Carthaginiensium
855 1738 1067 1822 significatur.
1129 1737 1350 1803 Scribendum

195 1847 339 1912 videtur:
375 1848 437 1911 sin
466 1854 598 1912 autem
628 1848 896 1913 desciverunt
923 1867 944 1910 a
967 1869 997 1929 p.
1020 1846 1100 1922 Ro,
1130 1846 1165 1910 si
1188 1845 1352 1929 legatos

194 1960 361 2020 nostros
389 1954 498 2019 ferro
528 1962 650 2038 atque
681 1956 800 2019 armis
823 1955 1036 2038 petierunt
1067 1958 1144 2031 cet,
1174 1959 1214 2017 nt
1235 1973 1277 2016 ex
1298 1952 1352 2018 lit-

195 2065 276 2127 teris
300 2064 441 2146 aprosi
466 2068 576 2128 ortum
597 2063 680 2127 illud
703 2068 848 2146 portas
870 2059 1053 2145 putetur.¹)

106 2182 180 2248 (314)
285 2169 363 2253 Cap.
389 2174 439 2249 33,
465 2175 482 2234 3
507 2170 561 2252 (de
583 2170 790 2255 Campanis):
825 2171 934 2235 cives
957 2169 1173 2247 Romanos,
1202 2155 1352 2233 adfini·

196 2278 356 2343 tatibus
383 2278 604 2362 plerosque
634 2285 673 2343 ct
695 2278 936 2362 propinquis
958 2277 1121 2341 iamiam
1145 2276 1354 2358 cognatio·

197 2386 315 2450 nibus
339 2408 382 2451 ex
406 2385 609 2451 connubio
631 2391 795 2450 vetusto
819 2385 992 2450 iunctos.
1032 2383 1106 2448 Non
1128 2382 1254 2449 honum
1277 2385 1355 2449 iam

195 2492 297 2576 (quod
320 2493 364 2556 ad
387 2499 534 2557 nostram
558 2500 690 2559 aetatem
712 2493 837 2557 editum
861 2491 939 2572 est),
961 2512 1064 2574 prava
1086 2498 1138 2556 est
1160 2492 1247 2556 enim
1270 2498 1354 2557 tem·

194 2601 285 2683 poris
314 2600 361 2681 (et
387 2602 436 2664 rei
458 2606 592 2666 mutatae
615 2608 673 2666 aut
694 2601 830 2666 maioris
852 2597 987 2681 futurae)
1009 2597 1224 2682 significati03
1252 2599 1354 2683 plane

194 2728 384 2790 perversum
424 2709 594 2786 iamiam,
630 2709 724 2790 ‘quod
761 2707 986 2773 festinationis
1026 2714 1060 2772 et
1093 2705 1277 2772 celeritatis
1310 2706 1355 2771 ad

194 2812 340 2878 futurum
369 2817 550 2898 spectantis
579 2815 852 2897 significationem
882 2814 992 2879 habet.
1044 2814 1078 2896 (J
1086 2820 1170 2878 etzt
1193 2815 1355 2880 hereits

193 2944 300 3006 neque
324 2930 413 2987 recte
436 2924 575 2987 vertitur
596 2924 755 2987 iamiam
777 2944 901 3005 neque,
931 2944 996 3003 quo
1020 2923 1188 3004 pertineat
1210 2924 1260 2987 rei
1285 2944 1355 2987 am-

193 3029 309 3112 plioris
343 3030 462 3095 futurae
497 3030 709 3113 significati0,
743 3030 969 3112 intellegitur.)
1030 3028 1139 3094 Unum
1174 3030 1240 3094 dici
1276 3038 1355 3114 apte

192 3145 338 3220 poterat:
375 3138 672 3202 adfinitatibus
701 3138 923 3220 plerosque
955 3144 994 3202 et
1021 3136 1124 3220 (quod
1154 3138 1265 3202 maius
1289 3138 1355 3219 est)

193 3247 438 3326 propinquis
468 3247 582 3307 etiarn
606 3246 921 3327 cognationibus
942 3280 986 3290 —
1007 3246 1188 3310 iunctos.
1235 3244 1356 3327 (Gron.

193 3352 269 3414 iarn
303 3373 320 3415 e
328 3352 487 3433 tiam.)²)
544 3353 646 3417 Paulo
681 3359 757 3436 post
788 3352 817 3435 (ᾖ
848 3353 880 3434 7)
848 3352 1037 3416 7Βι1ιθιι
1072 3352 1113 3417 de
1147 3352 1251 3418 verbo
1287 3374 1356 3419 ar·

192 3457 325 3522 bitror
360 3460 500 3524 dubitat
477 3462 560 3524 troni
593 3481 710 3543 parum
739 3462 922 3525 occurritur
951 3481 971 3524 a
998 3460 1268 3526 Weissenbornio
1299 3462 1358 3528 de-

193 3567 385 3630 monstratis
410 3567 537 3631 duobus
555 3568 637 3632 Livii
660 3567 742 3632 locis
762 3566 831 3648 (111,
859 3571 906 3647 13,
931 3573 958 3647 3,
982 3567 1039 3632 ubi
1056 3568 1209 3633 Volscius
1233 3589 1359 3636 caesum

192 3693 303 3754 pugno
326 3695 346 3738 a
370 3672 502 3737 Caesone
525 3674 660 3739 fratrem
683 3676 767 3740 scire
791 3681 937 3757 poterat,
967 3683 1134 3740 mortuum
1157 3696 1198 3740 ex
1221 3696 1264 3742 eo
1287 3678 1360 3743 ictu

221 3875 244 3940 ¹)
263 3875 279 3944 ἓ
298 3880 315 3931 4
333 3894 411 3942 rem,
432 3877 507 3944 quod
529 3883 607 3932 recte
620 3877 869 3931 Weissenbornius
890 3878 1045 3945 requisivit,
1065 3878 1172 3934 excidit
1191 3883 1263 3949 post
1283 3897 1361 3936 ere·

261 3963 381 4017 derem
401 3963 586 4028 (crederem
611 3960 701 4027 rem)
744 3962 838 4015 Senec.
859 3961 893 4015 de
910 3963 1006 4018 Benei.
1025 3962 1076 4030 VI,
1101 3966 1118 4018 8
1137 3968 1208 4017 extr.
1229 3965 1361 4022 scribon·

219 4046 338 4099 dum:
371 4047 407 4100 in
434 4065 533 4100 unum
558 4052 688 4100 testem
712 4051 842 4101 temere
866 4064 935 4100 rem
959 4047 1129 4159 demittit3
1161 4047 1226 4102 cod
1253 4047 1360 4105 Nazar.

261 4130 430 4184 demerem
449 4131 613 4185 demittit.

218 4211 243 4279 ²)
262 4213 327 4267 In'
320 4216 455 4267 iamiam
480 4222 589 4270 erratur
611 4217 696 4270 etiam
714 4215 800 4283 XLII,
827 4220 866 4285 11,
892 4219 916 4270 b.
959 4216 1026 4286 [Cic.
1046 4218 1169 4288 Philipp.
1188 4217 1228 4286 11,
1247 4222 1283 4275 87
1305 4238 1361 4290 pro

260 4299 399 4352 iamiam
435 4301 570 4355 minime
598 4301 706 4354 miror
734 4306 768 4353 te
798 4303 903 4355 otium
930 4306 1142 4370 perturbare
1171 4304 1362 4361 scribendum

261 4384 325 4436 iam
343 4385 500 4451 minime,
520 4386 546 4439 h.
567 4404 598 4452 e,
618 4386 742 4441 desino
734 4403 789 4439 iarn
808 4385 925 4455 mirari]
