2994 5108
678 482 737 543 713
852 491 854 494 ’
1118 496 1177 550 uie.
1197 495 1280 551 xiv.

134 674 193 733 aut
226 667 273 740 ed
306 665 492 732 tribunal
524 668 714 750 praetoris
747 667 828 732 urb.
852 668 978 732 Livium
1012 669 1199 752 scripsisse,
1234 671 1283 734 in-

134 775 304 858 tellegitur
327 797 344 839 e
367 794 393 838 c.
417 779 468 853 44,
492 780 526 838 4:
561 776 594 839 is
629 775 788 856 (Prusias)
821 811 864 820 -
891 776 940 840 ad
959 776 1096 841 'iorum
1123 799 1144 841 a
1166 784 1286 860 porta

134 883 402 965 tribunalque
437 881 473 959 Q.
508 881 639 948 Cassii
677 885 865 967 praeteris
898 886 1098 967 perrexit;
1137 907 1213 950 nam
1247 886 1283 964 Q.

135 991 271 1057 Cassius
303 990 463 1055 urbanam
486 992 565 1055 iuris
588 991 765 1056 dictionem
787 991 941 1057 habebat.
985 993 1056 1057 Lib.
1080 991 1210 1072 XXVII,
1234 998 1284 1073 50,

136 1105 155 1166 9
188 1100 308 1164 litterae
341 1099 495 1164 dicuntur
527 1121 597 1183 per
629 1099 759 1164 forum
792 1101 840 1164 ad
874 1101 1286 1191 tribunei'praeteris

136 1207 226 1272 latae
256 1206 342 1287 (Put.
365 1207 552 1272 tribunal
582 1207 783 1291 perlatae);
815 1209 977 1273 urbanum
1005 1210 1153 1292 intellegi
1174 1210 1285 1276 Livius

136 1315 254 1394 voluit,
276 1316 340 1380 nisi
369 1315 491 1380 excidit
513 1316 594 1380 urb.
639 1315 741 1381 Paulo
765 1323 841 1400 post
863 1314 893 1399 (ἓ
917 1315 949 1398 5)
973 1316 1075 1400 legati
1098 1319 1287 1401 exposuisse

138 1423 307 1502 dicuntur,
330 1444 445 1506 quam
467 1418 553 1488 cum
575 1425 719 1507 paucis
747 1445 816 1514 rex
842 1424 1031 1508 fugisset.
1076 1424 1151 1492 Non
1174 1425 1287 1491 admo·

138 1532 215 1596 dum
246 1531 356 1615 placet
384 1532 454 1596 haec
482 1532 657 1615 paucitatis
691 1533 812 1598 mentio
846 1532 994 1598 subiecta
1027 1534 1173 1617 proxime
1206 1532 1287 1599 illis:

139 1625 254 1723 quam
286 1661 505 1723 paucorum
541 1639 716 1705 militum
756 1641 921 1706 iactura
954 1647 1071 1706 tauta
1103 1641 1287 1707 hostium

138 1752 298 1830 strages
337 1748 460 1813 facts.
517 1746 641 1813 Codex:
681 1770 795 1832 quem
834 1750 953 1832 pauci
992 1770 1059 1813 rex
1098 1749 1287 1833 fugisset.

139 1853 273 1938 Opiter,
307 1856 433 1921 Livium
467 1857 651 1940 scripsisse:
687 1878 803 1940 quam
830 1857 968 1938 pauide
1002 1879 1069 1922 rex
1102 1856 1287 1940 fugisset.

139 1964 221 2028 Tum
237 1962 261 2047 ’ᾗ
285 1969 313 2044 9,
334 1964 392 2029 ubi
414 1964 453 2029 de
488 1964 566 2030 belli
588 1985 667 2030 curs
700 1970 734 2030 et
761 1972 924 2048 apparatu
958 1966 1077 2030 emisso
1106 1966 1289 2048 exponitur,

139 2071 210 2137 haec
231 2072 401 2156 leguntur:
434 2072 463 2136 N
472 2094 579 2152 aves,
602 2093 685 2156 quse
707 2074 748 2138 in
771 2072 907 2137 Tiberi
934 2081 1086 2156 paratae
1108 2074 1289 2138 instruc-

140 2188 272 2264 taque
295 2180 478 2261 stabant,
506 2188 564 2259 ut,
593 2181 625 2246 si
648 2202 714 2245 rex
737 2187 879 2265 posset
906 2182 1118 2262 resistere,
1135 2174 1185 2247 xin
1206 2181 1290 2246 Ms-

141 2289 351 2354 eedeniam
370 2290 643 2368 mitterentur,
665 2288 840 2354 subduci
862 2295 901 2354 et
917 2289 957 2353 in
973 2288 1189 2355 navalibus
1213 2288 1289 2354 eol·
1323 2287 1329 2302 '

141 2396 274 2464 locari
296 2433 339 2442 -
361 2397 532 2481 placuit.
578 2396 646 2462 Nec
668 2398 775 2480 regis
797 2399 926 2462 nomine
949 2405 1018 2464 tam
1040 2398 1128 2463 nude
1150 2397 1291 2463 Perseus

141 2505 195 2571 hic
218 2505 394 2589 significari
416 2511 562 2591 peterat,
584 2506 616 2570 in
645 2506 805 2589 proximis
832 2498 898 2570 non
921 2513 1208 2585 commemoratus,
1231 2525 1291 2569 nec

141 2615 359 2693 resistere,
381 2614 501 2679 nedum
523 2614 721 2679 resistere
744 2621 884 2696 posset
913 2622 1027 2698 aptum
1049 2619 1101 2680 est
1122 2613 1165 2678 ad
1187 2613 1291 2679 maio-

141 2744 212 2786 rem
234 2722 312 2787 belli
335 2722 454 2788 molem
477 2731 510 2787 et
532 2722 714 2805 perieulum
737 2721 985 2805 significandum
1013 2729 1072 2788 aut
1103 2723 1234 2787 omnino
1257 2723 1292 2786 in

142 2829 262 2895 haere
285 2831 340 2911 (de
364 2829 532 2914 sequendis
560 2829 639 2896 belli
661 2829 797 2909 viribus)
826 2829 934 2895 lecum
961 2830 1072 2896 habet.
1117 2831 1156 2895 In
1178 2830 1292 2895 codiee

142 2938 314 3004 scribitur:
338 2939 371 3004 si
393 2960 457 3003 res
480 2945 622 3021 posset
644 2938 856 3002 resistere.
897 2938 1081 3021 Scripserat
1102 2936 1212 3002 Livius
1235 2943 1293 3001 aut

143 3048 176 3111 si
199 3068 262 3112 res
283 3067 453 3130 poscere
476 3046 685 3111 videretur
707 3052 765 3110 sut
784 3044 974 3129 simpliciter
992 3044 1044 3127 [ut
1060 3045 1189 3109 viderat
1204 3044 1292 3109 Vah-

141 3151 277 3236 lenius]:
310 3155 342 3219 si
367 3177 439 3243 vres
473 3163 673 3239 posceret.
718 3154 863 3218 Primum
896 3174 935 3216 ex
968 3173 1139 3236 poscere
1169 3152 1292 3239 factum

143 3284 263 3346 pesse
285 3284 340 3342 re,
363 3270 433 3328 tum
456 3263 583 3344 relique.
605 3271 692 3328 nata.

229 3370 307 3455 Cap.
332 3376 404 3452 3,5
436 3370 484 3453 (iu
512 3373 660 3438 eratione
688 3371 857 3454 Agepolis,
889 3369 989 3452 legati
1017 3368 1168 3451 Rhodii):
1203 3369 1293 3435 For-

134 3486 279 3545 tunam
298 3480 478 3563 perbene
502 3479 664 3557 fecisse,
688 3479 855 3561 quando,
879 3478 1001 3544 finito
1025 3479 1149 3567 aliter
1173 3477 1292 3557 belle,

144 3588 386 3670 gratulandi
420 3588 500 3654 sibi
534 3589 579 3652 de
614 3589 791 3653 victoria
818 3589 984 3669 egregia
1012 3588 1201 3651 Romanis
1225 3607 1293 3669 ep·

144 3696 446 3779 portunitstem
486 3691 676 3760 dedisset.
732 3695 848 3779 Inepte
887 3695 1076 3760 huiusmodi
1116 3694 1190 3758 laus
1225 3699 1293 3757 tam

144 3805 291 3869 modeste
314 3804 505 3870 intenditur·
525 3802 744 3887 (perbene);
778 3823 854 3868 nam
876 3810 935 3869 aut
956 3802 1150 3887 simpliciter
1171 3821 1290 3865 numen
1307 3808 1381 3876 (598)

145 3918 179 3978 et
201 3911 335 3978 fortuna
361 3912 518 3977 laudatur
553 3910 681 3991 (bene,
715 3911 814 3975 bene
847 3918 971 3993 atque
1005 3908 1201 3990 feliciter)
1237 3914 1294 3973 aut

144 4021 252 4085 rarius
276 4021 474 4104 superlative
503 4017 692 4102 (optime).
737 4017 812 4083 Sine
836 4019 935 4084 dubio
958 4019 1067 4084 Livius
1094 4038 1161 4082 una
1182 4016 1296 4081 littera

144 4130 253 4194 minus
275 4130 421 4213 scripsit:
445 4128 662 4193 Fortunam
684 4150 715 4210 p.
734 4128 771 4192 R.
797 4125 923 4210 (pepuli
944 4125 1097 4206 Romani)
1121 4125 1221 4190 bene
1243 4123 1295 4189 ie·

132 4236 263 4325 cisse.
309 4234 400 4302 Solet
423 4237 508 4301 enim
536 4236 672 4320 propria
699 4234 812 4319 pepuli
835 4235 974 4301 Romani
1007 4231 1140 4298 fortune
1168 4230 1294 4311 extolli;

143 4344 209 4408 vid.
235 4344 333 4410 Gron.
367 4345 410 4410 sd
444 4344 496 4424 VI,
528 4348 577 4424 30,
606 4348 634 4408 6.
680 4342 770 4426 (eod.
804 4340 1295 4427 perbenefieiisequendo
