2994 5108
207 510 269 565 Lib.
287 509 373 564 XLII.
753 497 814 559 638

209 704 251 747 se
275 687 384 747 stato
412 681 503 748 loco
533 684 742 767 statisque
776 680 919 746 diebus
947 680 1159 745 sacrificia
1192 680 1356 760 habere,

210 810 292 873 quae
322 790 495 856 absente
526 812 565 856 se
594 797 704 856 recte
725 790 822 857 fieri
851 811 928 854 non
949 796 1132 873 possent;
1166 809 1249 873 quae
1282 809 1355 853 non

208 904 338 986 magis
362 900 527 967 consule
556 922 673 984 quam
701 905 877 983 praetore
910 897 1083 963 absente
1116 905 1228 962 recte
1261 895 1353 962 lieri

208 1019 387 1094 possent.
433 1010 472 1075 Si
496 1016 663 1074 senatus
686 1028 771 1086 non,
796 1005 890 1090 quid
913 1005 1040 1070 vellet
1063 1007 1103 1069 in
1126 1005 1353 1083 consulatu,

207 1120 344 1203 potius
368 1139 490 1202 quam,
514 1117 608 1200 quid
632 1118 672 1181 in
693 1114 1088 1200 praeturaiurarerit
1105 1113 1140 1177 Ρ.
1161 1113 1353 1193 Licinius,

208 1225 615 1291 animadvertendum
638 1246 727 1290 esse
750 1230 931 1301 censeat,
956 1243 995 1287 se
1018 1228 1149 1286 tamen
1172 1219 1352 1286 futurum

207 1335 245 1399 in
278 1340 444 1399 senatus
472 1340 688 1416 potestate.
734 1330 819 1409 Quid
843 1336 931 1397 esset
952 1331 985 1394 in
1008 1330 1059 1394 his
1081 1331 1163 1408 vitii,
1188 1330 1254 1394 etsi
1277 1330 1355 1395 Gro-

206 1443 321 1508 novius
343 1463 463 1523 magna
496 1449 653 1525 exparte
676 1441 794 1519 sensit,
829 1447 939 1505 tamen
961 1459 1066 1521 neque
1099 1439 1128 1503 is
1156 1444 1264 1503 totam
1287 1459 1356 1522 per-

206 1551 396 1614 versitatem
418 1550 586 1633 perspexit
608 1569 714 1632 neque
743 1555 869 1612 ceteros
896 1547 1006 1611 movit.
1050 1544 1199 1611 Primum
1225 1565 1364 1630 prorsus

206 1678 358 1741 perverse
391 1657 443 1721 bis
477 1656 647 1722 scribitur:
682 1677 765 1741 quae
798 1691 840 1702 —
873 1654 968 1720 lieri
990 1676 1067 1721 non
1091 1654 1191 1737 (qum
1214 1675 1372 1720 non-

206 1752 314 1844 fieri)
347 1771 518 1848 possent
553 1765 587 1829 in
618 1766 791 1829 sententiis
826 1764 1038 1828 diversissimi
1076 1764 1222 1846 generis3
1256 1762 1395 1828 altera

207 1874 293 1936 enim
325 1893 403 1955 pars
438 1879 487 1936 est
519 1873 602 1937 iuris
626 1872 755 1938 iurandi
777 1871 908 1950 Licinii,
943 1892 1015 1954 quae
1036 1875 1127 1936 recte
1155 1871 1403 1935 coniunctim

206 1981 302 2044 morlo
327 1979 478 2060 effertur3
501 1981 605 2045 altera
622 1992 849 2063 argumentum
874 1981 1018 2044 continet
1035 1978 1139 2061 ipsius
1156 1976 1263 2043 Cassii
1287 1978 1356 2043 inu
1374 1997 1408 2041 -s

207 2088 350 2165 ductum,
384 2109 456 2170 quae
478 2091 666 2153 necessario
700 2090 862 2152 infinitam
890 2089 1070 2152 orationem
1098 2086 1223 2151 habere-
1253 2086 1347 2151 debe
1369 2092 1413 2161 ⁴1„

206 2197 361 2280 quoniam
400 2218 482 2281 quae
523 2196 604 2261 nihil
643 2196 733 2261 aliud
773 2205 824 2261 est
857 2197 935 2261 nisi:
975 2216 1020 2260 ea
1053 2203 1187 2259 autem
1221 2194 1416 2278 (porrwl.

205 2304 331 2368 Deinde
355 2305 388 2368 in
411 2304 517 2369 altera
540 2306 719 2383 sententia,
748 2304 1022 2388 quemadmodum
1045 2303 1179 2385 quidem
1202 2324 1290 2368 nunc
1311 2306 1417 2366 est

207 2410 427 2490 conformate,
461 2419 550 2477 recte
585 2413 767 2477 Gronovius
806 2412 902 2477 vidit.
935 2412 1143 2493 negationem
1178 2410 1415 2476 tollenda-nu

208 2540 288 2597 esse,
313 2520 407 2603 eique
430 2519 599 2585 Belrkerus
622 2521 740 2603 paruit.
786 2520 857 2584 Hoc
880 2521 965 2584 enim
983 2517 1117 2584 Cassius
1140 2519 1236 2595 dicit,
1261 2520 1289 2584 si
1310 2520 1417 2584 imi

208 2625 381 2691 iurandum
426 2626 537 2691 Crassi
581 2630 613 2692 in
654 2635 798 2711 praetura
838 2628 950 2692 datum
990 2626 1113 2705 valeat,
1146 2627 1253 2692 nihilo
1287 2648 1330 2691 eu
1389 2641 1415 2684 m

207 2735 311 2815 magis
335 2756 420 2798 nunc
445 2736 611 2800 consulem
636 2737 668 2799 in
692 2738 890 2819 provinciam
917 2738 963 2799 ire
986 2756 1097 2819 posse,
1122 2735 1237 2799 eadem
1261 2736 1343 2818 imp»
1391 2749 1415 2791 e·

121 2829 192 2897 (⁵²⁷)
212 2841 320 2905 diente
343 2864 393 2919 re3
418 2844 443 2905 si
467 2852 577 2908 tamen
596 2851 728 2907 senatus
753 2843 860 2908 Crassi
886 2844 1045 2908 mluntati
1068 2842 1259 2926 gratificans
1280 2836 1415 2906 int-is

207 2950 337 3013 iurandi
356 2950 503 3014 oblivisci
521 2951 599 3014 velit
622 2951 698 3030 (hoc
721 2962 784 3015 est:
810 2954 927 3035 potina,
953 2951 1030 3035 quid
1050 2952 1128 3015 relit
1146 2973 1243 3029 nuuc,
1263 2972 1374 3033 quru-
1391 2962 1413 3005 n

208 3045 286 3139 quid
299 3066 375 3122 ante
394 3059 560 3127 iuraverit,
574 3059 898 3124 animadvertendum
919 3065 1054 3124 censeat
1066 3068 1098 3123 et
1117 3047 1411 3140 spectandum),

207 3187 241 3229 sc
275 3166 308 3228 in
337 3174 469 3230 senatus
498 3174 662 3249 potestate
690 3165 845 3231 futurum.
891 3168 1029 3232 Prorsus
1063 3167 1201 3231 ridicule
1227 3166 1318 3232 Cassi
1352 3175 1411 3218 ‘¹1⁸

207 3273 305 3350 dicat,
329 3275 355 3336 si
379 3280 512 3337 senatus
536 3273 635 3356 (quod
655 3276 732 3356 ‘ipse
752 3275 911 3357 postulat)
929 3298 994 3339 non
1007 3272 1128 3340 Crasso
1148 3275 1410 3358 obsequitent,

206 3381 262 3443 sed
283 3380 517 3443 iusiurandum
537 3381 704 3445 observari
722 3382 809 3447 velit.
834 3405 867 3447 se
891 3392 1002 3447 tamen
1025 3383 1153 3446 senatui
1179 3383 1263 3461 (suae
1287 3404 1344 3447 se·
1369 3392 1410 3432 ‘ss‘

205 3487 316 3551 tentiae
340 3488 553 3565 adsentienti)
578 3490 761 3571 pariturum
785 3512 865 3554 esse.
905 3490 1025 3554 Verum
1049 3490 1128 3554 alibi
1153 3491 1226 3555 ritii
1250 3491 1411 3555 sedem

205 3615 286 3672 csse,
311 3595 453 3659 ostendit
476 3596 640 3678 particula
663 3606 804 3661 tamem
828 3620 927 3682 prave
949 3600 982 3661 in
1006 3597 1167 3680 apodosin
1185 3598 1282 3681 longe
1304 3605 1409 3661 1‘0·

203 3702 300 3779 lecta,
324 3724 395 3783 quae
419 3703 512 3766 initio
537 3705 613 3785 porri
648 3704 822 3769 debuerat:
858 3708 889 3769 si
923 3712 1058 3771 tamen
1092 3716 1262 3771 senatus
1295 3695 1412 3770 cdl·

204 3807 319 3892 ltaque
343 3811 471 3873 initium
495 3810 558 3873 loci
581 3812 776 3876 emendandi
799 3811 859 3877 hoc
883 3820 945 3890 est,
974 3822 1013 3878 ut
1035 3813 1275 3896 intellegamus,
1296 3836 1371 3877 ιι.ν
1386 3820 1412 3860 ⁰·

202 3936 275 3979 vam
299 3917 495 3980 sententiam
519 3919 661 4001 incipere
685 3919 726 3983 ab
749 3919 800 3984 his
824 3921 945 3985 verbis:
971 3921 1164 3985 Sc-tamcn
1187 3921 1412 3986 futuram

204 4029 274 4100 oet,
298 4024 529 4102 condicionem,
547 4024 593 4104 (si
617 4028 801 4109 senatus)
831 4029 872 4093 ad
898 4030 1070 4111 superiora
1093 4031 1269 4113 pert-inere.
1303 4011 1410 4090 3¹⁶⁰

203 4129 303 4209 igitur
327 4132 431 4195 oratio
456 4132 672 4196 describenda
696 4143 761 4199 est:
797 4157 879 4217 quac
908 4136 1101 4218 (sacrificia)
1132 4157 1210 4201 non
1233 4146 1361 4216 ma(
1381 4118 1405 4180 5⁵

204 4238 366 4300 consule
401 4260 516 4319 quam
550 4249 720 4322 praetore
755 4242 925 4307 absente
949 4252 1062 4308 recte
1092 4244 1189 4308 fieri
1224 4264 1339 4328 pos5
1373 4246 1397 4289 θ·

204 4341 236 4402 si
271 4352 437 4408 senatus
471 4368 560 4425 non,
596 4349 684 4428 quid
713 4351 840 4416 vellet
874 4353 912 4415 in
947 4351 1187 4431 consulatu,
1221 4352 1391 4435 potius
