2994 5108
202 487 264 543 Lib.
283 487 382 541 XXVI.
748 476 810 537 382

201 680 265 742 que
289 660 405 724 eadem
428 679 562 742 prorsus
585 665 636 724 est
658 660 795 740 Liviani,
824 661 857 724 in
880 680 947 741 qno
969 679 1146 739 versamur,
1168 659 1233 725 loci
1255 660 1358 739 ratio;

201 787 308 848 neque
343 767 430 831 enim
464 767 584 848 singuli
613 768 816 850 singularum
845 766 977 832 urbium
1005 767 1108 850 legati
1138 765 1216 847 (atsi
1245 766 1359 850 plures

201 874 406 957 singularum
440 874 572 939 urbium
606 875 748 940 fortasse
781 873 930 956 inerunt)
964 895 1000 940 se
1028 875 1116 940 solos
1143 874 1297 940 abituros
1319 895 1359 940 ex

200 982 315 1050 Sicilia
337 980 507 1061 dicebant,
537 982 595 1047 sed
625 983 745 1047 civium
767 1003 902 1047 suorum
924 981 1032 1047 verbis
1054 981 1293 1064 loquebantur,
1321 987 1359 1046 ut

201 1112 258 1170 se,
296 1088 575 1172 quemadmodum
609 1092 789 1175 sepissime
823 1090 912 1174 apud
944 1090 1072 1155 Livium
1105 1090 1140 1155 in
1171 1090 1358 1173 legatorum

200 1198 348 1264 oratione
371 1196 553 1276 reddenda,
583 1197 625 1262 ad
649 1199 735 1263 cives
758 1197 922 1262 referatur
944 1198 1043 1278 (nos,
1071 1196 1195 1276 idest,
1223 1218 1297 1280 ego
1319 1205 1359 1262 et

199 1307 306 1372 cives
340 1304 440 1385 mei).
497 1301 636 1384 (Eodem
667 1305 764 1371 modo
786 1305 894 1386 XXX,
922 1308 979 1384 42,
1009 1308 1092 1370 3se
1114 1305 1148 1370 in
1171 1304 1358 1389 legatorum

198 1412 417 1479 Macedonum
457 1413 606 1478 oratione
640 1413 683 1477 ad
715 1413 904 1496 Philippum
936 1411 1103 1494 refertur.)
1163 1412 1283 1496 Itaque
1316 1411 1357 1477 ad

112 1533 184 1601 (312)
201 1521 262 1588 hos
289 1520 491 1604 singularum
520 1520 651 1585 urbium
674 1522 762 1586 cives
785 1541 897 1586 omnes
919 1519 1029 1586 Livius
1052 1520 1215 1604 pluralem
1238 1541 1357 1605 prono·

39 1631 42 1636 ’
199 1629 296 1694 minis
330 1626 534 1693 distributivi
567 1649 739 1693 numerum
772 1626 1045 1693 accommodavit:
1083 1626 1357 1693 adfirmantes

200 1758 241 1803 se
270 1759 349 1802 non
377 1734 492 1800 modo
520 1756 631 1800 suam
659 1756 826 1814 quosque
854 1737 1031 1819 patriam
1052 1770 1095 1780 —
1117 1736 1357 1803 relicturos.

198 1845 324 1911 Eodem
352 1844 461 1926 capite
492 1841 509 1925 ξ
541 1848 581 1907 10
609 1842 665 1923 (de
693 1843 879 1909 Hannibale
908 1849 942 1909 et
963 1842 1136 1925 Marcello)
1165 1844 1199 1908 in
1227 1844 1253 1910 P
1277 1845 1359 1910 scri-

197 1953 302 2018 bitur:
338 1973 382 2016 ex
410 1971 487 2031 quo
516 1952 669 2035 primus
698 1960 790 2036 post
812 1952 991 2017 adversae
1012 1970 1157 2035 pugna
1180 1950 1359 2047 gloriam

199 2066 381 2146 ceperat3
417 2079 509 2123 error
536 2065 629 2122 ortus
657 2059 787 2124 videtur
816 2080 856 2123 ex
885 2059 1045 2124 vocabulo
1074 2059 1275 2125 advorsus
1304 2059 1360 2124 bis

197 2169 306 2253 posito
329 2169 363 2231 in
385 2166 472 2230 hunc
493 2165 562 2230 fere
586 2165 734 2231 modum:
764 2188 811 2231 ex
834 2188 909 2248 quo
931 2167 1086 2251 primus
1108 2174 1203 2250 post
1225 2167 1359 2230 adver·

197 2274 372 2339 slsslns
394 2274 490 2336 laus
515 2275 695 2339 adversae
718 2295 858 2359 pugnae
879 2274 1053 2357 gloriam
1077 2282 1257 2359 ceperat.

285 2381 364 2464 Cap.
389 2385 444 2460 30,
475 2386 522 2446 10.
578 2381 630 2446 Ad
658 2382 746 2448 hunc
774 2382 899 2460 locum,
934 2383 968 2447 in
997 2404 1063 2466 quo
1087 2381 1287 2466 Syracusani
1316 2383 1363 2448 de.

198 2490 332 2556 miseria
359 2508 420 2553 sua
447 2496 643 2570 queruntur,
676 2489 931 2571 intellegendum
961 2489 1268 2574 emendandumque
1291 2491 1362 2556 duo

198 2598 343 2664 tenenda
365 2601 452 2673 sunt,
475 2597 625 2680 primum,
650 2618 750 2679 quum
772 2604 848 2681 post
871 2603 982 2662 tecta
1004 2598 1209 2663 exhausta
1231 2597 1363 2682 (direp-

197 2703 303 2785 tione)
322 2711 594 2769 commemoretur
616 2711 786 2786 tamquam
809 2706 923 2784 maiue,
947 2704 1050 2771 bona
1071 2725 1235 2790 quoque
1257 2706 1361 2771 mul·

197 2813 258 2878 tis
282 2813 472 2894 adempta
499 2833 583 2889 esse,
617 2812 652 2876 id
680 2814 866 2877 necessario
894 2813 1059 2894 pertinere
1088 2813 1132 2877 ad
1153 2812 1360 2896 praediorum

198 2921 389 2998 (fundorum
412 2926 445 2982 et
469 2918 655 2998 domorum)
679 2919 952 3002 publicationem,
983 2918 1101 2985 deinde
1130 2921 1260 2985 solum
1284 2942 1359 2985 nu-

200 3030 290 3094 dum
313 3050 377 3092 non
401 3047 496 3109 posse
520 3026 681 3108 appellari
700 3026 938 3111 (appositione)
955 3028 1157 3111 reliquias
1181 3027 1360 3112 direptae

196 3135 387 3210 fortunae,
428 3136 584 3216 quoniam
624 3133 761 3217 direptae
802 3136 943 3199 fortunae
977 3137 1110 3201 nomine
1142 3136 1362 3201 continentur

197 3242 427 3308 tantummodo
461 3263 515 3305 res
549 3247 732 3319 moventes,
773 3263 847 3323 quae
880 3243 958 3307 solae
992 3243 1090 3327 diripi
1122 3245 1361 3326 asportariqne

197 3356 346 3434 possunt.
403 3348 519 3431 Itaque
553 3370 619 3412 una
652 3348 768 3413 addita
802 3349 1035 3431 praepositione
1063 3351 1104 3413 in
1132 3351 1219 3414 inter
1247 3373 1297 3415 ne
1324 3358 1369 3418 et.

196 3457 302 3521 nudo
326 3456 400 3537 (en)
431 3455 640 3520 scribendum
670 3463 735 3521 est:
770 3457 830 3520 ita
856 3463 898 3520 ut
925 3476 973 3520 ne
1002 3455 1040 3518 ln
1063 3457 1166 3521 nudo
1191 3457 1361 3540 quidem

198 3563 284 3629 solo
313 3563 506 3645 reliquiis
535 3563 707 3646 direptae
735 3564 914 3628 fortunae
943 3564 1053 3628 alere
1076 3584 1165 3629 sese
1189 3583 1237 3628 ac
1260 3586 1361 3631 suos

196 3679 374 3756 possent.
436 3670 508 3734 Hoc
547 3677 731 3753 queruntur
766 3670 987 3752 Syracusani,
1013 3671 1070 3749 iis,
1105 3670 1228 3753 quibus
1263 3672 1357 3738 bona

195 3779 351 3862 adempta
385 3779 467 3856 sint,
499 3798 540 3842 ne
574 3778 697 3842 nudum
732 3778 864 3862 quidem
893 3777 998 3843 solum
1029 3778 1198 3861 (direptis,
1232 3779 1361 3862 quibus

195 3890 394 3953 instructum
427 3892 460 3950 et
489 3892 680 3951 exornatum
708 3884 823 3966 fuerit)
856 3891 997 3963 restare,
1031 3886 1065 3951 in
1092 3906 1158 3969 quo
1186 3886 1247 3965 iis,
1284 3909 1361 3971 quea

196 3994 338 4079 direptio
361 3994 503 4059 fortunae
526 3993 706 4075 reliquerit,
739 3993 828 4058 alere
851 4014 886 4057 se
909 3994 1047 4075 possint.
1078 3991 1108 4076 (ᾗ
1134 3997 1172 4056 12
1196 3997 1362 4076 quoniam

195 4101 266 4167 haec
300 4102 400 4167 verba
434 4102 517 4165 duae
551 4107 682 4184 captae
715 4099 790 4164 hoc
824 4120 925 4165 anno
959 4100 1082 4165 urbes
1110 4099 1378 4175 —habeant

194 4230 299 4290 neque
322 4231 343 4273 a
364 4208 521 4273 Marcello
549 4209 683 4272 iubente
718 4228 823 4289 neque
860 4228 935 4272 cum
971 4208 1078 4273 ironia
1113 4208 1179 4272 dici
1206 4218 1364 4294 apparet,

195 4316 253 4380 sed
276 4324 404 4400 partem
427 4317 594 4381 continere
616 4317 738 4398 iniqua
761 4314 971 4394 condicionis,
1000 4337 1073 4398 qua
1096 4316 1374 4399 imperatoribus.
