3000 5116
169 497 232 552 Lib.
250 497 333 552 XLV.
709 485 770 546 718

34 722 39 731 ,
165 690 263 754 gens
293 669 571 749 (Macedonum
604 689 700 751 gens
728 668 902 734 obscura
930 668 1015 750 cet).
1061 667 1321 731 Erroriscausa

166 785 223 842 aut
244 777 452 860 neglegentia
474 778 538 841 luit
559 784 624 857 aut,
648 777 735 860 quod
757 777 862 842 fama
884 777 1103 841 nominativus
1127 796 1202 839 esse
1226 781 1319 858 puta·

165 885 273 950 batur.
308 877 477 965 (Extremo
502 886 618 969 capite,
642 883 658 968 ἓ
682 890 710 965 7,
734 885 792 950 ubi
814 887 847 950 in
870 884 981 949 codice
1003 891 1056 949 est
1077 883 1320 948 lacerantes

164 993 342 1073 viribus,
365 999 456 1058 recte
479 992 665 1058 Gronovius
694 993 795 1058 scribi
818 993 920 1058 voluit
942 992 1155 1071 laceratis;
1189 1010 1267 1054 nam
1289 997 1322 1053 et

165 1103 281 1183 ignare
316 1102 465 1167 adhaeret
497 1100 733 1167 lacerantes
771 1100 936 1166 viribus
976 1108 1052 1184 post
1087 1098 1161 1163 illa:
1199 1097 1246 1162 ad
1281 1119 1321 1163 ss

76 1281 78 1285 μ
165 1212 344 1294 quisque
379 1230 475 1294 opes
509 1210 678 1293 rapiunt
710 1217 744 1275 et
772 1211 887 1275 vitiose
920 1209 1086 1274 obiectum
1114 1207 1225 1281 deest,
1259 1206 1321 1271 nisi

166 1318 239 1401 quis
263 1323 352 1383 recte
375 1318 439 1383 dici
462 1324 558 1401 putat
580 1339 675 1401 opes
696 1318 850 1383 viribus
872 1315 1084 1396 lacerare.)

251 1423 329 1509 Cap.
353 1430 400 1505 10,
424 1431 453 1505 2,
478 1426 534 1491 ubi
552 1427 677 1491 editur:
695 1426 879 1491 dimissis
895 1461 939 1471 —
955 1426 1112 1490 Atticis
1131 1423 1321 1502 navibus,

165 1534 200 1598 in
222 1534 293 1598 eod.
307 1533 464 1599 scribitur
486 1534 646 1599 adticis.
680 1534 778 1600 Aliud
801 1534 905 1600 latere
923 1539 1079 1617 apparet3
1102 1553 1214 1616 neque
1237 1534 1323 1598 enim

164 1639 275 1720 XLIV,
298 1646 338 1708 29
360 1642 429 1707 ulla
457 1641 495 1708 fit
516 1644 703 1707 Atticarum
732 1643 863 1707 navium
885 1643 1018 1707 mentio.
1065 1639 1211 1707 Subesse
1235 1640 1322 1705 vide·

165 1755 220 1813 tur
253 1749 514 1816 adventiciis.
549 1751 671 1833 (1864.)
717 1749 797 1834 §15
820 1752 855 1815 in
881 1749 943 1815 bac
976 1749 1100 1814 codicis
1134 1751 1321 1833 scriptura:

164 1877 238 1921 nec
271 1879 315 1923 eo
350 1860 517 1940 segnius
550 1860 709 1925 iudicia
742 1881 787 1924 ex
822 1858 991 1924 decreto
1022 1878 1161 1922 coram
1185 1857 1252 1922 his
1274 1856 1320 1938 (C.

165 1964 291 2048 Popilio
308 1973 341 2031 et
358 1965 392 2032 Ο.
410 1966 571 2049 Decimio)
593 1967 696 2033 facti
717 1967 855 2033 rhodii
877 1965 1184 2032 exercebantur
1206 1987 1322 2050 quam

165 2074 496 2156 perseuerabant
528 2082 608 2141 tam
641 2074 927 2160 inersquenda
959 2096 1003 2139 re
1035 2081 1118 2140 tam
1154 2075 1321 2139 decima

165 2179 319 2252 lenitas
342 2204 456 2266 quam
479 2184 561 2248 haee
583 2189 827 2266 gererentur
848 2184 989 2267 primum
1018 2183 1120 2247 etiam
1144 2181 1321 2248 Vahlenius

110 2370 113 2377 .
165 2289 248 2354 vidit
281 2311 321 2355 ex
354 2290 654 2357 exercebantur
685 2291 870 2357 faciendum
899 2312 986 2368 esse,
1016 2297 1055 2355 ut
1084 2291 1268 2375 saepissime
1289 2291 1320 2355 in

165 2397 199 2461 in
220 2398 284 2462 hoc
318 2398 437 2478 codice,
471 2399 731 2465 exercebant.
776 2399 861 2465 Dein
895 2400 1059 2483 separatis
1089 2399 1150 2478 iis,
1180 2419 1256 2482 quae
1281 2398 1320 2463 ed

166 2505 315 2586 proxima
327 2507 492 2588 pertinent
510 2507 645 2587 (Quum
669 2507 753 2572 hoec
775 2506 1030 2591 gererentur)
1045 2507 1319 2573 etanimadrersa

165 2613 300 2691 lacuna,
335 2614 423 2695 quod
455 2616 522 2679 iam
546 2616 703 2700 Gryneus
737 2616 878 2694 fecerat,
908 2615 1005 2680 facile
1027 2620 1124 2698 patet
1146 2615 1233 2680 illud
1253 2634 1318 2680 nec

167 2741 211 2785 eo
235 2723 405 2803 segnius
422 2722 537 2787 referri
556 2723 598 2788 ad
621 2725 791 2806 superiora
813 2724 876 2788 hac
893 2725 1073 2789 sententia:
1098 2724 1316 2808 „quamquam

166 2829 387 2894 discesserant
419 2829 556 2912 legati“;
589 2832 701 2915 itaque
735 2852 859 2914 quam,
895 2840 934 2896 ut
962 2832 1056 2910 alibi,
1085 2832 1241 2896 additum
1272 2836 1317 2896 est

166 2944 302 3020 propter
325 2938 561 3020 praecedentem
585 2941 852 3022 comparativum.
892 2940 975 3004 Tum
997 2961 1064 3005 non
1087 2940 1130 3004 de
1153 2961 1190 3004 re
1213 2939 1316 3004 nescio

167 3065 231 3126 qua
259 3047 466 3126 exsequenda
488 3048 608 3127 agitur,
632 3048 688 3113 sed
712 3048 752 3112 de
776 3047 923 3129 urgenda
946 3054 980 3111 et
1008 3047 1052 3111 ad
1079 3047 1182 3113 finem
1206 3048 1316 3131 perdu-

166 3152 270 3217 cenda
292 3174 348 3234 spe
371 3175 390 3217 a
413 3153 557 3218 Decimio
579 3154 683 3234 facta,
706 3176 802 3239 posse
826 3154 1017 3220 auctoribus
1047 3154 1171 3221 Perseo
1194 3155 1317 3221 favendi

166 3259 305 3324 sublatis
328 3261 550 3325 Romanorum
578 3264 718 3344 gratiam
747 3263 964 3329 reconciliari.
1011 3263 1133 3347 ltaque
1163 3285 1316 3348 reponen-

168 3366 320 3431 dumest:
339 3369 663 3451 perseverabant
680 3372 811 3436 iamin
831 3372 1097 3453 exsequenda
1115 3390 1316 3455 spe‚quam

166 3473 338 3538 Decimii
362 3476 516 3541 lenitas
538 3478 788 3543 ostenderat.
835 3478 959 3561 (1864.)

80 3571 151 3640 (597)
258 3582 335 3666 Cap.
363 3587 409 3661 13,
435 3588 473 3647 13
508 3584 554 3664 (in
589 3588 736 3650 oratione
759 3587 934 3668 Masgabae,
962 3587 1153 3652 Masinissa
1187 3587 1262 3663 filii,
1288 3587 1316 3649 in

165 3689 311 3769 senatu):
336 3688 676 3773 Commemoravit,
701 3703 799 3778 quot
821 3696 987 3779 pedites
1011 3697 1314 3780 equitesque-

164 3803 283 3879 pater
307 3820 405 3863 suus
429 3800 462 3862 in
484 3799 761 3865 Macedoniam
784 3803 981 3869 misisset.
1028 3803 1110 3869 Sed
1134 3805 1241 3870 duas
1261 3823 1315 3867 res

165 3905 201 3966 ei
223 3905 365 3970 rubori
389 3906 528 3971 fuisse.
575 3906 653 3973 Cod.
688 3910 878 3975 misitsed
912 3912 1028 3990 duas,
1062 3910 1130 3977 hoc
1162 3919 1231 3978 est:
1260 3911 1315 3975 mi·

166 4010 299 4075 sisset.
345 4013 451 4078 Duas
474 4021 535 4079 eet.
580 4016 618 4080 ln
640 4018 691 4095 iis,
714 4038 786 4101 quse
811 4019 911 4102 paulo
941 4027 1015 4102 post
1039 4018 1056 4103 ᾗ
1082 4025 1122 4085 16
1152 4021 1314 4105 leguntur:

166 4115 330 4183 Sumere
364 4122 502 4205 itaque
536 4123 703 4188 eosdem
737 4124 1058 4209 (summostuon
1083 4151 1126 4194 se
1160 4147 1312 4213 rogare,

165 4243 317 4305 aequum
356 4249 460 4306 esse,
501 4251 628 4314 neque
663 4253 794 4297 emere
825 4255 869 4298 ea
904 4256 950 4299 ex
983 4234 1205 4302 fructibus
1238 4233 1314 4318 agri

165 4331 214 4393 ab
259 4354 300 4396 se
339 4335 442 4407 dati,
485 4358 570 4420 quae
616 4338 673 4403 ibi
717 4343 977 4424 proveniant,
1023 4344 1058 4407 in
1100 4341 1313 4410 concludendo

163 4437 279 4501 vitiose
314 4442 474 4507 eosdem
508 4467 567 4527 pro
601 4467 668 4511 eos
698 4447 762 4512 dici
793 4450 1004 4514 manifestum
1039 4459 1105 4530 est,
1142 4472 1205 4518 nee
1234 4456 1313 4515 recte

38 4660 151 4808 Ν
