2994 5108
202 487 265 542 nic.
284 486 332 542 ur
390 463 391 466 ‘
751 476 810 538 106

201 666 380 725 vestram
417 659 623 743 ignaviam
663 664 957 743 comtempsere
990 694 1034 705 —
1067 665 1108 726 et
1139 681 1181 727 se
1213 667 1256 726 et
1288 680 1358 726 ros

200 788 348 833 novere
387 767 609 833 intcriiciatur
647 767 826 833 sententia¹
843 766 902 831 illa
933 765 974 832 de
1007 766 1173 834 discordia
1205 767 1360 834 ordinum

200 875 293 941 urbis
322 876 480 941 Romanae
516 895 657 955 venen03
696 895 804 959 neque
837 875 925 940 enim
958 874 999 939 dc
1020 876 1070 941 rei
1091 875 1233 960 publica
1255 881 1359 955 statu,

199 984 346 1067 ingenio,
380 982 474 1047 malis
504 983 653 1047 universe
681 983 806 1064 agitur,
841 982 900 1047 sed
927 982 1008 1067 quid
1030 982 1146 1068 AEquis
1174 990 1208 1050 et
1230 982 1361 1050 Volscis

200 1092 329 1157 animos
361 1090 488 1156 fecerit.
548 1090 591 1154 Ni
623 1088 735 1167 fallor,
773 1095 811 1153 ut
842 1089 876 1153 in
910 1096 1059 1156 extrema
1091 1074 1260 1157 sententia
1291 1112 1360 1158 una

201 1198 356 1263 addenda
384 1197 499 1262 littera
527 1196 628 1278 (illis
656 1218 715 1281 pro
742 1195 838 1277 illi),
872 1196 919 1261 sic
948 1198 1043 1263 initio
1064 1220 1131 1265 una
1153 1198 1360 1265 detrahenda

201 1311 267 1386 cst,
307 1312 345 1371 ut
384 1306 430 1371 sic
472 1304 627 1371 decurrat
668 1306 793 1370 oratio:
833 1304 1057 1371 Discordia
1095 1305 1284 1372 ordinum
1322 1313 1360 1371 ct

201 1434 393 1480 venenum
414 1413 534 1478 huius
557 1411 680 1491 urbis,
704 1418 869 1496 patrum
891 1433 936 1477 ac
958 1412 1096 1497 plebis
1119 1414 1359 1494 certamina,

201 1521 290 1587 dum
307 1522 687 1604 —magietratuum
711 1520 916 1585 sustulere
938 1519 1026 1582 lllls
1049 1521 1218 1588 animos.
1262 1519 1360 1589 Oete·

199 1651 274 1696 rum
296 1652 364 1696 nou
387 1628 518 1708 dubito,
548 1629 629 1713 quin
651 1632 740 1693 recte
762 1629 798 1693 in
819 1629 929 1693 tribus
953 1627 1122 1695 codicibus
1146 1629 1360 1715 interpolatis
1451 1713 1462 1727 ο

199 1736 462 1803 Drakenborchii
501 1743 534 1801 et
572 1737 607 1799 in
646 1736 847 1802 editionibus
882 1757 903 1801 a
934 1734 1145 1802 Frobeniaua
1176 1757 1281 1821 usque
1315 1738 1361 1804 ad

130 1854 186 1921 (87)
204 1843 552 1911 Drakenborchiauam
576 1843 753 1908 scribatur:
788 1865 856 1910 vos
878 1844 1156 1928 patriciorum,
1183 1866 1254 1912 nos
1278 1845 1361 1928 (non

199 1953 285 2036 hos)
314 1952 582 2037 plebeiorum.
634 1951 810 2017 Praecedit:
845 1973 918 2017 neo
945 1950 1063 2017 nobis
1093 1954 1257 2037 imperii
1283 1974 1361 2020 nec

200 2062 316 2128 vobis
349 2058 612 2141 libertatis.¹)
668 2058 825 2143 Sequitur
858 2061 892 2124 in
920 2059 1035 2125 eadem
1063 2062 1214 2127 oratione
1245 2059 1276 2145 (ἕ
1307 2061 1360 2145 9);

199 2169 401 2234 Tribunos
424 2167 559 2252 plebis
581 2187 724 2233 creare
746 2169 896 2234 iterum
917 2166 1131 2247 voluistis3
1165 2169 1361 2250 creastis;

200 2275 392 2342 consules
420 2275 558 2341 facere
587 2280 815 2341 vestrarum
842 2276 1033 2360 partium3
1062 2278 1143 2342 etsi
1165 2277 1361 2361 patribus

199 2383 436 2449 videbamus
469 2385 668 2468 iniquum,
702 2385 924 2467 patricium
951 2404 1111 2468 quoque
1134 2384 1362 2468 magistra-

199 2498 284 2556 tum
317 2491 431 2576 plebi
466 2492 610 2558 donum
642 2489 738 2556 fieri
770 2491 949 2557 vidimus.
1007 2489 1061 2556 Sic
1088 2493 1232 2576 primum
1254 2493 1359 2560 inter·

199 2598 377 2684 pungenda
404 2600 526 2680 oratio,
559 2606 597 2664 ut
624 2606 784 2684 appareat
806 2598 911 2682 (quod
933 2598 1226 2666 Drakenborchius
1249 2601 1362 2685 vidit),

200 2707 243 2772 ad
276 2706 414 2773 facere
448 2707 555 2772 audiri
590 2708 779 2786 voluitis,
815 2707 933 2773 deinde
962 2707 1054 2787 addi,
1088 2706 1165 2772 huic
1192 2707 1364 2776 voluntati

199 2838 273 2882 cum
300 2816 517 2900 patriciorum
545 2815 753 2881 incommodo
777 2835 970 2881 concessum
993 2836 1080 2882 esse.
1123 2815 1208 2880 Nam
1231 2808 1363 2901 siquis

200 2925 262 3004 sic,
295 2931 333 2990 ut
354 2922 450 3007 vulgo
473 2922 719 3003 describuntur,
752 2923 853 2988 verba
875 2924 1081 2989 coniunxerit
1103 2922 1363 3004 (videbamus

199 3034 380 3116 iniquum
403 3030 611 3116 patribus,
640 3030 834 3096 consules
857 3031 995 3097 facere
1018 3038 1248 3098 vestrarum
1270 3054 1364 3117 par·

199 3139 324 3222 tium),
347 3147 385 3205 ut
407 3138 474 3204 alia
496 3141 656 3219 omittam,
678 3138 712 3203 id
735 3138 852 3203 saltem
874 3161 941 3206 non
966 3139 1095 3218 vitabit,
1118 3141 1200 3224 quin
1221 3139 1364 3209 facere

200 3268 345 3332 proves
362 3247 498 3312 lacere
515 3248 669 3338 vitiosum
687 3247 739 3311 sit.
773 3246 866 3312 Dura
882 3255 935 3312 est
954 3247 1053 3312 etiam
1069 3246 1141 3312 haec
1157 3247 1250 3314 verbi
1269 3270 1365 3316 esse

199 3356 333 3420 omissio
362 3355 396 3418 in
426 3356 591 3419 sententia
618 3354 829 3437 impersonali
852 3376 891 3420 ex
914 3354 1075 3420 adiectivo
1100 3360 1134 3420 et
1155 3354 1255 3422 verbo
1280 3363 1364 3423 est:

199 3462 318 3528 video
346 3462 529 3545 iniquum
558 3461 759 3546 patribus.
806 3459 857 3544 [V.
870 3467 982 3528 tamen
1000 3459 1080 3528 Caes.
1092 3462 1130 3527 B.
1144 3461 1183 3529 G.
1195 3462 1221 3543 1,
1241 3467 1292 3546 33,
1313 3464 1361 3550 3.]

199 3569 303 3649 Addo,
326 3591 391 3635 nou
413 3575 502 3634 recte
519 3570 700 3652 iniquum
717 3568 781 3633 dici
798 3570 1002 3654 patribus,
1025 3570 1088 3637 hoc
1104 3569 1155 3635 vel
1173 3570 1258 3636 illud
1274 3570 1362 3654 fieri,

200 3698 261 3762 pro
295 3699 349 3757 eo,
384 3677 475 3762 quod
503 3684 569 3743 est:
606 3678 791 3762 iniquum
818 3678 857 3742 in
888 3686 1049 3762 patres;
1082 3699 1158 3743 nam
1186 3679 1365 3764 iniquus

200 3805 275 3850 cum
309 3785 421 3850 dativo
453 3806 521 3851 nou
550 3785 671 3850 dicitur
699 3787 763 3850 nisi
793 3785 832 3850 de
860 3807 1005 3869 persona
1033 3791 1091 3849 aut
1119 3785 1160 3850 de
1191 3806 1227 3851 re
1258 3794 1366 3871 certa,

199 3913 273 3975 quae
307 3892 406 3958 alicui
439 3890 564 3959 officiat
598 3892 649 3974 (ut
682 3893 775 3960 locus
809 3894 942 3977 iniquus
978 3893 1077 3958 alicui
1112 3900 1165 3958 est
1191 3899 1251 3959 aut
1273 3900 1363 3961 tem·

200 4022 263 4085 pus
303 3999 486 4082 similiave).
537 4002 732 4067 Rectissime
771 4003 873 4085 igitur
911 4001 1017 4081 Pml,
1058 4000 1176 4081 L1H1‚
1215 4023 1367 4085 quorum

229 4256 251 4322 ¹)
272 4255 325 4325 [Et
351 4272 402 4326 pro
430 4261 534 4311 estet
558 4273 618 4311 nos
637 4255 782 4310 confirmat
801 4255 837 4323 V,
865 4256 895 4310 in
912 4255 973 4308 illi
998 4255 1134 4310 mendum
1160 4261 1254 4326 tenet,
1282 4260 1368 4329 quod

269 4341 363 4411 ipsum
380 4346 413 4395 et
432 4338 580 4411 coarguit]
