3000 5116
726 483 788 546 379
1156 496 1217 549 Lib.
1237 495 1336 550 xxvi

200 646 270 719 ordo
294 686 390 748 neque
418 664 539 731 edero
567 667 739 733 erimina
762 688 822 750 pro
846 687 900 745 eo,
929 666 1017 750 quod
1041 675 1092 732 est
1115 667 1336 745 subiicere,

197 746 233 815 ‘le
260 772 458 839 monentibus
492 773 576 839 alios
605 781 640 839 61
667 774 927 840 subornantibus
954 775 1076 838 usitate
1105 775 1171 838 dici
1198 775 1336 839 ridetur.

191 851 498 964 1111116611661113166
533 879 647 946 edita
674 882 859 947 tollendum
887 884 1026 966 putarit.
1082 880 1186 946 Miror
1215 890 1335 960 tamen,

181 975 246 1046 (1111
278 988 306 1052 16
331 995 476 1054 montem
503 990 630 1054 venerit
659 992 815 1076 cuiquam
843 989 906 1054 hoc
934 991 976 1053 ad
1004 989 1021 1053 f
1025 992 1109 1053 icta
1138 989 1336 1068 adscribere,

174 1089 227 1141 ⁸⁰
246 1098 360 1175 potius,
390 1096 455 1161 nisi
477 1096 570 1161 aliud
591 1096 690 1176 latet,
717 1097 821 1161 ficta
844 1097 1040 1162 eiiciendum
1062 1103 1144 1179 puto
1169 1104 1202 1160 et
1225 1098 1337 1161 edita

165 1185 229 1252 ab
254 1202 432 1269 inimicis
455 1212 568 1269 tamen
591 1203 820 1286 accipiendum
839 1205 880 1269 de
899 1204 1102 1277 criminibus,
1121 1225 1193 1284 quae
1213 1205 1336 1267 inimici

108 1350 111 1354 -
159 1307 189 1354 ἃ
220 1323 262 1373 Se
280 1312 412 1377 inventa
434 1310 655 1377 indicaverint
672 1312 823 1376 testibus.
848 1315 972 1393 (1876.)
997 1311 1122 1376 Contra
1139 1333 1210 1393 cap.
1225 1316 1275 1385 27,
1298 1317 1333 1375 11

154 1394 365 1485 (Flaccus
395 1419 478 1485 sibi
506 1420 712 1502 privatam
740 1420 993 1484 simultatem
1017 1441 1101 1483 cum
1125 1418 1336 1501 Campanis

146 1523 326 1607 11&gare
359 1526 485 1592 ullam
518 1547 622 1605 esse3
657 1525 850 1609 publicas
886 1528 1132 1591 inimicitias
1162 1526 1335 1590 hostiles

143 1635 264 1699 esoe
286 1641 327 1700 61
348 1634 516 1699 futuras
539 1633 616 1715 cet.)
639 1655 775 1717 prorsus
799 1637 963 1701 assentior
987 1634 1140 1716 Ussingio
1167 1635 1337 1698 damnanti

141 1719 368 1821 hostiles,
403 1743 458 1807 eui
486 1741 584 1825 vulgo
613 1748 730 1806 contra
752 1741 882 1806 codices
904 1744 1109 1825 praeponitur
1132 1749 1179 1805 et.
1231 1742 1336 1806 Nullae

139 1852 251 1914 Sunt
278 1850 418 1915 hostiles
447 1849 629 1914 inimicitiae
659 1870 719 1913 neo
747 1850 883 1914 Fulvius
911 1870 980 1912 rem
1009 1855 1121 1930 auget,
1157 1856 1192 1913 ut
1222 1849 1335 1914 hostili

139 1956 272 2023 Inodo
295 1980 330 2022 se
353 1958 547 2022 inimicitias
569 1977 722 2022 exercere
746 1957 847 2022 dicat.
892 1956 1015 2036 (1863.)

260 2063 340 2149 (lap.
365 2068 422 2144 27,
453 2068 492 2128 16
516 2064 572 2145 (de
595 2064 727 2130 Valerio
752 2065 883 2128 Laevino
913 2062 1048 2127 consule
1077 2064 1336 2128 6161166166-

136 2167 310 2238 cedente
332 2172 510 2256 Campanis
533 2173 577 2237 ad
600 2174 844 2256 deprecandam
867 2172 971 2236 Fulvii
995 2171 1104 2235 Flacci
1128 2173 1335 2235 severitatem

136 2268 379 2346 circumfusis
401 2290 437 2345 61
460 2279 590 2351 Siculis,
620 2282 677 2363 qui
700 2281 840 2345 Romam
864 2286 1015 2363 questum
1039 2280 1079 2343 de
1103 2279 1259 2342 Marcello
1283 2300 1335 2343 re·

136 2389 307 2467 nerant,
349 2388 482 2454 obviam
515 2388 686 2470 egressisl:
727 2387 809 2452 Hac
843 2388 1113 2451 circumfusus
1150 2387 1334 2451 multitu-

137 2478 268 2561 dine
295 2497 416 2563 simul
439 2495 595 2562 Siculis
618 2495 777 2560 obviam
800 2496 980 2577 egressis
1004 2495 1241 2576 seculisque
1265 2496 1333 2560 Ro·

136 2603 273 2668 mam
311 2604 487 2687 praebuit
526 2602 852 2667 clarissimarum
892 2603 1051 2666 urbium
1091 2603 1252 2667 excidio
1288 2624 1333 2666 66

137 2707 467 2778 celeberrimis
513 2712 616 2776 viris
661 2713 792 2775 victos
836 2710 946 2775 bello
987 2718 1253 2773 accusatores
1296 2712 1333 2773 in

137 2815 311 2884 urbem
339 2820 598 2885 adducentis.
649 2818 687 2881 ln
711 2817 964 2899 seculisque,
995 2839 1034 2881 ex
1058 2839 1123 2898 666
1149 2817 1334 2881 Gronovius

143 2908 406 3010 AEtolisque
435 2925 606 3004 effecerat,
642 2927 734 2989 cuius
765 2928 873 3008 gentis
904 2926 1107 2990 alienissima
1136 2925 1177 2987 ab
1207 2925 1267 2988 hae
1299 2948 1333 2990 re

144 3035 298 3099 mentio
332 3042 399 3114 661,
434 3034 720 3099 Weissenbornius
754 3041 844 3097 recte
879 3034 960 3097 vidit
995 3033 1075 3096 nihil
1111 3034 1201 3096 aliud
1231 3035 1334 3100 161616

149 3131 241 3202 nisi
274 3144 518 3226 secutisque
552 3141 655 3224 (quod
688 3144 758 3225 ipse
792 3143 826 3204 in
860 3142 1000 3223 exempli
1035 3143 1099 3205 mei
1128 3145 1275 3224 margine
1305 3165 1334 3206 a.

164 3237 622 3329 183561116161661616166).
673 3248 736 3314 Sed
767 3250 875 3312 minus
904 3248 1046 3312 feliciter
1069 3259 1142 3332 post
1168 3251 1334 3327 Romam,

164 3356 270 3424 (111011
303 3359 418 3424 vitiose
458 3357 623 3427 abundat.
665 3358 847 3440 prasertim
887 3357 1033 3439 proxime
1073 3359 1335 3439 praecedentibus

174 3447 266 3527 illis:
285 3469 399 3549 sequi
423 3487 465 3531 66
483 3465 653 3543 Romam,
677 3463 807 3529 addidit
825 3486 1038 3543 rumorem3
1062 3488 1136 3528 nam
1156 3467 1335 3549 praebere

182 3575 376 3639 rumorem
399 3574 647 3638 adducentis
671 3572 752 3636 dure
777 3573 899 3635 dicitur
922 3594 1029 3655 neque
1053 3573 1093 3637 de
1117 3596 1248 3640 rumore
1267 3578 1336 3659 agi·

193 3670 385 3749 1116661116
409 3681 541 3748 obiecta
563 3681 666 3745 oculis
690 3688 723 3744 et
745 3681 864 3744 animis
882 3681 1000 3762 specie,
1025 3683 1116 3745 cuius
1136 3685 1332 3765 significatio
1351 3700 1421 3766 (310)

202 3770 375 3872 ’61161666
392 3790 525 3855 nomine
543 3789 636 3852 latet.
672 3788 794 3871 Neque,
814 3788 975 3870 quidquid
994 3796 1152 3863 tentatur,
1171 3812 1335 3855 666666-

210 3885 299 3959 lorea
333 3896 500 3962 excidio
534 3898 719 3979 (tamquam
753 3895 824 3976 reo)
864 3895 1014 3960 adduci
1050 3906 1138 3962 recte
1173 3898 1335 3979 dicuntur,

215 3993 304 4065 redum
319 4005 477 4070 excidio
502 4025 547 4068 ac
569 4004 680 4081 viris,
705 4023 809 4083 neque
827 4001 874 4066 illi
891 4003 1042 4069 homines
1061 4006 1222 4070 excidium
1241 4028 1335 4071 accu-

220 4104 293 4169 ⁸²luri
310 4120 412 4190 erant,
444 4112 503 4177 sed
524 4112 602 4175 victi
625 4112 784 4175 victorum
809 4112 976 4175 saevitiam.
1034 4114 1104 4177 Hoc
1128 4116 1240 4177 vitium
1264 4136 1337 4179 sen-

221 4208 539 4285 1111161661666111161
563 4218 696 4284 sublata
720 4219 883 4301 particula
907 4240 966 4285 66,
996 4242 1068 4300 qua·
1092 4243 1129 4283 ex
1154 4242 1171 4282 o
1196 4222 1240 4303 16)
1265 4229 1337 4287 616

222 4320 356 4391 seminatis
384 4334 459 4394 6116
486 4333 546 4392 661.
603 4326 819 4390 Scribendum
855 4336 904 4390 est
935 4328 1021 4389 enim
1050 4329 1112 4391 ita:
1147 4329 1226 4393 Hac
1258 4333 1336 4396 cir·
