2994 5108
697 470 762 533 283
1005 492 1008 498 ’
1135 480 1305 538 bium

149 651 308 735 diffiteor,
342 653 616 741 supplicationem
642 654 829 720 iunioribus
857 652 1018 719 indictam
1044 653 1150 735 magis
1172 653 1305 736 placere

151 780 252 846 quum
272 762 525 843 lectisternium,
554 761 644 848 quod
665 761 857 827 sacerdotes
879 761 1058 843 curabant3
1087 759 1189 827 semel
1210 781 1305 826 sena·

149 875 240 935 tores
274 869 380 937 lectos
414 871 571 936 stravime
602 870 742 953 legimus
764 867 887 952 (XXII,
918 868 960 951 1).
1016 866 1048 952 (ἓ
1072 872 1090 932 7
1116 868 1306 934 necessario

150 975 362 1043 scribendum
395 998 482 1044 nam
510 977 585 1062 (pro
613 976 706 1058 iam)
740 977 921 1061 primum
975 975 1183 1060 Explicatur,
1216 975 1306 1060 quod

151 1084 374 1167 significatum
406 1085 551 1151 breviter
583 1092 669 1165 erat,
702 1105 768 1150 nou
800 1084 963 1150 transitur
1001 1083 1045 1148 ad
1076 1104 1194 1149 novam
1225 1103 1304 1149 rem.

150 1191 269 1273 ΗΜ,
295 1198 322 1274 1,
347 1199 364 1259 1
388 1193 500 1260 livius
522 1214 544 1259 a
565 1193 733 1276 prooemio
757 1191 929 1276 adipeam
951 1213 1021 1257 rem
1042 1192 1173 1257 transit.
1199 1190 1305 1273 1862.)

602 1383 694 1466 Lib.
729 1381 862 1465 XXII.

235 1512 315 1598 (lap.
340 1519 373 1595 1,
405 1518 460 1595 lc,
487 1514 547 1580 ubi
575 1517 610 1580 in
638 1515 664 1578 P
691 1521 744 1580 est
775 1512 890 1579 cordi
918 1534 1008 1579 esse
1038 1512 1188 1591 divinis
1216 1533 1304 1578 car·

150 1622 329 1687 minibus
361 1622 653 1706 proferentur,
688 1623 844 1706 quoniam
867 1642 956 1687 esse
985 1620 1090 1686 divis
1114 1627 1148 1687 et
1170 1620 1305 1705 profa-

152 1735 294 1795 rentur
310 1728 369 1795 alii
383 1730 610 1810 restituerunt,
626 1729 816 1814 praepositio
833 1734 940 1793 restat
956 1728 1108 1794 addenda
1119 1727 1151 1810 (c
1168 1729 1305 1793 earmi-

151 1836 296 1919 nibus).
323 1836 438 1920 Neque
461 1838 548 1902 enim
570 1836 745 1902 decemuiri
765 1835 915 1901 versibus
937 1836 1166 1921 loquebantur,
1189 1836 1248 1902 sed
1265 1858 1305 1902 ex

152 1942 250 2010 libris
273 1950 309 2010 et
330 1943 529 2010 carminibus
551 1942 748 2028 prodebant,
771 1964 844 2025 quae
866 1944 914 2008 ibi
935 1943 1094 2025 legerant.
1139 1941 1261 2026 (1862.)

236 2048 318 2136 Gap.
342 2055 372 2132 2,
396 2055 416 2116 8
438 2057 473 2116 et
494 2055 513 2116 9
536 2050 618 2117 nihil
640 2050 721 2116 mihi
742 2050 894 2116 relictum
918 2056 1015 2130 esset,
1039 2050 1129 2135 quod
1152 2051 1305 2116 emenda·

153 2178 235 2239 rem,
268 2158 298 2223 si
325 2158 611 2225 Weissenbornius
639 2157 804 2224 obiectam
831 2159 942 2223 animo
971 2159 1114 2242 speciem
1142 2158 1305 2224 tenuisset

152 2263 371 2349 limassetque.
434 2263 598 2331 Scribitur
636 2267 723 2332 enim
756 2267 805 2332 sic
838 2266 879 2331 de
911 2265 1109 2332 Hannibalis
1142 2266 1304 2332 militibus

152 2372 367 2439 inundatione
399 2393 590 2458 camporum
616 2374 758 2439 Etruriae
791 2374 933 2439 vexatis:
969 2371 1092 2451 Quum
1118 2409 1163 2420 —
1191 2373 1304 2454 nihil,

152 2479 223 2576 ubi
253 2480 295 2545 in
331 2481 439 2547 sicco
477 2478 594 2546 fessa
627 2485 865 2546 sternerent
898 2502 1085 2565 corpora,
1125 2482 1305 2546 inveniri

153 2593 306 2671 posset,
341 2588 569 2654 cumulatis
601 2589 640 2652 in
678 2608 806 2673 aquas
841 2589 1016 2654 sarcinis
1045 2589 1216 2673 insuper
1243 2589 1304 2653 in·

153 2694 410 2775 cumbebant3
446 2697 715 2763 iumentorum
752 2696 904 2760 itinere
943 2701 1031 2762 toto
1065 2701 1389 2779 prostrato-(2³1)

153 2822 237 2867 rum
257 2803 395 2867 acerui
416 2808 587 2883 tantum,
614 2803 722 2887 quod
745 2808 930 2868 exstaret
952 2822 1066 2886 aqua,
1090 2804 1304 2885 quaerenti·

152 2906 225 2975 bus
257 2909 307 2975 ad
339 2909 520 2994 quietem
552 2912 668 2994 parvi
702 2911 900 2994 temporis
928 2911 1208 2976 necessarium
1236 2930 1304 2976 cu·

153 3012 233 3082 bile
260 3015 428 3083 dabant.
478 3016 552 3082 Duo
582 3025 722 3101 apparet
744 3018 902 3100 distingui
924 3017 1153 3102 requiescendi
1174 3038 1305 3100 genera,

154 3142 250 3209 super
282 3123 468 3189 cumulatas
501 3125 648 3190 sarcinas
681 3131 716 3190 et
748 3146 849 3209 super
877 3126 1098 3190 iumentorum
1125 3125 1304 3206 cadavera,

155 3230 209 3296 sed
230 3231 282 3296 sio
301 3237 472 3311 narratur,
499 3238 659 3315 tanquam
680 3232 807 3311 iisdem,
835 3233 893 3315 qui
916 3232 1063 3296 sarcinas
1086 3231 1305 3311 cumularent,

154 3333 299 3403 iumenta
321 3336 430 3403 cubile
452 3339 662 3422 prebueriut.
707 3339 779 3404 Hoc
801 3339 1028 3404 animaduerso
1047 3340 1206 3405 orationis
1224 3340 1304 3406 uitio

155 3441 305 3510 butorus
332 3451 410 3511 ante
438 3447 712 3512 iumentorum
736 3446 916 3512 desiderari
938 3445 1000 3511 vel
1023 3448 1171 3530 scripsit;
1198 3447 1305 3512 Weis-

156 3550 367 3633 senboruius,
401 3550 601 3619 orationem·
618 3555 690 3620 sine
718 3554 794 3619 alii
821 3554 873 3619 rel
900 3559 970 3618 aut
999 3553 1080 3618 dure
1109 3556 1304 3620 continuari.

155 3652 313 3725 Nimirum
345 3659 380 3725 id
412 3660 521 3745 ipsum
548 3667 619 3725 aut
646 3660 888 3726 restituendum
916 3667 981 3740 est,
1014 3662 1234 3746 interceptum
1262 3662 1305 3728 ob

156 3766 251 3831 trium
285 3771 508 3833 extremarum
535 3768 722 3834 litterarum
750 3768 844 3834 verbi
870 3768 1163 3834 incumbebant
1191 3769 1305 3834 simili·

157 3872 301 3939 udinem
324 3873 647 3956 (incumbebant,
675 3882 738 3938 aut
765 3877 1059 3958 iumentorum).
1106 3875 1201 3954 Quod
1222 3870 1305 3958 pr'ae-

159 3982 246 4046 terea
279 3980 429 4047 dicturus
462 4003 568 4063 eram,
606 3982 817 4072 scribendum
856 4003 927 4048 esse
966 3982 1099 4049 sublata
1136 3982 1257 4047 litterae
1290 4003 1306 4044 s

159 4089 391 4166 geminatione:
431 4088 650 4157 cumulatis
689 4090 731 4154 in
764 4110 867 4172 aqua
899 4091 1092 4169 sarcinis,
1132 4089 1306 4172 occupavit

158 4186 331 4263 Fiuelshius
353 4195 526 4278 (Zeitschr.
549 4196 571 4262 f.
595 4197 626 4263 d.
649 4197 937 4263 Alterthumswiss.
964 4201 1044 4261 1855
1068 4219 1100 4280 p.
1126 4194 1210 4277 168).
1261 4195 1305 4260 In

160 4315 276 4385 aquas
311 4303 473 4370 cumulari
506 4303 649 4370 fortasse
683 4304 748 4370 diei
783 4310 937 4388 possent,
971 4324 1044 4387 quae
1072 4304 1105 4367 in
1133 4302 1304 4369 conclusas
