2994 5108
697 494 758 555 639
1135 508 1197 562 Lib.
1216 506 1300 562 xn11.

152 699 277 760 quam,
303 679 399 762 quid
421 680 460 743 in
483 685 661 763 praetura
682 679 883 743 iuraverit
905 678 938 742 P.
958 679 1157 758 Licinius,
1179 681 1301 744 anim·

152 786 444 852 advertendum
468 794 640 852 censeat.
687 785 734 851 Se
756 795 886 852 tamon
915 787 1095 853 futurum
1122 789 1163 853 in
1186 809 1301 853 sena·

151 901 216 961 tus
245 902 466 980 potestate.
517 894 624 978 Negat
645 903 735 960 recte
757 896 809 960 ius
833 896 1005 961 iurandum
1027 896 1154 980 neglegi
1186 918 1300 980 posse3

152 1007 284 1070 senatui
307 1014 417 1069 tamen
440 1004 623 1069 committit.
657 1004 778 1069 Fateor
799 1012 918 1084 tamen,
940 1006 1114 1070 rectiorem
1137 1003 1206 1070 fore
1225 1025 1301 1070 con·

151 1113 290 1178 dicionis
313 1113 461 1185 formam,
485 1115 513 1177 si
536 1113 582 1176 sic
605 1112 784 1177 scribatur:
808 1134 892 1195 quae
914 1135 990 1179 non
1010 1149 1053 1159 -—
1075 1119 1186 1178 recte
1205 1113 1301 1178 fieri

150 1242 286 1305 posse,
310 1221 387 1284 nlsl
410 1222 464 1303 (ni
487 1242 546 1303 pro
569 1227 613 1284 nt
634 1221 667 1284 in
692 1222 873 1303 possent)
898 1229 1077 1301 senatus,
1107 1220 1206 1304 quid
1227 1242 1255 1284 v.
1279 1222 1299 1287 i.

152 1350 191 1407 o.‚
226 1331 364 1413 potius
399 1336 471 1407 oet,
505 1335 544 1393 ut
577 1349 651 1393 cum
684 1329 924 1413 improbatione
959 1331 1143 1414 excipiatur
1176 1330 1301 1413 aliquid

149 1437 275 1519 (uisi);
300 1439 477 1523 depravato
501 1439 581 1501 nisi
610 1436 758 1501 additum
786 1437 958 1520 putabitur
991 1461 1076 1503 non.
1122 1437 1228 1503 Unum
1249 1459 1300 1503 rc·

149 1553 231 1626 stat3
264 1568 340 1611 nam
363 1569 421 1630 pro
445 1546 570 1611 vellet
593 1547 626 1609 in
649 1544 711 1611 hac
734 1547 893 1610 orationis
922 1545 1028 1611 forma
1061 1545 1153 1626 (nisi
1182 1568 1299 1612 sena·

149 1662 229 1727 tus,
255 1656 353 1739 quid
375 1691 425 1734 —-,
449 1653 851 1719 animadvertendum
880 1655 1059 1734 censeat)
1083 1661 1116 1719 et
1138 1654 1200 1720 hac
1223 1677 1299 1719 con-

153 1765 330 1828 trariorum
355 1762 593 1847 compositione
618 1761 727 1845 (quid
750 1761 878 1827 vellet
901 1798 941 1807 -
965 1763 1060 1846 quid
1084 1764 1298 1844 iuraverit)

148 1873 335 1936 necessario
370 1871 612 1936 restituendum
645 1877 696 1935 est
725 1870 869 1951 velit.¹)
915 1870 981 1935 Sub
1005 1871 1102 1935 finem
1126 1873 1243 1955 capitis
1265 1873 1298 1936 in

149 1978 200 2044 his
224 1979 331 2044 verbis
355 1978 385 2062 (ξ
410 1979 457 2059 7);
492 1978 618 2056 Quum
641 1977 799 2041 tribuni
824 1968 995 2043 militum
1019 1981 1298 2058 centuriones,

149 2087 223 2152 sed
244 2089 413 2171 primum
438 2106 639 2169 quemque,
663 2087 852 2165 citarent,
876 2094 958 2151 tres
983 2094 1021 2150 et
1042 2088 1190 2170 viginti
1214 2110 1298 2152 cen-

147 2197 349 2273 turiones,
374 2196 439 2279 qui
463 2195 613 2279 primos
636 2193 747 2278 pilos
776 2195 988 2268 duxerant,
1021 2197 1138 2260 citati
1168 2196 1294 2260 tribu·
1312 2205 1384 2274 (528)

148 2325 221 2371 nos
255 2304 388 2388 plebis
423 2303 702 2387 appellarunt,
736 2310 824 2368 recte
859 2302 1029 2368 Creverius
1058 2303 1297 2382 animadvertit,

148 2413 321 2499 particulae
352 2412 421 2476 sed
450 2412 557 2476 locum
586 2433 650 2476 uon
681 2433 767 2492 esse;
796 2411 858 2475 hoc
891 2413 962 2496 ipso
986 2412 1131 2477 homines
1155 2411 1298 2477 offende-

146 2521 277 2597 bantur,
300 2520 387 2603 quod
411 2523 618 2585 centuriones
641 2521 766 2604 primus
785 2522 923 2602 quisque
947 2521 1135 2597 citarentur,
1158 2520 1220 2585 hoo
1238 2528 1296 2602 est,

147 2630 304 2694 continua
327 2629 424 2700 serie,
449 2628 539 2693 nullo
570 2628 765 2706 discrimine,
789 2647 871 2711 quos
895 2631 1031 2710 quisque
1049 2636 1146 2693 antea
1168 2629 1299 2693 ordines

146 2737 295 2802 duxisset
319 2736 405 2815 (vicl,
427 2730 500 2820 quae
520 2736 559 2800 de
579 2735 815 2818 significatione
839 2737 1010 2801 verborum
1029 2738 1171 2819 primus
1195 2737 1297 2819 quis-

147 2866 227 2931 que
251 2847 389 2928 exposui
413 2845 455 2908 ad
479 2843 545 2908 Cic.
564 2844 687 2922 Fimll,
711 2848 750 2907 32
774 2866 804 2926 p.
825 2844 909 2925 318).
945 2843 1053 2909 Cortex
1075 2843 1190 2908 habet:
1215 2866 1298 2908 eum

143 2959 191 3018 tr.
216 2952 295 3017 mil.
320 2955 388 3036 qui
413 2954 674 3017 centuriones
693 2952 761 3016 secl
779 2954 951 3034 primum
970 2973 1175 3036 quemque.
1211 2951 1296 3015 Scri-

143 3061 288 3127 bendum
312 3068 377 3125 est:
413 3082 530 3143 quum
560 3060 715 3124 tribuni
743 3060 833 3138 mil,
859 3061 926 3142 qui
950 3061 1213 3124 centuriones
1237 3081 1296 3123 cs-

144 3177 252 3248 sent,
276 3170 445 3253 primum
467 3188 666 3251 quomque
691 3167 879 3232 citarent.
925 3167 1056 3232 Erroris
1079 3169 1170 3250 origo
1194 3188 1233 3232 ex
1256 3189 1297 3232 es

144 3277 247 3344 semel
270 3277 393 3361 scripto
416 3276 591 3341 manifesta
614 3282 673 3340 est.
720 3272 799 3356 [Cur
822 3283 959 3340 essent
983 3275 1094 3340 Livius
1117 3276 1295 3358 scripserit,

140 3406 209 3451 non
233 3385 426 3463 fuissent,
458 3385 581 3448 dictum
605 3393 655 3449 est
677 3386 710 3448 in
732 3383 836 3461 libro,
860 3384 911 3447 cui
934 3384 1067 3448 titulum
1090 3383 1151 3448 feci
1180 3382 1296 3449 Kleine

141 3493 300 3580 philolog.
325 3492 499 3570 Schriften,
522 3514 552 3575 p.
578 3495 639 3556 516
662 3514 692 3556 n.
716 3499 802 3574 etp.
827 3494 888 3555 522
912 3490 998 3576 sqq]

231 3599 309 3685 Cap.
333 3605 382 3681 33,
409 3606 442 3664 1:
465 3600 519 3664 Eo
544 3599 599 3681 (ad
619 3599 776 3664 subsellia
793 3600 1014 3682 tribunorum)
1031 3601 1074 3666 M.
1093 3599 1295 3684 Popillius

137 3708 380 3775 consularis
404 3710 643 3787 advocatus,
668 3708 930 3774 centuriones
954 3715 995 3773 et
1017 3709 1161 3774 consul
1185 3729 1296 3772 vane·

133 3823 247 3883 runt.
287 3816 577 3882 Enumerationem
595 3817 628 3880 in
647 3815 865 3880 membrorum
890 3818 1120 3882 coniunctione
1143 3818 1296 3881 vitiosam

167 4019 195 4088 ¹)
213 4018 230 4090 ξ
249 4020 265 4074 ὅ
282 4037 340 4073 non
361 4018 483 4074 debebat
501 4018 677 4089 Kreyssigius
705 4019 833 4073 dubitare
867 4020 935 4088 quin
957 4020 986 4074 in
1007 4019 1061 4074 hac
1085 4018 1188 4074 codicis
1213 4019 1296 4087 scrip-

211 4109 288 4160 tura:
311 4104 487 4159 Dilectum
512 4105 673 4158 consules
696 4104 808 4158 multo
834 4105 1067 4159 intentiorem
1091 4122 1210 4158 euram
1235 4104 1295 4156 ha-

210 4186 343 4246 bebant
365 4207 422 4243 non
441 4193 499 4243 tam
522 4190 678 4245 dilectus
707 4208 790 4258 quam
818 4191 1021 4243 intentiore
1048 4190 1296 4243 curarestituen·

211 4275 276 4330 dnm
295 4281 376 4329 esset.
414 4274 477 4329 Non
496 4293 590 4330 curam
609 4275 728 4329 dilectus
748 4275 875 4330 consules
894 4274 1049 4342 habebant,
1074 4276 1123 4328 sed
1141 4275 1232 4344 ipsum
1257 4274 1296 4327 di·

210 4361 316 4417 lectum
333 4359 488 4416 intentiore
507 4366 556 4415 aut
572 4362 731 4415 remissiore
750 4379 824 4415 cura.
