2994 5108
704 463 767 526 459

160 648 286 713 minuta
312 667 380 713 non
408 645 458 710 ita
484 666 592 730 pauca
617 648 719 712 tacite
748 647 870 713 codicis
897 648 1083 731 Moguntini
1112 651 1311 714 auctoritate

158 755 310 835 correxit,
333 773 407 838 quae
430 774 508 819 sane
531 774 597 818 non
618 754 740 838 ubique
764 761 852 819 certo
876 777 896 819 a
918 756 1113 820 coniecturis
1132 756 1309 821 discernas.
1425 783 1429 790 ·

157 860 222 928 Sed
256 866 385 941 tamen,
420 868 458 925 ut
490 861 552 926 hoc
581 867 672 940 utar,
705 861 859 943 XXXIV,
893 867 951 942 41,
985 868 1005 925 4
1034 884 1128 927 nemo
1159 864 1310 928 dubitare

156 969 274 1053 possit,
307 969 387 1051 quin
413 988 479 1032 non
506 967 613 1034 solum
642 975 742 1033 et-
767 975 980 1052 tyrannus,
1014 970 1102 1054 quod
1131 969 1196 1053 legi
1218 970 1311 1035 iubet

156 1074 317 1160 („legc“),
354 1075 412 1141 scd
452 1076 552 1140 etiam
592 1076 829 1158 prabebant
862 1099 922 1161 pro
955 1076 1181 1161 praebebat,
1222 1078 1309 1160 quod

155 1184 256 1248 tacite
279 1185 404 1267 posuit,
434 1204 451 1246 e
473 1182 508 1246 M
530 1185 721 1266 sumpserit,
750 1205 849 1265 quum
880 1191 1056 1268 utrumque
1078 1184 1105 1248 B
1129 1183 1308 1250 confirmet.

153 1288 225 1355 Hoc
256 1295 368 1355 autem
401 1284 596 1368 constituto,
635 1312 699 1354 non
735 1293 838 1374 magis
874 1290 1091 1355 dubit-andum
1122 1300 1188 1369 est,
1229 1293 1308 1376 quin

154 1396 292 1476 XXXV,
321 1402 377 1476 28,
408 1403 426 1460 6
456 1397 564 1463 foret
591 1420 650 1481 pro
674 1405 782 1462 esset
807 1398 962 1463 Gelenius
987 1420 1050 1462 non
1074 1399 1174 1462 animi
1198 1419 1307 1476 causa,

154 1505 213 1570 sed
247 1526 268 1569 a
300 1505 334 1569 M
367 1507 510 1570 monitus
544 1507 707 1589 posuerit,
746 1509 808 1570 etsi
842 1506 873 1569 h.
903 1507 923 1570 l.
954 1506 980 1568 B
1009 1527 1072 1569 uon
1107 1505 1305 1587 adiungitur.

154 1610 219 1677 Sed
240 1611 397 1691 XXXIII,
428 1619 484 1692 47,
514 1617 655 1691 3nunc,
690 1636 766 1678 vera
795 1615 958 1696 script-ura
980 1619 1125 1696 reperta,
1160 1622 1306 1695 apparet,

152 1720 240 1805 quod
268 1720 302 1784 in
330 1719 408 1785 edit.
431 1720 516 1802 Mog.
546 1741 735 1802 expressum
760 1730 846 1795 orat,
881 1722 1056 1785 extortis
1079 1722 1110 1784 in
1135 1721 1185 1784 ed.
1209 1719 1305 1784 Frob.

152 1825 258 1892 altera
287 1829 478 1893 coniectura
505 1849 607 1911 prava
631 1829 662 1892 in
686 1835 852 1893 extorto
876 1836 1036 1892 mutatum
1061 1849 1142 1892 esse.
1199 1828 1304 1910 Atque

151 1933 255 2015 illam,
285 1956 384 2019 quam
407 1936 483 2013 dixi,
512 1935 702 1999 brevissime
725 1936 905 2000 adnotandi
928 1937 1122 2000 varietatem
1145 1943 1178 1999 et
1200 1935 1303 1999 arnbi-

151 2042 311 2126 gnitatem
344 2042 473 2123 („vetus
508 2065 534 2106 r.
565 2045 701 2126 antiqua
741 2044 878 2117 lectio“,
916 2042 1043 2123 „lege“,
1079 2043 1302 2125 ‚‚legeudum“.

154 2149 236 2231 „legi
269 2149 406 2227 debes,
438 2151 579 2233 „legitur
608 2152 765 2223 rectius“‚
805 2150 1066 2228 „restituimus“,
1099 2149 1299 2228 „redundat“

150 2255 212 2322 hoc
233 2265 268 2322 et
289 2256 361 2336 hoc,
386 2260 513 2336 ,nescio
537 2259 610 2341 quis
633 2258 749 2321 hocin
774 2257 836 2321 hoc
861 2258 1083 2340 depravavit“,
1106 2257 1197 2337 cett.)
1221 2249 1300 2320 nihil

150 2363 239 2429 aliud
266 2364 450 2448 significare
480 2368 543 2430 nisi
572 2365 693 2430 codicis
722 2367 935 2448 scripturam,
972 2366 1106 2428 infinitis
1133 2366 1214 2429 locis
1244 2386 1301 2447 ap-

151 2475 259 2553 paret,
293 2471 326 2534 in
349 2472 468 2556 quibus
491 2473 577 2538 idern
601 2480 658 2536 aut
681 2475 713 2536 in
737 2472 810 2535 aliis
835 2472 984 2535 omnibus
1008 2472 1175 2537 codicibus
1199 2471 1299 2553 (quod

151 2596 241 2642 error
268 2578 449 2643 editionum
478 2580 718 2662 corrigebatur)
742 2588 798 2643 aut
822 2582 854 2643 in
878 2580 903 2643 B
928 2588 985 2643 aut
1009 2581 1150 2663 denique
1174 2581 1206 2643 in
1230 2580 1301 2662 ipsa

151 2680 324 2751 Garbachii
346 2688 560 2751 adnotatione
583 2689 755 2770 reperitur,
784 2688 873 2752 velut
896 2689 927 2749 iu
952 2709 1015 2751 uno
1039 2689 1148 2770 capite
1171 2686 1299 2761 XXXV,

153 2796 188 2856 19
211 2800 278 2873 ter3
306 2815 383 2858 nam
406 2792 422 2876 ἓ
445 2800 465 2857 4
488 2801 521 2858 et
545 2800 563 2858 5
588 2795 752 2873 („rctusta
775 2797 939 2877 scriptura
961 2796 1163 2858 inveniam
1185 2795 1296 2857 tot0“

150 2906 181 2965 a
211 2921 346 2984 ,quam
375 2900 572 2981 redundat“)
597 2910 631 2967 et
653 2902 679 2966 B
702 2910 735 2967 et
758 2903 906 2985 vulgares
931 2903 1160 2966 :ulsentiuntur
1183 2908 1216 2962 et
1239 2898 1255 2980 §
1280 2904 1297 2960 6

151 3005 247 3091 („legi
270 3007 369 3073 debet
391 3009 528 3087 alium,
558 3032 641 3074 curu
671 3031 745 3091 quo
775 3009 1017 3090 deliberes“)
1042 3008 1180 3083 aliurn,
1210 3006 1297 3087 quod

151 3100 200 3179 in*
220 3117 338 3180 ceteris
377 3117 544 3181 codicibus
585 3117 690 3196 deest,
732 3118 832 3181 etiarn
867 3115 1069 3180 (larbechius
1110 3117 1196 3178 inter
1230 3113 1296 3177 alia

152 3224 292 3289 enotavit
326 3245 343 3288 e
376 3223 424 3302 M,
464 3225 521 3289 sed
562 3225 662 3289 editio
696 3226 889 3306 Illoguntiua
923 3223 1119 3306 neglexerat.
1181 3222 1297 3302 ltaque

152 3333 246 3395 etiam
274 3329 292 3415 ᾗ
320 3337 338 3396 6
368 3331 467 3413 („odi
502 3334 674 3415 odioque
709 3356 791 3397 sum
821 3333 884 3415 legi
915 3332 1046 3408 delae)
1076 3354 1142 3395 non
1172 3333 1297 3394 coniec-

152 3443 221 3503 tura
254 3438 449 3517 adnotatur,
483 3440 545 3505 etsi
581 3443 770 3505 coniectura
803 3463 869 3504 non
904 3439 1030 3503 difficili
1063 3440 1201 3504 inveniri
1234 3439 1297 3502 hoc

152 3555 291 3628 poterat,
326 3547 384 3613 scd
412 3547 597 3631 MoguutIni
633 3551 796 3632 scriptura
826 3549 945 3612 ceteris
976 3548 1029 3611 hic
1057 3567 1187 3631 quoque
1215 3547 1296 3610 inte·

148 3656 272 3735 grioris
327 3654 417 3719 Nihil
448 3658 595 3738 apertius
624 3658 656 3720 in
687 3657 749 3720 hoc
777 3679 895 3739 genere
924 3676 1023 3738 quarn
1046 3654 1116 3718 haec
1140 3676 1166 3717 c.
1193 3658 1249 3731 13,
1279 3659 1296 3715 5

148 3760 181 3824 in
200 3763 333 3827 nomine
356 3763 447 3827 urbis
470 3764 610 3828 obscura
632 3764 790 3827 brevitas:
824 3763 1019 3845 „Solga1n,
1049 3783 1113 3826 non
1137 3761 1296 3839 Sica1n“,

138 3866 201 3933 ubi
222 3890 373 3953 perverse
396 3871 583 3934 coniectura
606 3872 764 3955 quaeritur
787 3869 876 3935 aliud
899 3892 1018 3934 nomen
1041 3892 1101 3952 pro
1124 3869 1295 3951 aptissimo

137 3974 189 4040 ab
220 3977 345 4061 optimo
380 3977 492 4042 codice
527 3978 648 4042 oblato.
710 3978 867 4059 Adeoque
901 3978 962 4040 boc
997 3973 1048 4042 cst
1083 3982 1224 4051 certum,
1258 3982 1296 4038 ut

136 4102 176 4147 c.
197 4088 252 4164 17,
283 4088 317 4162 3,
346 4083 402 4148 ubi
426 4082 629 4150 carbachius
652 4110 669 4149 e
693 4085 804 4149 codice
828 4087 973 4150 enotavit
996 4106 1040 4149 eo
1066 4104 1132 4166 spe
1156 4083 1296 4165 gratiae

135 4192 273 4259 lnaior
301 4192 395 4269 erit,
428 4191 583 4257 Gelenius
611 4200 722 4257 autem
744 4194 813 4257 brec
836 4192 1025 4275 adscripsit:
1064 4191 1168 4273 „Lege
1193 4211 1294 4273 spes,

133 4312 207 4365 lion
235 4298 339 4383 spe“,
371 4320 436 4365 non
459 4298 634 4365 Garbachii
663 4300 818 4365 iudicium
847 4301 994 4365 codicem
1018 4299 1203 4382 sequentis,
1237 4296 1296 4361 sed
