2994 5108
224 491 287 545 Lib.
304 490 364 544 XL.
774 479 835 539 590

224 663 297 727 dem
314 663 442 728 inclusa
459 684 524 747 quo
547 664 745 746 pertineant,
767 662 987 744 intellegitur3
1016 657 1382 744 plusquamperfectum

223 773 308 836 enim
331 773 532 855 superiorem
555 772 651 836 domo
670 771 907 855 profectionem
925 768 1109 852 significare
1126 768 1264 847 ridetur,
1283 769 1384 832 cuius

222 881 284 945 hoc
306 880 378 944 loco
402 880 693 944 commemorandae
711 879 803 944 nulla
821 879 955 943 minima
973 898 1075 943 causa
1095 884 1158 958 est;
1181 897 1242 940 nec
1259 877 1381 941 domo

222 990 329 1054 omitti
353 995 498 1072 poterat;
521 1009 608 1052 nunc
632 1009 688 1054 eos
712 995 788 1072 post
811 987 1082 1053 deliberationem
1106 983 1266 1051 Clondico
1292 984 1381 1048 duce

221 1100 254 1162 in
277 1097 480 1162 Dardaniam
503 1096 668 1179 profectos
702 1118 783 1176 esse,
818 1117 883 1160 non
910 1102 1042 1179 poterat
1076 1096 1143 1160 isto
1173 1094 1271 1159 modo
1303 1092 1383 1157 dici.

221 1205 405 1289 Sumpserat
429 1205 556 1269 Livius:
580 1205 772 1288 Triginta
793 1205 924 1269 millia
941 1203 1157 1298 hominum,
1177 1201 1384 1266 Clondico

133 1327 204 1396 (483)
224 1313 335 1391 duce,
359 1332 428 1390 quo
446 1314 620 1396 proiecti
639 1322 767 1393 erant,
786 1319 1069 1398 pervenerunt,
1087 1312 1223 1391 hocest,
1240 1312 1276 1376 in
1294 1310 1382 1374 Dar·

222 1423 361 1497 daniam,
372 1443 471 1504 quam
483 1422 524 1487 ab
538 1423 631 1487 initio
641 1425 808 1506 petierant
815 1423 1005 1504 itinerisque
1014 1420 1112 1485 finem
1120 1428 1382 1504 proposuerant.

158 1606 161 1613 ,
220 1531 346 1595 Deinde
376 1553 436 1614 pro
459 1530 747 1613 Appolloniam
779 1531 1044 1596 meridianam
1073 1531 1105 1594 in
1136 1529 1214 1593 edit.
1237 1527 1382 1593 Frobl

222 1639 291 1702 sine
320 1638 388 1702 ulla
418 1637 653 1721 probabilitate
687 1640 901 1705 substitutum
935 1645 1000 1703 est:
1035 1636 1382 1702 Transdanubia·

220 1768 308 1810 nam
341 1748 563 1829 regionem,
592 1733 980 1830 posteaque'servatum²
1008 1748 1071 1811 nisi
1095 1746 1182 1829 quod
1207 1745 1381 1809 Weissen-

221 1854 356 1918 bornius
380 1854 639 1938 Apolloniam
674 1857 1008 1922 mediterraneam
1037 1856 1247 1938 regionem
1272 1854 1381 1936 scrip·

218 1964 270 2042 sit,
293 1963 373 2045 quid
398 1963 459 2027 sub
482 1963 743 2047 Apolloniam
766 1966 899 2044 lateret,
923 1968 1074 2046 ignorare
1098 1985 1133 2028 se
1156 1962 1266 2027 fassus
1292 1960 1377 2026 obli-

216 2078 351 2154 tusque,
386 2071 587 2136 Dardaniam
620 2094 685 2136 non
717 2075 827 2138 minus
856 2073 1132 2138 mediterraneam
1159 2070 1280 2149 fuisse,
1309 2089 1376 2133 nec

217 2181 348 2244 omnino
361 2180 446 2244 ullos
458 2181 693 2245 Bastarnarum
706 2180 748 2244 ad
760 2202 850 2246 mare
869 2202 1063 2265 progressos
1081 2181 1192 2245 fuisse.
1217 2178 1374 2244 Scriben-

217 2285 294 2350 dum
316 2292 398 2365 erat,
424 2288 554 2353 excluso
577 2291 689 2372 inepto
708 2289 954 2373 supplemeut03
979 2288 1216 2366 aquiloniam
1239 2288 1374 2370 regio-

215 2416 302 2459 nem
324 2396 505 2477 repetiit.
541 2397 591 2460 Ab
615 2398 768 2479 aquilone
792 2400 877 2462 enim
900 2399 933 2461 in
956 2397 1185 2462 Macedoniam
1208 2403 1242 2460 et
1265 2394 1372 2459 Thra·

216 2503 299 2566 ciam
322 2503 568 2568 descenderant.

302 2609 380 2693 Cap.
406 2616 454 2690 59,
483 2617 501 2675 8
530 2613 577 2693 (in
611 2615 837 2697 prodigiorum
871 2614 1197 2694 commemoratione)
1232 2612 1299 2676 etsi
1332 2612 1372 2690 ia,

215 2718 273 2801 qui
305 2718 408 2782 Iulius
443 2719 635 2805 Obsequeus
673 2724 806 2801 dicitur,
841 2730 874 2787 et
901 2723 1006 2801 lana,
1035 2722 1123 2804 quod
1158 2723 1191 2784 in
1221 2721 1370 2784 editione

213 2827 407 2911 Moguntina
431 2836 490 2909 est,
514 2832 547 2893 in
571 2855 630 2895 suo
655 2832 765 2895 codice
788 2831 904 2895 habuit
927 2838 959 2894 ot
977 2832 1115 2895 eandem
1137 2831 1300 2895 orationis
1323 2829 1370 2891 in—

214 2939 475 3018 terpunctionem
496 2946 704 3016 arciuusest,
729 2940 874 3004 dubitari
891 2947 1001 3003 tamen
1021 2940 1144 3021 nequit,
1168 2939 1249 3023 quin
1271 2935 1369 3000 scribi

214 3044 347 3108 debeat:
372 3045 548 3126 lanxque
573 3068 656 3110 cum
679 3049 988 3128 integumentis,
1025 3072 1106 3130 quar
1138 3049 1217 3114 lori
1243 3066 1369 3129 appo·

214 3154 412 3233 aitafuit,
438 3154 592 3218 decidit
615 3156 659 3218 de
683 3178 823 3220 mensa.
870 3156 990 3221 Olcas
1021 3181 1179 3241 quoque
1214 3177 1370 3239 praegu·

213 3268 348 3326 stasse
372 3284 518 3342 mures,
542 3265 581 3326 iu
604 3261 839 3346 prodigium
863 3287 1022 3330 versum
1046 3275 1109 3331 est
1138 3267 1267 3348 (vulgoz
1304 3263 1369 3326 de-

213 3371 325 3433 cidit.
372 3371 424 3433 Do
448 3393 584 3435 mensa
607 3371 717 3434 oleas
742 3395 898 3454 quoque
922 3374 1008 3455 cet).
1049 3377 1158 3440 Lanu
1182 3398 1242 3457 pro
1266 3375 1368 3451 lana,

213 3498 285 3559 quae
307 3499 414 3559 nequo
438 3480 662 3560 integumenta
685 3480 787 3546 habct
810 3504 868 3546 uec
891 3483 923 3544 in
946 3504 1059 3547 mansa
1083 3485 1280 3568 apponitur,
1305 3480 1368 3545 Cu·

212 3585 284 3668 peri
307 3586 474 3649 inventum
504 3595 568 3666 est3
602 3595 726 3652 rectum
761 3591 920 3653 orationis
952 3591 1209 3672 distinctionem,
1246 3594 1274 3656 si
1303 3611 1369 3656 nou

210 3714 263 3756 res
286 3694 366 3774 ipsa,
391 3696 506 3756 saltem
525 3696 690 3776 particula
708 3718 811 3779 quoq
821 3720 865 3760 ue
888 3706 1073 3764 monstrare
1093 3702 1247 3765 ilabebat.
1285 3700 1368 3765 Cou-

211 3800 366 3881 iungatur
395 3802 456 3864 hoc
485 3803 636 3865 mondum
667 3805 888 3885 Obsequeutis
922 3814 1054 3872 aetatem
1082 3831 1264 3891 assequens
1295 3830 1368 3873 cum

210 3907 276 3987 illo,
312 3910 398 3990 quod
434 3911 466 3972 in
500 3909 563 3972 fine
598 3911 672 3973 libri
707 3912 845 3976 XXXVI
880 3914 944 3996 (45,
974 3916 1007 3996 9)
1042 3917 1138 3982 lastis
1175 3917 1367 3983 Cassiodori

214 4016 338 4096 {equulo
363 4025 420 4080 aut
444 4019 610 4099 :ultiquius
635 4020 876 4101 deprehensum
899 4029 956 4086 est.
