2994 5108
617 463 678 523 507
1015 476 1077 530 Lib.
1095 476 1219 532 XXXIV.

69 647 160 715 modi
182 668 351 725 numeros,
379 666 445 711 non
468 644 575 709 verbis
599 652 632 709 et
654 645 774 710 litteris
797 646 959 712 indicatos
981 645 1098 727 fuisse;
1132 670 1171 713 ex
1193 649 1219 713 L

69 754 171 840 (quod
187 756 222 820 in
240 762 349 820 vetere
366 753 471 818 forma
482 751 579 817 facile
591 752 714 835 potuit)
727 753 850 817 lactum
863 753 899 817 V.
935 752 1003 836 [Sic
1016 754 1219 839 Rupertius.]
1281 750 1284 757 ’

155 859 234 946 Cap.
267 867 321 940 54,
358 865 372 923 l
405 859 505 925 verba
534 858 619 924 haec:
659 858 832 925 Comitia
862 861 1075 926 consulum
1104 860 1219 929 luere

70 969 215 1055 quibus
239 968 368 1033 c'reati
392 973 485 1032 suut
507 976 569 1032 cet.
587 968 812 1033 inanissimam
831 967 1069 1034 abundantiam
1088 970 1220 1050 habere,

68 1076 322 1143 Forchhammer
360 1076 473 1139 sensit.
535 1073 666 1138 Excidit
704 1095 822 1140 nomen
864 1074 943 1140 diei:
985 1097 1078 1142 com.
1114 1098 1219 1143 cons.

68 1182 181 1250 fuere
204 1205 234 1249 a.
259 1183 318 1263 d.*,
340 1182 489 1265 quibus
513 1188 584 1246 cet.
636 1180 690 1245 Sic
711 1179 821 1259 habet,
847 1202 912 1267 quo
936 1183 1100 1249 referatur
1121 1185 1219 1254 illud:

72 1299 236 1376 postero
259 1290 333 1356 die.
379 1288 503 1369 (1863.)

154 1390 233 1483 Oap'.
258 1402 313 1476 58,
348 1401 366 1461 5
396 1396 444 1478 (iu
471 1394 714 1478 disceptatione
742 1396 926 1479 legatorum
951 1397 1104 1463 Antiochi
1134 1400 1220 1483 regis

72 1527 145 1573 cum
171 1506 207 1572 T.
231 1505 412 1584 Quinctio):
446 1503 659 1568 Enimvero
689 1504 728 1568 id
760 1505 903 1569 auditu
934 1507 1055 1571 etiam
1084 1506 1220 1572 dicere

71 1614 277 1697 indignum
311 1633 399 1677 esse
433 1611 691 1693 Hegesianax
726 1610 914 1693 (legationis
946 1613 1098 1678 Antiochi
1132 1615 1219 1697 prin-

71 1721 177 1806 ceps),
210 1719 393 1786 Thraciae
427 1725 465 1783 et
500 1715 745 1783 Chersonesi
779 1718 950 1784 urbibus
983 1723 1116 1785 arceri
1145 1723 1220 1786 An·

71 1829 265 1907 tiochum
300 1848 384 1912 quae
415 1824 609 1892 Seleucus
637 1846 812 1910 proavus
842 1826 948 1905 eius,
982 1826 1220 1911 Lysimacho

72 1958 162 2020 rege
200 1934 310 2000 bello
348 1935 458 1998 ricto
494 1939 533 1997 et
566 1933 607 1998 in
640 1935 727 1998 acie
762 1954 877 2015 caeso,
916 1956 988 2018 per
1027 1944 1306 2012 summumdov)

73 2044 190 2110 decus
213 2049 333 2126 parta
354 2041 590 2122 reliquerit,
624 2043 713 2124 pari
741 2062 825 2105 oum
854 2042 975 2106 laude
999 2044 1149 2125 partim
1172 2043 1221 2107 ab

71 2149 298 2224 Thracibus
337 2169 531 2232 possessa
569 2149 691 2212 armis
729 2150 936 2232 receperit
978 2149 1221 2228 Antiochus,

72 2261 221 2344 partim
251 2257 432 2334 deserta,
466 2257 572 2321 sicut
599 2256 726 2338 ipsam
748 2255 1060 2339 Lysimachiam,
1095 2264 1134 2322 et
1158 2279 1222 2322 re-

72 2367 228 2434 vocatis
265 2363 499 2430 cultoribus
527 2362 858 2444 frequentaverit
886 2372 939 2442 et,
973 2385 1058 2447 quae
1087 2372 1222 2429 strata

73 2475 205 2540 ruinis
234 2479 354 2554 atque
377 2469 583 2535 incendiis
607 2479 739 2549 erant,
769 2472 1005 2552 ingentibus
1028 2473 1222 2556 impensis

73 2580 359 2649 edificaverit.
404 2578 568 2657 Quattuor
590 2577 690 2642 verba
712 2579 777 2643 alio
802 2579 915 2644 ordine
939 2581 1067 2646 codices
1089 2580 1222 2659 habent,

72 2687 99 2754 B
120 2696 154 2754 et
175 2688 342 2770 vulgares:
371 2685 419 2750 ab
442 2685 668 2750 Thracibus
691 2688 841 2769 partim
865 2709 1068 2770 possessa.
1090 2688 1125 2752 M
1148 2710 1222 2753 cum

74 2796 146 2862 edd.
168 2801 265 2861 vett:
287 2793 337 2859 ab
357 2792 585 2858 Thracibus
609 2814 803 2876 possessa
824 2795 988 2877 partim3
1011 2795 1069 2859 scd
1093 2796 1223 2861 codices

73 2902 136 2969 lide
160 2902 251 2985 digni
274 2901 363 2983 (ΜΒ)
386 2909 463 2965 ante
487 2900 534 2965 ab
557 2900 790 2966 Thracibus
814 2901 941 2966 addunt
963 2902 1100 2967 eadem
1123 2902 1222 2984 idque

72 3010 354 3077 Weissenbornius
393 3010 519 3093 recepit
560 3007 612 3088 (eo
646 3008 775 3087 ordine,
815 3027 910 3092 quem
944 3009 970 3073 B
1005 3017 1039 3075 et
1072 3009 1222 3092 vulgares

72 3118 219 3199 habent).
276 3116 340 3183 Sed
373 3118 406 3181 in
441 3116 503 3180 hac
537 3116 764 3180 coniunctione
798 3116 880 3197 (siue
914 3116 1047 3200 copula)
1083 3117 1222 3181 duorum

71 3224 293 3291 membrorum
321 3223 409 3288 id'em
436 3224 602 3288 obiectum
625 3222 736 3306 (quae)
759 3223 951 3289 habentium
979 3224 1012 3288 id
1034 3245 1222 3308 pronomen,

72 3332 160 3416 quod
194 3333 477 3415 comparationem
513 3329 657 3412 aliquam
692 3331 832 3409 indicat,
868 3331 946 3396 addi
979 3340 1067 3397 recte
1097 3334 1220 3415 nequit.

60 3438 241 3504 Accedunt
269 3438 335 3503 alia
357 3437 576 3517 incommoda,
612 3438 693 3503 ordo
722 3438 908 3518 verborum,
942 3440 975 3504 in
1003 3440 1065 3504 hac
1094 3447 1222 3504 senten·

64 3547 193 3611 tiaram
222 3547 468 3622 coniunctione,
502 3566 568 3609 non
596 3553 684 3611 recte
713 3547 859 3611 variatus
890 3546 937 3628 (in
966 3554 1108 3629 utroque
1136 3549 1221 3612 enim

51 3652 217 3719 lnembro
245 3652 428 3719 subiectum
457 3652 642 3736 praeoedere
666 3653 822 3719 debebat:
858 3675 943 3737 quae
967 3653 1157 3720 Seleucus
1179 3690 1222 3700 —

48 3758 300 3843 reliquerit,
322 3760 550 3826 Antiochus
571 3794 615 3805 -
636 3761 853 3844 receperit)
877 3769 911 3827 et
932 3764 1092 3827 transitus
1116 3762 1221 3828 duris·

50 3867 173 3935 nimus
205 3887 267 3932 nec
299 3866 454 3933 ferendus
483 3869 597 3950 (quum
624 3867 716 3933 nulla
744 3888 804 3932 nec
833 3889 934 3933 causa
961 3890 1022 3933 nec
1051 3870 1220 3935 excusatio

37 3974 127 4056 sit)
150 3995 170 4039 a
193 3973 348 4039 feminino
376 3997 494 4059 genere
523 3975 565 4039 ad
587 3983 738 4040 neutrum
762 3975 956 4057 (Thraciae
986 3984 1025 4041 et
1048 3975 1221 4042 Cherso-

35 4082 158 4148 :sesi
186 4081 372 4160 urbibus,
405 4103 488 4167 qnae
517 4082 712 4148 Seleucus
746 4089 865 4167 parta
893 4084 1114 4165 reliquerit
1146 4105 1219 4166 pro:

41 4207 171 4273 quaa
194 4198 404 4272 -partas
433 4190 679 4273 reliquerit).
735 4190 830 4255 Viam
852 4192 919 4256 veri
942 4191 1128 4273 reperiendi
1152 4210 1221 4256 eer-
