2994 5108
215 486 280 551 Lib.
297 486 331 541 X
764 475 827 539 232

218 658 345 743 terunt)
373 660 503 745 longius
533 660 635 726 erecti
659 668 693 725 et
713 661 821 726 maius
843 661 970 745 aliquid
992 661 1102 728 conati
1124 659 1227 747 (quod
1250 657 1377 745 signifi·

218 774 297 834 cant
323 768 494 853 particulae
528 773 567 833 et
600 768 690 851 iam)
729 790 797 835 non
830 770 896 834 iam
928 770 1015 835 inter
1043 771 1171 855 equites
1198 770 1233 835 in
1258 767 1376 853 fugam

218 897 351 943 aversos
384 877 509 943 versari
542 876 742 956 debuerunt,
781 875 839 943 sed
872 877 915 943 ad
946 878 1053 963 ipsam
1084 878 1234 964 peditum
1267 869 1376 943 aciem

218 986 421 1069 pervenisse,
448 1005 549 1070 quam
576 983 725 1070 procella
747 986 895 1070 equestri
916 986 1047 1052 turbari
1068 987 1191 1054 Decius
1213 984 1375 1051 voluerat.

218 1092 335 1176 Itaque
369 1115 505 1178 prorsus
544 1094 655 1160 inter
686 1093 820 1159 media
846 1095 1016 1175 psditu
1043 1095 1202 1180 agmina
1228 1092 1376 1159 scriben-

219 1201 298 1266 dum
331 1207 426 1286 puto,
466 1203 648 1287 equitum
682 1223 794 1268 errore
831 1202 1062 1283 substitutum,
1096 1223 1197 1287 quum
1231 1201 1378 1269 haereret

217 1310 328 1375 animo
347 1311 516 1393 equitatus
534 1310 654 1376 Gallici
670 1312 805 1377 mentio.
845 1311 1032 1377 Peditum
1048 1332 1167 1378 nomen
1183 1331 1245 1395 pro
1263 1309 1375 1396 aqui·

218 1417 329 1484 tibus
352 1424 404 1484 ter
425 1419 459 1483 in
482 1418 632 1484 omnibus
650 1419 821 1485 codicibus
839 1419 1056 1485 substitutum
1074 1426 1125 1486 est
1140 1417 1305 1499 XXXVII,
1322 1420 1378 1500 40,

219 1532 237 1591 5
261 1532 295 1592 et
319 1531 368 1608 10,
391 1546 452 1592 nec
475 1526 594 1592 desunt
616 1527 767 1611 exempla
788 1527 949 1594 contrarii
971 1527 1102 1593 erroris.

304 1634 383 1719 Cap.
409 1638 465 1715 31,
496 1639 514 1700 5
539 1634 667 1701 Livium
694 1657 757 1720 pro
780 1655 834 1716 ao,
869 1635 957 1718 quod
985 1642 1037 1701 est
1070 1633 1270 1701 Samnites
1298 1655 1376 1700 om·

217 1764 286 1809 nes
309 1742 540 1824 considunt,
564 1764 630 1809 non
652 1743 790 1810 dixisse:
823 1742 1072 1810 Samnitium
1094 1764 1229 1810 omnes
1253 1761 1375 1823 cons,

217 1857 415 1918 certumest.
447 1851 533 1916 Nam
544 1849 662 1929 XXXI,
685 1851 1059 1934 45,7(ldaccdonum
1075 1850 1163 1918 fere
1181 1851 1376 1918 omnibus

218 1966 257 2025 et
275 1958 517 2042 quibusdam
534 1958 794 2043 Andriorum)
821 1967 854 2026 et
872 1960 1039 2026 adiectum
1063 1958 1148 2025 fere
1167 1966 1201 2025 at
1220 1979 1260 2025 ex
1279 1978 1376 2042 aequo

217 2071 363 2153 positum
386 2066 627 2152 quibusdam
648 2069 841 2153 partitivum
864 2069 1032 2135 notionem
1055 2066 1157 2134 efficit
1174 2064 1253 2152 (quo
1274 2065 1378 2133 modo

219 2176 332 2243 Cicero
362 2175 452 2243 Orat.
477 2177 519 2240 90
542 2175 640 2241 dixit:
670 2197 688 2242 a
719 2176 867 2260 quibus
888 2213 933 2224 —
954 2197 1032 2242 non
1062 2196 1196 2242 omnes
1222 2172 1377 2258 faceti),

219 2282 802 2369 etXXlV,32‚8(praetorumque
825 2286 906 2352 nisi
929 2285 999 2368 qui
1022 2285 1130 2350 inter
1152 2282 1376 2349 tumultum

221 2391 475 2477 effugerunt,
516 2412 654 2458 omnes
692 2391 1027 2475 interficiuntur)
1066 2391 1299 2476 interpositum
1340 2390 1378 2458 si

219 2503 290 2587 qui
313 2502 463 2586 genetivo
485 2500 594 2567 locum
618 2501 726 2582 dedit3
749 2501 839 2586 quod
861 2507 972 2568 autem
994 2489 1302 2568 advocatur'etiam
1317 2497 1377 2580 IX,

218 2612 274 2691 42,
310 2615 365 2689 ll,
398 2610 499 2674 miror
532 2608 653 2675 similia
686 2609 788 2675 videri
824 2631 957 2676 omnes
993 2609 1163 2675 Hernici
1198 2607 1381 2675 nominis

134 2732 204 2801 (194)
223 2723 257 2782 et
280 2739 415 2783 omnes
438 2717 722 2797 Hernicorum
746 2724 891 2783 ceterum
912 2724 1003 2783 reete
1020 2714 1189 2782 Cluverius
1211 2714 1382 2781 intellexit

219 2825 265 2892 ibi
300 2826 510 2892 scribendum
544 2846 629 2890 esse:
670 2847 805 2891 omncs
833 2826 1001 2892 Hernici
1028 2824 1203 2892 nominis
1231 2822 1380 2909 populi

218 2934 394 3000 Romano
412 2933 563 2999 bellum
582 2933 827 2999 indixerunt.
869 2933 941 2999 Hoc
958 2932 1099 3018 quidem,
1120 2932 1160 2998 de
1179 2944 1244 3016 quo
1265 2931 1381 2997 dicere

219 3043 327 3126 coepi,
356 3042 430 3108 loco
458 3043 526 3107 seri
551 3041 750 3107 simillimum
773 3041 902 3107 videtur
923 3042 1010 3106 inter
1033 3062 1166 3106 omnes
1190 3045 1223 3105 et
1242 3041 1381 3106 'consi-

219 3150 320 3215 dunt
343 3149 502 3215 excidisse
526 3150 665 3233 oopiae,
695 3147 871 3214 aberrante
893 3149 1024 3214 librarii
1047 3149 1141 3214 oculo
1164 3169 1185 3214 a
1207 3147 1381 3233 prioribus

217 3257 339 3323 litteris
369 3278 412 3323 co
441 3258 483 3322 ad
511 3257 644 3322 alteras.
696 3256 780 3321 Nam
810 3278 869 3346 cur
896 3257 937 3323 ob
968 3279 1070 3322 unum
1092 3256 1117 3320 P
1140 3263 1174 3322 et
1196 3256 1380 3322 editionem

218 3365 415 3454 Romanam,
450 3367 483 3430 in
518 3364 637 3448 quibus
672 3371 724 3429 est
751 3363 809 3429 ibi
837 3365 886 3429 ad
915 3363 1171 3444 Samnitium,
1204 3364 1306 3449 plura
1343 3365 1380 3430 in

217 3473 328 3538 mendi
350 3474 570 3557 suspicionem
592 3477 758 3551 vocentur,
783 3493 884 3538 causa
905 3472 999 3537 nulla
1022 3494 1093 3538 esse
1115 3472 1254 3538 videtur.

305 3579 384 3665 Cap.
409 3585 464 3661 33,
494 3587 514 3644 4
538 3579 592 3661 (de
614 3581 771 3644 Romanis
794 3581 963 3660 militibus,
992 3581 1147 3646 hortante
1171 3582 1309 3647 consula
1332 3582 1379 3648 M.

216 3688 317 3753 Atilio
340 3690 481 3772 chuIO,
516 3693 633 3753 contra
660 3686 836 3768 SamniteS,
870 3690 927 3772 qui
960 3691 993 3753 in
1029 3696 1139 3754 castra
1173 3691 1379 3774 irruperant,

216 3796 471 3881 pugnantibus):
513 3796 690 3860 clamore
719 3795 887 3862 sublato
918 3798 1085 3863 connixi
1115 3797 1248 3882 primo
1276 3799 1380 3864 resi·

217 3910 346 3984 stunt3
381 3904 527 3969 deinde
560 3903 742 3969 inierunt
776 3902 916 3988 pedem
949 3912 1198 3988 urgentque,
1234 3912 1274 3971 et
1300 3907 1379 3973 im·

216 4011 362 4096 pulsos
386 4013 508 4084 semel
531 4017 690 4077 terrore
713 4011 849 4076 eodem
872 4020 1009 4094 agunt,
1034 4033 1109 4097 quo
1133 4023 1381 4098 coeperunt;

218 4118 437 4203 expellunt
472 4126 589 4184 extra
623 4124 779 4203 portam
806 4119 1050 4203 vallumque.
1107 4121 1188 4187 Post
1215 4102 1277 4188 illa
1303 4123 1379 4189 im-

216 4226 359 4310 pulsos
386 4228 509 4292 semel
538 4234 572 4293 et
600 4232 758 4292 terrore
788 4227 923 4293 eodem
950 4230 1138 4294 necessario
1162 4238 1382 4315 exspectatur

216 4335 265 4398 rei
287 4335 329 4399 ad
353 4337 475 4399 exitum
497 4356 562 4399 uno
586 4343 701 4402 tenore
723 4334 889 4418 perductae
914 4335 1129 4418 significati03
1153 4343 1189 4402 at
1212 4338 1379 4423 sequitur,
