2994 5108
681 493 742 554 157
1160 506 1223 561 Lib.
1241 507 1288 561 VI.

127 674 227 759 plebe
254 676 406 759 stabant,
440 698 496 742 eos
523 677 618 761 plebs
641 676 869 762 populares
893 677 1098 761 appellabat,
1131 700 1197 743 non
1220 701 1289 763 po-

127 784 299 869 pulares
341 806 447 851 suos.
510 785 585 852 Non
624 792 714 851 recte
754 792 865 851 tamen
897 785 1051 850 Dukerus
1092 809 1184 852 suos
1216 788 1289 852 tolli

127 892 280 973 volebat,
308 894 398 977 quod
425 916 521 960 nemo
544 894 719 960 additurus
742 900 830 973 erat,
860 895 915 977 qui
943 895 1163 979 populares
1187 896 1288 979 scrip-

126 1007 201 1066 tum
233 1002 373 1084 legeret3
411 1024 518 1086 neque
556 1003 637 1068 satis
676 1004 711 1067 in
749 1002 812 1067 hac
845 1002 1101 1086 exprobratione
1135 1005 1288 1087 impietas

126 1109 237 1194 plebis
265 1116 299 1176 et
321 1112 470 1193 ingratus
493 1112 621 1176 animus
643 1116 781 1175 notatur
803 1111 860 1176 illo
883 1113 1029 1195 partium
1050 1113 1197 1192 nonnum
1231 1112 1289 1176 sed

127 1238 231 1301 quum
255 1218 366 1283 Livius
389 1220 591 1302 scripsisset:
616 1220 805 1302 saginare
827 1219 987 1304 plebem
1010 1242 1106 1284 suos
1130 1217 1206 1301 (hoc
1230 1225 1288 1301 est,

128 1327 188 1411 qui
211 1348 348 1392 suarum
369 1328 513 1410 partium
532 1335 647 1396 ,essent
670 1328 800 1411 sibique
823 1326 994 1409 faverent),
1017 1327 1115 1406 idem,
1146 1328 1203 1410 qui
1221 1328 1289 1392 alia

125 1436 250 1514 multa,
284 1457 490 1502 communem
523 1436 791 1520 popularium
824 1436 1084 1520 appellationem
1112 1436 1288 1519 addidit.¹)

129 1542 337 1627 [Ruhnkenii
365 1545 578 1623 coniecturae,
614 1564 686 1625 quse
714 1545 747 1609 in
770 1543 970 1627 Mnemosyn.
1000 1543 1050 1608 ΙΙΙ
1073 1567 1103 1627 p.
1129 1549 1168 1607 58
1198 1545 1289 1610 edita

126 1658 195 1731 est,
231 1651 357 1731 obstat,
390 1651 482 1737 quod
517 1652 557 1717 de
590 1651 852 1736 popularium
885 1652 1108 1735 appellatione
1138 1653 1220 1732 dixi,
1254 1659 1290 1718 et

124 1761 205 1845 ipsa
225 1759 396 1825 rusticitas
418 1757 533 1842 verbi]

216 1866 296 1952 Cap.
321 1871 375 1948 18,
410 1871 429 1931 6
460 1866 509 1950 (in
536 1867 579 1932 M.
602 1868 717 1933 Manlii
747 1869 912 1947 oratioue,
946 1868 1108 1951 plebeios,
1143 1875 1285 1956 quantas
1304 1886 1373 1955 (133)

125 1977 217 2042 vires
244 1975 408 2055 habeant,
445 1975 625 2058 docentis):
660 1976 702 2042 si
730 1977 880 2060 singuli
910 1978 1095 2057 singulos
1123 1999 1288 2060 aggres-

124 2086 218 2151 suri
241 2085 412 2163 essetis‚
440 2090 573 2149 tamen
596 2085 730 2150 acrius
753 2086 957 2150 crederem
979 2106 1047 2150 vos
1071 2107 1143 2169 pro
1166 2085 1288 2149 liber-

123 2199 219 2259 tate
242 2214 361 2278 quam
392 2191 490 2257 illos
513 2214 584 2275 pro
609 2192 888 2259 dominatione
912 2199 1162 2273 certatur0s;
1192 2199 1307 2277 quot

124 2301 233 2367 enim
261 2300 441 2366 clientes
471 2301 582 2365 circa
612 2301 796 2385 singulos
818 2300 963 2366 fuistis
985 2307 1198 2386 patronos,
1227 2308 1289 2367 tot

123 2430 237 2475 nunc
270 2409 471 2475 adversus
499 2431 618 2474 unum
647 2409 806 2476 hostem
835 2411 964 2475 eritis.
1020 2410 1160 2476 Prorsus
1189 2432 1289 2495 prave

123 2518 179 2583 rei
218 2516 306 2582 ficta
346 2516 395 2600 (si
434 2516 593 2600 singuli
626 2517 811 2601 singulos
846 2520 1086 2601 aggressuri
1122 2519 1288 2601 essetis)

123 2646 237 2691 causae
265 2625 338 2690 loco
367 2624 499 2708 (enim)
527 2625 562 2690 id
590 2625 777 2705 subiicitur,
813 2626 902 2709 quod
925 2627 1064 2691 maxime
1088 2629 1290 2692 contrarium

125 2739 184 2799 est
200 2734 286 2798 etin
306 2753 370 2816 quo
388 2733 583 2814 ostenditur,
601 2739 724 2817 quanto
741 2734 858 2799 melior
868 2735 911 2799 sit
922 2755 1000 2800 vera
1012 2736 1200 2800 certaminis
1213 2756 1289 2801 cou-

125 2840 227 2920 dicio,
250 2842 407 2925 quoniam
427 2863 493 2906 non
517 2843 636 2924 singuli
662 2843 820 2926 singulos,
844 2842 903 2907 sed
922 2842 1018 2907 multi
1036 2865 1140 2907 unum
1158 2864 1289 2926 aggres-

124 2950 200 3015 suri
222 2948 343 3033 plebeii
366 2950 442 3015 siut.
476 2949 595 3034 ltaque
616 2950 802 3016 necessario
825 2950 887 3015 hoc
905 2957 963 3016 aut
982 2951 1029 3015 sie
1047 2951 1290 3033 adiungendum

125 3063 222 3123 erat:
244 3057 368 3137 Nunc,
391 3062 496 3141 quot
519 3057 696 3123 clientes
718 3093 770 3138 —‚
795 3065 857 3123 tot
879 3064 940 3122 eet.
965 3064 1024 3123 aut
1046 3078 1121 3122 curn
1143 3059 1288 3143 pondere

125 3166 203 3231 siue
230 3164 300 3229 ulla
326 3166 491 3249 particula
519 3167 721 3231 contrarium
749 3166 950 3251 ponendum,
984 3171 1023 3230 ut
1043 3166 1135 3247 XXI,
1169 3171 1226 3246 43,
1261 3172 1289 3245 6,

159 3351 183 3419 ¹)
202 3350 338 3405 Eiusdem
361 3353 478 3421 originis
501 3357 545 3407 est
566 3353 595 3407 in
616 3353 672 3407 hoc
695 3354 756 3422 ipso
780 3355 874 3422 capite
898 3351 924 3422 (ᾖ
943 3353 969 3421 6)
993 3370 1149 3423 pronomen
1172 3353 1288 3407 demon-

200 3437 350 3491 strativum
374 3443 441 3492 ente
463 3439 612 3492 relativum
629 3455 718 3508 pravo
737 3456 803 3493 casu
821 3439 962 3505 additum,
986 3457 1073 3506 quum
1090 3439 1187 3492 Livius
1206 3439 1290 3508 scrip·

200 3522 296 3576 sisset:
318 3523 481 3591 remisso,
505 3524 595 3593 quod
612 3525 767 3593 erepturi
785 3530 893 3579 erant.
936 3524 1005 3578 Cum
1024 3542 1066 3591 eo,
1085 3523 1161 3592 quod
1179 3525 1290 3579 codices

199 3606 309 3662 habent
335 3608 492 3675 (remisso
524 3610 559 3663 id
586 3610 853 3678 quod'erepturi
876 3609 1000 3677 erant),
1028 3609 1184 3678 comparari
1206 3610 1251 3662 vel
1275 3628 1292 3663 a

200 3690 434 3748 Dmkenborehio
461 3695 588 3764 potuisse
611 3695 646 3748 id
668 3695 758 3764 quod
780 3712 832 3764 pro
855 3695 914 3749 solo
938 3695 1027 3763 quod
1048 3694 1084 3748 ud
1105 3694 1289 3764 praedicatum

201 3780 328 3832 totumve
357 3780 527 3834 sententiam
552 3781 686 3847 relatum,
710 3781 811 3846 miror;
843 3781 1101 3835 Weissenbornium
1127 3780 1227 3834 eodem
1250 3779 1291 3832 uti

201 3862 329 3933 perfugio
359 3869 388 3919 et
413 3870 548 3934 tanquam
575 3866 694 3920 similem
723 3865 880 3920 adscribere
902 3867 1008 3934 locum,
1036 3867 1065 3920 in
1087 3883 1142 3935 quo
1166 3884 1223 3919 non
1247 3870 1291 3919 est

202 3947 238 4000 id
260 3949 365 4018 quod,
392 3950 541 4020 indignor,
568 3952 729 4021 prasertim
752 3957 820 4020 post
840 3951 995 4020 Kreyssigii
1018 3952 1239 4006 admonitionem
1262 3951 1291 4003 in

201 4033 320 4087 Annott
340 4036 377 4089 ad
393 4035 471 4090 Livii
487 4037 576 4091 libros
592 4036 769 4091 XLI—XLV
786 4056 813 4106 p.
832 4040 872 4091 90.
901 4038 966 4090 Dixi
986 4036 1021 4090 de
1039 4041 1102 4090 tota
1120 4054 1149 4089 re
1168 4040 1197 4088 et
1214 4036 1291 4089 hune

202 4118 296 4187 ipsum
315 4119 412 4175 locum
430 4139 493 4176 cum
512 4122 650 4176 similibus
669 4123 829 4192 comparari
847 4140 932 4192 supra
948 4140 975 4192 p.
996 4125 1028 4175 14
1047 4139 1087 4191 sq.
1129 4122 1184 4175 Sed
1201 4121 1290 4174 multo

203 4204 293 4273 magis
312 4206 411 4260 eadem
433 4207 616 4276 interpolatio
639 4208 669 4261 in
693 4225 716 4263 c.
735 4211 781 4276 20,
804 4210 821 4262 8
845 4208 956 4262 eminet.
1002 4205 1028 4275 (ξ
1050 4210 1067 4260 8
1090 4224 1142 4276 pro
1161 4207 1230 4259 illis:
1257 4206 1290 4259 in

204 4306 269 4358 quo
295 4292 335 4346 sb
364 4292 470 4347 sociis
493 4297 651 4363 exspectes:
678 4310 695 4347 a
721 4310 788 4362 quo
817 4293 851 4347 in
873 4293 995 4359 soeiis;
1024 4309 1114 4361 neque
1132 4291 1206 4346 enim
1224 4293 1287 4345 abs·

206 4375 316 4431 fluendi
334 4393 352 4431 a
369 4376 453 4432 sociis
471 4382 500 4432 et
517 4378 551 4432 iis
568 4379 704 4449 parcendi
721 4377 802 4433 notio
821 4383 887 4448 apta
905 4382 956 4432 est
994 4377 1078 4445 1861.)
