2994 5108
736 489 776 551 38

176 680 337 758 quatenus
366 674 497 758 quidem
520 673 585 756 legi
607 680 755 758 poterat,
790 695 916 739 summo
946 674 1056 740 studio
1086 695 1230 758 curaque
1254 697 1274 740 a
1298 698 1332 740 se

175 784 373 868 exscriptum
400 804 440 848 ea
467 782 531 847 fide
560 803 664 865 eaque
687 781 795 849 forma
818 784 851 846 in
874 782 1050 847 academiae
1073 781 1217 849 Berolin.
1242 805 1332 848 corn-

177 891 434 958 mentaticnibus
480 891 550 956 eius
591 891 668 956 anni
708 891 836 974 generis
876 891 1031 957 historici
1067 897 1101 956 et
1139 891 1332 976 philologici

177 1000 296 1079 edidit,
332 1008 369 1065 ut
402 1000 475 1083 ipsa
507 997 588 1064 folia
622 999 665 1065 ob
695 999 809 1064 oculos
839 999 961 1064 habere
991 999 1168 1064 videamur.
1225 1001 1333 1084 Atque

179 1130 253 1173 eum
276 1108 433 1189 codicem,
457 1108 553 1172 cuius
572 1107 642 1171 hac
665 1114 843 1191 supersunt
864 1106 955 1185 folia,
980 1109 1037 1191 qui
1060 1115 1118 1173 aut
1140 1109 1213 1192 ipso
1235 1108 1333 1173 Nico·

178 1216 368 1282 machorum
396 1223 543 1300 tempore
573 1222 632 1280 aut
660 1215 759 1299 paulo
788 1221 868 1280 ante
891 1223 1007 1299 postve
1030 1216 1064 1281 id
1087 1217 1229 1300 scriptus
1252 1223 1334 1295 erat,

177 1323 259 1388 nihil
288 1345 360 1390 cum
389 1346 502 1390 eorum
529 1325 753 1406 recognitione
783 1325 947 1389 coniuncti
970 1324 1092 1389 habere
1114 1346 1220 1408 neque
1243 1326 1333 1408 quic-

177 1453 275 1515 quam
304 1433 380 1497 inde
409 1433 568 1511 traxisse,
602 1438 640 1496 ut
668 1433 738 1516 ipse
768 1433 833 1497 iam
863 1454 902 1496 ex
931 1433 1108 1516 specimine
1137 1454 1158 1497 a
1180 1433 1332 1516 Zumptio

176 1541 349 1624 proposito
383 1542 609 1607 intellexeram
642 1541 854 1624 dixeramque
882 1542 916 1605 in
944 1541 1033 1624 prael.
1062 1542 1166 1625 partis
1194 1542 1332 1607 alterius

175 1648 238 1713 rol.
271 1649 286 1712 l
322 1650 418 1729 Livii,
457 1650 504 1714 ita
544 1671 629 1713 nuno
664 1649 813 1715 omnibus
848 1650 1056 1733 perspicuum
1093 1656 1144 1714 est
1171 1649 1333 1733 intellegi-

176 1764 295 1842 turque
318 1757 471 1823 facillime
494 1763 685 1842 comparata
709 1759 741 1821 in
764 1759 804 1822 iis
827 1757 919 1829 locis,
950 1758 982 1821 in
1006 1758 1125 1840 quibus
1149 1764 1332 1823 ceterorum

176 1864 326 1931 codicum
355 1867 560 1948 cognationis
589 1865 709 1930 indicia
731 1867 812 1930 varii
835 1867 962 1948 generis
978 1867 1139 1949 exposui,
1169 1873 1331 1950 quatenus

177 1975 211 2037 in
239 1973 310 2039 cod.
340 1974 521 2040 Veronensi
555 1981 746 2059 supersunt,
780 1976 851 2039 eius
880 1975 1059 2058 scriptura;
1094 1996 1193 2058 quem
1221 1982 1332 2040 autem

176 2104 250 2147 cum
294 2082 559 2149 Nicomachianis
605 2089 814 2166 comparatus
858 2083 967 2147 locum
1012 2089 1125 2147 teneat
1170 2104 1331 2165 usumque

176 2191 313 2263 lrabeat,
352 2190 392 2255 de
432 2211 472 2256 eo
506 2197 562 2255 ut'
583 2191 663 2255 satis
704 2191 747 2255 sit
785 2190 929 2255 breviter
967 2191 1091 2268 dicere,
1136 2191 1216 2256 lacit
1256 2214 1332 2276 pru-

177 2299 256 2365 dens
291 2305 482 2383 rectumque
516 2298 724 2363 Mommsenii
753 2299 909 2363 iudicium
938 2298 1097 2381 (maxime
1121 2324 1151 2384 p.
1184 2305 1244 2364 184
1267 2302 1331 2365 ima

177 2415 210 2472 et
241 2412 300 2471 185
336 2406 484 2488 summa).
541 2405 625 2470 Nam
660 2407 852 2472 mendorum
882 2428 898 2470 e
927 2407 1137 2472 librariorum
1172 2407 1331 2475 festinan-

178 2516 260 2580 tium
295 2515 501 2597 neglegentia
536 2523 683 2579 ortorum
716 2514 808 2579 labes
844 2517 906 2580 etsi
941 2538 1014 2580 eum
1049 2517 1148 2580 etiam
1176 2516 1332 2583 codicem.

179 2645 276 2706 quem
310 2622 500 2687 Nicomachi
539 2631 772 2688 recensuerunt
811 2623 888 2705 (hoc
922 2631 988 2703 est,
1023 2626 1256 2709 transcriptum
1290 2625 1333 2690 ad

178 2732 345 2815 exemplar
378 2732 583 2815 propositum
617 2738 794 2815 exegerunt
827 2732 976 2798 adhibita
1009 2732 1151 2798 fortasse
1185 2733 1237 2797 hic
1266 2733 1332 2798 illic

179 2841 368 2905 coniectura
395 2841 527 2904 minime
557 2839 697 2921 subtili),
730 2863 796 2906 non
824 2841 1033 2906 mediocriter
1064 2843 1188 2923 attigit.
1222 2850 1332 2906 tamen

178 2950 310 3031 gravior
336 2949 369 3012 in
393 2949 484 3012 illum
507 2949 647 3013 alterum
671 2948 791 3032 (ipsum
814 2956 872 3013 aut
895 2971 982 3025 eum,
1018 2971 1034 3013 e
1058 2971 1123 3032 quo
1148 2949 1332 3033 descriptus

179 3057 243 3139 est)
274 3056 421 3121 incubuit
452 3057 602 3120 omnibus
632 3078 781 3122 errorum
802 3059 975 3140 generibus
999 3056 1151 3140 (quorum
1174 3058 1332 3123 nonnulla

182 3167 214 3229 iu
238 3165 296 3230 illa
318 3169 416 3229 {etate
439 3166 535 3230 multi
558 3166 780 3246 mirabuntur,
811 3175 847 3231 ut
870 3166 1068 3231 consulib.
1093 3167 1330 3231 tentissime

182 3296 241 3356 pro
277 3275 616 3339 constantissimo
652 3276 811 3358 scriptum
840 3275 902 3353 lll,
933 3278 988 3342 35.
1019 3280 1037 3338 9
1067 3282 1125 3338 aut
1153 3275 1223 3355 qui
1253 3274 1331 3339 fuit

180 3403 239 3464 pro
262 3382 419 3464 quierit
444 3381 499 3453 ΙΙΙ,
529 3387 578 3459 51,
609 3388 627 3446 7
652 3392 709 3449 aut
733 3384 976 3467 simplicitatem
999 3382 1229 3465 interpolandi.
1258 3405 1332 3464 qua

179 3488 221 3563 l',
251 3493 305 3556 50.
336 3494 354 3551 5
384 3509 422 3552 ex
446 3489 518 3554 Aio
542 3491 716 3556 Locutio
748 3491 856 3555 effecit
885 3498 954 3555 aut
976 3490 1059 3555 alio
1083 3490 1202 3572 loco),
1232 3491 1330 3556 etiam

180 3596 387 3685 omittendo,
411 3598 622 3680 geminando,
658 3601 765 3663 rarius
793 3598 961 3675 addendo,
997 3605 1033 3662 ut
1055 3598 1138 3663 beue
1161 3598 1331 3663 nobiscum

180 3713 289 3770 artum
312 3707 364 3785 sit,
387 3705 477 3789 quod
500 3707 610 3789 potius
634 3729 673 3771 ex
690 3706 946 3771 Nicomachiano
970 3728 1069 3790 quam
1091 3726 1131 3769 ex
1149 3705 1330 3771 Veronensi

181 3813 287 3879 aliove
310 3815 338 3877 ei
363 3815 511 3897 proximo
535 3815 570 3879 hi
592 3814 675 3878 Livii
698 3814 775 3879 libri
797 3814 841 3879 ad
864 3837 923 3881 nos
946 3815 1123 3899 propagati
1146 3814 1221 3878 sint.
1266 3813 1331 3878 Sed

180 3931 289 3987 tamen
317 3921 549 4006 (praeterquam
572 3923 661 4005 quod
683 3922 880 3987 Veronensis
904 3923 945 3988 ab
970 3924 1057 3988 onmi
1079 3922 1209 3986 novicia
1231 3923 1330 3986 inter-

181 4031 348 4115 polatione
377 4031 471 4114 longe
500 4033 572 4114 ipso
602 4038 750 4114 ternpore
772 4037 919 4095 remotus
942 4031 1125 4113 principum
1149 4052 1187 4093 ex
1210 4031 1329 4094 ceteris

181 4141 213 4204 in
242 4138 303 4204 hoc
331 4159 449 4221 genere
471 4140 696 4223 praestantiam
718 4146 751 4202 et
774 4140 987 4203 autoritatem
1009 4136 1210 4218 confirmat),
1239 4139 1330 4221 quod

179 4247 273 4312 labes
311 4269 428 4331 genere
468 4247 582 4312 eadem
620 4254 729 4311 tamen
767 4248 943 4311 maximam
981 4254 1107 4329 partem
1141 4245 1215 4309 aliis
1248 4245 1329 4311 locis

181 4355 484 4433 Nicomachianum,
523 4354 598 4419 aliis
625 4353 845 4418 l'eronensenr
879 4354 1068 4431 macularit,
1103 4353 1221 4431 multa,
1256 4374 1329 4437 quse
