2994 5108
222 506 284 559 Lib.
304 503 427 557 XXXIV.
493 500 498 507 ’
770 492 831 551 496

222 678 302 760 legi,
336 684 373 740 ut
406 678 439 739 iu
475 675 668 739 brevissimo
705 682 738 738 et
770 671 928 761 facillimo
958 674 1116 737 orationis
1145 674 1270 738 ambitu
1299 673 1377 737 sub·

222 787 342 848 lectum
384 784 553 847 sententiae
594 784 701 864 ipsum
742 780 856 846 eadem
899 780 1096 845 substantivi
1134 780 1239 846 forma
1273 780 1377 845 inclu-

223 892 322 956 datur
354 893 388 955 in
423 890 586 955 ablativos
620 889 807 954 absolutos:
848 888 947 953 urbe
988 895 1107 971 capta
1141 889 1236 954 urbs
1269 888 1377 953 redi·

222 1002 353 1065 mitur.
410 999 472 1078 (W.
503 996 624 1074 XXXI,
656 1002 691 1075 2,
723 1001 757 1075 6,
788 997 974 1080 comparari
1003 996 1108 1075 iubet,
1143 996 1199 1061 ubi
1228 995 1309 1079 quid
1338 1017 1378 1060 eu

222 1109 356 1171 minima
397 1114 490 1188 parte
532 1104 636 1170 simile
677 1106 733 1181 sit,
772 1102 909 1183 nescio.)
971 1102 1104 1168 Certum
1145 1111 1209 1180 est,
1251 1103 1378 1168 Livium

221 1215 391 1297 scripsisse
424 1213 665 1277 tautummodo:
697 1211 778 1276 Iam
812 1218 933 1295 capta
965 1232 986 1275 a
1014 1210 1145 1275 Gallis
1175 1233 1253 1294 quo
1282 1210 1378 1276 red·

223 1329 355 1404 empta
378 1320 475 1384 urbs
499 1321 581 1384 est‘?
1322 1314 1328 1321 ’

134 1437 207 1502 (397)
313 1427 390 1511 Cap.
416 1433 448 1505 6,
483 1433 501 1489 7
532 1426 578 1507 (in
608 1427 723 1491 eadem
746 1426 921 1506 orationel:
956 1426 1046 1490 Haec
1074 1448 1193 1507 quum
1223 1428 1282 1491 ita
1310 1448 1378 1490 na·

222 1546 313 1601 tura
348 1536 551 1599 distincta
585 1536 671 1598 sint
705 1534 756 1614 (ut
789 1534 862 1597 aliea
895 1533 985 1615 leges
1018 1540 1187 1616 perpetuae
1221 1533 1378 1598 utilitatis

222 1666 331 1721 causa,
354 1643 426 1707 alise
450 1642 493 1706 ad
516 1650 645 1724 tempus
668 1640 841 1720 ferantur),
865 1661 910 1705 ex
933 1648 1023 1705 utro
1047 1640 1207 1704 tandem
1232 1662 1379 1723 genere

222 1774 266 1816 ea
294 1752 359 1815 lex
383 1772 470 1815 esse
494 1749 674 1827 videtur,
704 1769 820 1830 quam
849 1748 1119 1830 abrogamus?
1153 1769 1237 1830 quae
1259 1756 1378 1813 vetus

221 1860 335 1940 regia
363 1858 425 1922 lex
455 1857 575 1921 simul
606 1878 688 1920 cum
717 1857 805 1938 ipsa
834 1855 933 1919 urbe
957 1861 1054 1920 nata
1075 1863 1154 1935 aut,
1184 1856 1291 1939 quod
1314 1876 1377 1921 se·

221 1966 393 2031 cundum
440 1973 514 2042 est,
561 1964 607 2027 ab
655 1963 895 2028 decemviris
943 1963 991 2026 ad
1031 1962 1246 2027 condenda
1287 1965 1378 2027 iura

221 2075 376 2138 creatis
422 2075 458 2136 in
499 2071 710 2137 duodecim
756 2070 911 2135 tabulis
951 2072 1123 2153 scripta,
1171 2072 1259 2135 sine
1300 2091 1378 2154 qua

222 2203 338 2264 quum
368 2182 541 2244 maiores
570 2180 702 2243 nostri
731 2200 807 2242 non
835 2178 1116 2242 existimarint
1144 2177 1265 2243 decus
1297 2199 1377 2243 ma·

221 2288 382 2352 tronale
406 2288 563 2351 servari
585 2306 717 2368 posse,
746 2284 862 2349 nobis
886 2307 1043 2369 quoque
1068 2285 1289 2350 verendum
1313 2287 1377 2363 sit,

221 2418 266 2460 ne
308 2416 393 2458 cum
433 2415 479 2458 ea
518 2392 709 2476 pudorem
749 2394 1098 2474 sanctitatemque
1132 2390 1376 2457 feminarum

222 2503 480 2583 abrogemus·
534 2499 629 2575 Quis
663 2501 790 2580 igitur
823 2501 957 2564 nescit
990 2506 1051 2564 cet.
1109 2498 1163 2564 Sic
1197 2499 1241 2579 B;
1275 2500 1377 2564 ceteri

221 2608 349 2673 codices
371 2608 424 2688 (de
444 2608 477 2672 M
496 2607 639 2688 tacetur)
660 2629 718 2690 pro
745 2627 829 2688 quae
854 2614 968 2671 uetus
993 2607 1117 2671 habent
1136 2608 1232 2689 quia
1250 2615 1377 2681 uetus,

221 2718 283 2780 nisi
307 2717 393 2798 quod
420 2737 504 2778 unus
524 2713 782 2779 Drakenborchii
807 2715 922 2779 eodem
941 2714 1037 2778 modo
1054 2713 1277 2796 interpolatus
1296 2721 1377 2792 erat,

219 2847 281 2906 quo
307 2823 429 2905 Sigonii
455 2829 545 2885 vetus
570 2821 611 2902 (si
635 2822 683 2885 dis
706 2820 828 2903 placet)
851 2821 950 2895 liber,
981 2844 1077 2902 quem
1101 2821 1246 2885 editores
1271 2843 1377 2904 usque

220 2932 261 2995 ad
290 2938 439 2995 nostrum
469 2938 597 3011 tempus
627 2931 731 2993 secuti
761 2936 852 3007 sunt,
887 2931 934 2992 sic
963 2920 1160 2993 scribentes}
1185 2964 1227 2973 -
1252 2929 1377 2994 abro-

185 3071 187 3074 >
218 3042 378 3119 gamus?
413 3057 455 3098 uri
484 3045 600 3101 vetus
630 3039 745 3118 regia
774 3036 838 3100 lex
865 3073 907 3080 —
937 3037 1053 3100 nata?
1088 3055 1148 3114 au,
1179 3037 1287 3117 quod
1316 3058 1377 3100 se·

218 3145 388 3209 cundum
418 3153 494 3218 est,
526 3143 572 3206 ab
603 3144 843 3207 decemviris
868 3151 928 3207 cet.
981 3144 1127 3226 Apparet
1151 3143 1204 3224 (ne
1228 3144 1310 3224 quid
1336 3144 1376 3208 de

218 3274 263 3314 au
300 3263 331 3314 et
367 3272 450 3332 quae
480 3251 530 3313 vel
560 3252 653 3333 quia
684 3253 879 3332 permutatis
909 3251 1030 3330 dicam)
1059 3253 1149 3333 prius
1179 3273 1225 3313 an
1243 3242 1376 3316 ⁸vitiose

218 3360 293 3440 poni
318 3380 375 3439 pro
400 3368 577 3421 vetusne.
615 3358 729 3440 ltaque
754 3358 1036 3422 ll'eissenbornius
1060 3358 1210 3422 codicum
1234 3358 1376 3440 vestigia

218 3465 353 3546 propius
378 3486 527 3546 premens
551 3465 668 3528 edidit:
705 3466 862 3548 Quippe
885 3473 998 3529 vetus
1021 3467 1135 3546 regia
1157 3465 1278 3529 lex-
1293 3474 1374 3537 aut,

216 3570 319 3650 <prod
344 3571 561 3635 secundum
585 3580 653 3650 est,
679 3573 725 3635 ab
750 3571 988 3635 decemviris
1007 3580 1079 3650 oct,
1104 3580 1140 3636 ut
1160 3573 1284 3636 ironice
1304 3571 1375 3636 haec

217 3676 405 3741 dicerentur
424 3678 538 3742 codem
557 3679 750 3758 significatu,
771 3701 851 3759 quo:
878 3679 1008 3751 Vetus,
1027 3679 1157 3757 crede,
1178 3681 1292 3760 regia
1311 3690 1373 3743 cet.

215 3783 279 3847 Sed
304 3785 450 3866 quippe
474 3805 652 3864 numquam
670 3786 716 3848 sic
736 3787 868 3866 ponitur
886 3787 979 3851 initio
999 3788 1070 3850 eius
1090 3789 1275 3863 sententiae,
1301 3808 1374 3869 quae

216 3891 337 3953 ironice
361 3890 508 3971 fingitur,
544 3899 745 3973 repugnante
775 3893 849 3974 ipsa
877 3894 1029 3958 vocabuli
1058 3902 1179 3957 natura
1203 3894 1246 3958 ab
1271 3896 1371 3959 inter·

215 3997 359 4078 rogando
384 4008 471 4075 orta;
502 3999 608 4079 posito
633 4000 701 4081 ipso
725 3998 791 4076 illu,
822 3999 908 4080 quod
932 4000 1100 4064 irridendo
1125 4000 1271 4082 fingitur,
1295 3999 1370 4064 sub·

215 4104 324 4167 licitur
348 4125 420 4168 cum
445 4106 569 4168 ironica
593 4104 820 4171 adfirmatione
844 4106 980 4184 (warum
1002 4107 1140 4186 nicht?).
1188 4108 1238 4171 Ad
1262 4129 1368 4172 emen·

214 4208 380 4273 dationem
414 4212 640 4274 inveniendam
675 4213 821 4292 proderit
856 4214 1143 4291 animaduertisse,
1178 4237 1245 4278 uon
1279 4222 1363 4278 recte
