2994 5108
678 483 740 544 219
1160 498 1288 554 mann

130 665 339 745 transfertur,
361 665 431 731 haec
452 666 517 749 legi
540 667 649 733 solent
671 668 704 731 in
728 666 945 733 editionibus:
975 668 1142 732 Interea
1162 690 1227 733 res
1249 672 1290 735 in

131 774 302 841 Etruria
334 781 473 857 gestae3
512 795 600 840 nam
639 782 679 840 et
712 794 797 840 cum
831 775 1069 841 Umbrorum
1102 779 1289 843 exercitu

133 884 218 949 acie
246 883 526 968 depugnatum
556 889 617 949 est
645 890 706 949 cet.
757 883 823 949 Sed
851 883 950 949 verba
973 885 1137 949 interea
1159 907 1225 951 res
1249 887 1289 952 in

132 991 303 1056 Etruria
331 997 455 1074 gestae
483 992 518 1055 in
539 991 631 1073 MLl,
656 991 856 1057 deteriorum
879 992 1007 1075 aliquot
1030 992 1080 1073 (ut
1102 992 1180 1057 Lor.
1206 997 1234 1073 3,
1257 998 1288 1073 4,

131 1104 158 1178 5,
185 1101 214 1164 si
236 1107 327 1165 reete
348 1098 639 1165 Drakenborchius
663 1099 802 1181 notarit)
827 1100 958 1165 omnino
982 1101 1194 1181 omittuntur,
1222 1102 1286 1167 nisi
1305 1114 1375 1182 (184)

131 1207 219 1292 quod
247 1208 282 1272 in
304 1206 339 1272 M
360 1209 461 1273 tertia
488 1227 586 1273 manu
611 1207 780 1274 scribitur:
817 1208 974 1273 etrurie
1007 1228 1098 1272 nam
1132 1216 1170 1274 et
1204 1230 1289 1274 cum

131 1315 383 1397 Umbrorum3
423 1316 505 1401 quid
545 1338 605 1401 pro
646 1317 802 1382 etrurie
842 1317 950 1399 prima
989 1337 1089 1381 manu
1129 1317 1289 1401 scriptum
1385 1329 1387 1333 ’

131 1423 261 1504 luisset,
295 1423 522 1490 Alschefskins
556 1425 742 1491 discernere
775 1446 840 1489 non
874 1425 998 1507 potuit,
1032 1425 1066 1489 in
1096 1425 1120 1489 P
1148 1426 1288 1509 margini

135 1532 303 1618 adscripta
331 1535 477 1616 quinque
506 1533 564 1598 illa
591 1533 693 1598 verba
722 1540 816 1613 sunt,
849 1534 884 1596 in
913 1532 1133 1598 deterioribus
1162 1534 1289 1617 aliquot

133 1641 227 1725 paulo
262 1647 339 1724 post
373 1641 565 1706 inseruntur
597 1648 675 1725 post
703 1641 774 1707 illa:
808 1663 884 1706 non
918 1640 1161 1706 tolerarunt
1194 1663 1287 1725 pug-

132 1749 260 1831 nam.¹)
314 1749 433 1833 Itaque
466 1750 675 1815 manifestius
709 1751 807 1815 etiam
841 1770 941 1833 quam
975 1750 1009 1812 in
1037 1749 1128 1829 VIII,
1159 1754 1214 1829 23,
1249 1754 1288 1814 10

131 1864 276 1924 tenemus
305 1858 570 1942 supplementum
597 1859 750 1923 anescio
780 1880 846 1942 quo
876 1858 919 1923 ad
948 1857 1104 1922 lacunam
1134 1859 1287 1941 supplen-

133 1965 203 2031 dam
242 1968 277 2032 in
310 1967 457 2049 margine
491 1966 614 2033 codicis
648 1967 787 2031 alicuius
821 1966 1034 2048 adscriptum.
1099 1964 1163 2029 Sed
1198 1966 1287 2049 quod

13 2089 17 2095 ·
133 2095 231 2159 nuper
254 2074 426 2141 Scheibius
450 2082 484 2139 et
506 2074 808 2150 Weissenbornius,
839 2075 971 2139 omissis
996 2079 1157 2156 quattuor
1179 2074 1286 2140 verbis

135 2180 207 2263 (res
240 2184 282 2248 in
309 2183 479 2249 Etruria
514 2182 665 2265 gestae),
704 2203 769 2247 uno
803 2188 932 2248 retento
971 2181 1179 2268 (Interea),
1215 2203 1286 2248 ora·

133 2290 249 2356 tionem
278 2292 402 2357 sarcire
430 2292 542 2356 conati
571 2298 661 2370 sunt,
695 2296 732 2355 ut
760 2292 926 2370 omittam,
961 2291 1059 2355 nimis
1088 2290 1229 2373 abrupte
1253 2299 1286 2356 et

135 2397 271 2465 breviter
304 2399 512 2484 obscureque
547 2400 771 2464 narrationem
805 2399 1006 2477 continuari,
1046 2420 1087 2462 ne
1115 2400 1287 2464 nominata

137 2507 263 2588 quidem
289 2507 429 2572 Etruria
464 2513 523 2571 aut
551 2507 587 2585 Q.
619 2507 739 2586 Fabi0,
774 2509 848 2590 quis
883 2528 949 2572 non
984 2507 1088 2583 videt,
1123 2507 1286 2573 interea

136 2613 211 2680 illud
244 2637 266 2681 a
297 2615 425 2698 reliquo
466 2615 691 2681 additamento
731 2616 879 2698 separari
919 2636 984 2679 non
1018 2617 1139 2698 posse?
1184 2617 1285 2681 Recte

137 2722 282 2790 Hertzius
320 2746 385 2790 non
426 2725 592 2808 separavit
630 2723 805 2806 omniaque
846 2724 991 2807 quinque
1030 2723 1131 2788 verba
1163 2726 1285 2804 omisit,

138 2829 255 2897 lacnnae
277 2839 357 2898 nota
380 2833 498 2916 posita.
545 2830 609 2897 Sed
632 2831 896 2912 intellegendum,
918 2853 983 2897 non
1006 2853 1115 2915 pauca
1137 2833 1287 2915 quaedam

138 2940 230 3006 verba
264 2940 439 3006 scribendo
473 2941 592 3006 omissa
626 2960 713 3018 esse,
753 2961 864 3003 vorum
903 2939 990 3004 idem
1029 2941 1082 3004 hio
1116 2941 1285 3015 accidisse,

140 3048 220 3128 quod
252 3049 287 3114 in
320 3048 426 3114 altero
460 3047 518 3114 illo
551 3047 623 3112 loco
658 3046 818 3112 accidisse
854 3049 997 3127 ostendi,
1037 3055 1075 3112 ut
1108 3049 1141 3111 in
1175 3049 1286 3113 codice

139 3155 308 3241 archetypo
340 3155 457 3221 folium
489 3156 720 3233 intercideret,
760 3158 793 3218 in
834 3177 899 3237 quo
938 3157 986 3221 ita
1019 3157 1212 3221 continuata
1246 3156 1285 3221 de

138 3258 263 3347 Papirio
287 3271 321 3328 et
342 3264 467 3329 Marcio
490 3264 637 3328 narratio
660 3271 741 3343 erat,
765 3269 802 3327 ut
824 3270 902 3348 apte
925 3265 959 3328 in
982 3285 1052 3347 cap.
1077 3268 1118 3328 40
1140 3286 1285 3329 resume-

141 3376 232 3450 retur,
255 3371 375 3436 deinde
398 3371 441 3436 ad
464 3369 501 3448 Q.
525 3371 664 3436 Fabium
688 3379 721 3436 et
743 3371 909 3437 Etruriam
931 3371 1118 3437 transitum.

214 3478 293 3564 Cap.
307 3486 358 3560 41,
376 3483 396 3544 2
411 3485 445 3544 et
461 3483 495 3543 3:
515 3477 711 3545 Consules
732 3481 884 3564 partiti
902 3481 1151 3563 provinciam
1170 3481 1285 3546 Etru·

138 3586 192 3652 ria
212 3588 348 3669 Decio,
371 3586 574 3652 Samnium
595 3588 725 3653 Fabio
750 3590 893 3654 evenit.
945 3589 982 3653 Is
1005 3588 1218 3672 profectus
1237 3590 1285 3655 ad

139 3689 345 3761 Nuceriam
367 3695 637 3776 Alfaternam,
671 3703 753 3762 tum
782 3718 919 3781 pacem
943 3703 1146 3780 petentes,
1180 3699 1285 3780 quod

140 3803 191 3867 uti
219 3824 280 3884 ea,
316 3824 401 3869 cum
430 3805 612 3886 daretur,
647 3805 896 3885 noluissent,
930 3812 1177 3889 aspernatus
1207 3813 1284 3886 est3

141 3912 401 3996 oppugnando
442 3913 490 3977 ad
528 3913 787 3979 deditionem
828 3913 1001 3996 subegit.
1064 3914 1102 3977 In
1140 3913 1201 3977 MP
1235 3922 1285 3979 est

142 4033 214 4084 cnm
246 4041 386 4104 pacem
416 4027 494 4101 cet,
528 4028 565 4085 ut
592 4021 770 4087 ridendum
797 4024 855 4102 sit,
889 4043 930 4086 ne
959 4022 1070 4086 Livius
1098 4022 1283 4103 scripserit:

141 4141 240 4199 qm
279 4149 417 4213 pacem
455 4135 645 4214 petentes
680 4166 718 4175 —
759 4136 1007 4215 aspernatus
1047 4135 1162 4209 esset,
1209 4151 1284 4194 con-

141 4280 360 4299 N—.-..-—.

162 4357 182 4424 ¹)
198 4359 239 4413 III
258 4361 289 4415 in
306 4360 362 4415 hoc
381 4365 409 4415 et
427 4361 554 4430 proximo
573 4362 645 4416 libro
664 4361 766 4417 deficit.
