2994 5108
686 503 748 564 659
1115 517 1176 572 Lib.
1202 517 1287 573 XLII.

141 680 254 750 Codex
287 704 420 768 pugna
453 706 576 770 spem,
611 686 731 751 omisso
765 707 902 770 neque.
952 686 1025 752 Non
1058 710 1158 754 unum
1191 691 1291 774 igitur

139 791 337 860 vocabulum
360 791 545 858 addendum
571 800 653 873 erat,
678 793 736 859 ssd
759 794 839 861 duo:
864 795 911 860 ab
933 802 1014 861 tam
1035 799 1291 864 memorabili

139 921 276 988 pugna
303 921 428 983 pesse,
463 921 581 980 neque
616 923 723 987 spem
756 910 815 970 cet
861 904 946 969 Nam
967 926 1087 988 posse
1111 904 1291 972 desiderari

139 1018 228 1080 recte
252 1009 421 1076 Creverius
444 1009 616 1075 intellexit.
660 1011 763 1077 Paulo
785 1018 861 1096 post
883 1010 913 1095 (ξ
936 1012 969 1093 8)
994 1013 1086 1095 quod
1109 1015 1156 1079 sic
1179 1015 1292 1081 scribi·

138 1119 208 1190 tur:
242 1120 451 1201 Nunquam
473 1117 522 1183 ab
552 1118 708 1184 talibus
738 1120 931 1186 consiliis
954 1120 1205 1188 abhorrebat
1227 1146 1290 1189 re·

139 1232 201 1315 gis
224 1229 396 1307 animus3
431 1229 571 1311 itaque
604 1227 783 1312 plurium
817 1228 995 1295 adsensu
1023 1231 1291 1314 comprobata

140 1345 203 1405 est
225 1337 449 1415 sententia,
478 1335 654 1401 ridiculum
676 1343 738 1416 est;
764 1358 804 1401 ex
825 1338 912 1419 regis
943 1338 1029 1402 enim
1053 1339 1153 1403 animi
1175 1338 1291 1405 habitu

144 1454 179 1514 61
200 1445 415 1512 inclinatione
437 1443 543 1527 ipsius
566 1445 714 1527 sequitur
738 1445 914 1524 adsensus,
941 1466 1006 1510 non
1029 1445 1182 1526 aliorum3
1204 1449 1292 1531 regis

140 1556 272 1623 demum
294 1553 439 1619 adsensu
473 1552 656 1631 declarato,
687 1559 840 1636 poterant
870 1552 926 1617 alii
955 1552 1152 1618 adsentandi
1179 1555 1290 1620 studio

139 1664 228 1730 idem
261 1662 418 1746 probare,
451 1661 514 1725 etsi
547 1659 600 1724 hic
633 1681 698 1725 non
731 1659 933 1740 adsentatio,
962 1661 1020 1726 sed
1053 1663 1153 1727 timor
1179 1662 1290 1727 valuit.

140 1774 245 1839 Recta
268 1771 376 1836 omnia
409 1775 505 1833 erunt
535 1767 665 1833 sublata
692 1768 809 1833 vocula
842 1774 903 1833 est
935 1766 1009 1850 (st),
1043 1789 1114 1851 quae
1142 1791 1181 1834 ex
1203 1791 1291 1835 sen·

138 1882 279 1949 tentia
306 1885 379 1944 orta
407 1883 470 1942 est:
504 1876 663 1958 Itaque,
693 1877 871 1959 plurium
901 1875 1075 1941 adsensu
1109 1897 1312 1961 compro·¹

138 1991 240 2058 bata
270 1985 493 2063 sententia,
522 1984 651 2066 legati
674 1984 722 2049 ad
751 1983 956 2049 consulem
978 1985 1100 2049 missi.
1144 1985 1291 2050 Plurium

140 2097 341 2167 sententiam
363 2116 430 2172 rex,
454 2094 487 2156 in
511 2092 648 2157 eandem
670 2100 799 2177 partem
817 2113 882 2177 ¹sua
903 2100 1018 2176 sponte
1040 2092 1215 2171 inclinans,
1240 2113 1290 2158 se·

140 2214 237 2275 0111118
260 2211 319 2270 est.
364 2201 491 2286 (Polyb.
515 2199 646 2277 XXVII,
671 2205 705 2264 8:
743 2209 835 2288 Ταῦτοιι
854 2210 903 2280 μὲν
931 2199 978 2264 oda
1000 2207 1085 2263 ἐδόκει
1106 2211 1160 2271 τοῖς
1183 2210 1290 2264 ulcione

139 2324 192 2381 τῶν
225 2324 324 2394 φίλων·
359 2315 599 2393 συγκαταθεμένου
632 2314 661 2370 δὲ
694 2317 741 2370 τοῦ
779 2318 905 2390 Περσέως
938 2295 1089 2388 §alpanum
1122 2317 1289 2390 παραχρῆμα

139 2420 323 2507 πρεσβευταί.)
367 2416 417 2482 Ab
440 2439 503 2482 usu
525 2417 680 2501 loquendi
705 2418 888 2483 certissimo
911 2417 994 2482 Livii
1024 2423 1057 2482 et
1080 2418 1289 2501 antiquorum

138 2531 288 2610 discedit,
300 2525 417 2610 quod§
433 2531 469 2590 ll
483 2526 620 2610 legitur:
640 2525 704 2590 Ita
723 2534 806 2592 tum
824 2546 907 2590 mos
925 2533 1030 2604 erat,
1048 2527 1088 2590 in
1105 2526 1289 2592 aduersis

136 2641 296 2710 vultum
318 2634 505 2701 secunda
528 2632 701 2699 fortunae
723 2655 879 2717 gerere,
907 2633 1111 2699 moderari
1138 2635 1291 2698 animos

136 2751 177 2817 in
200 2743 401 2815 secundis.
437 2741 548 2807 Livius
567 2742 748 2825 scripserat
770 2743 911 2821 animo,
932 2748 971 2806 ut
990 2741 1069 2807 alibi
1086 2741 1290 2807 moderari

138 2859 210 2924 irae
235 2855 349 2944 (Ius,
362 2851 405 2934 6),
428 2837 519 2917 odio
543 2849 674 2929 (XXXI,
698 2855 748 2929 44,
766 2849 810 2929 2),
828 2870 904 2914 suae
921 2847 1093 2915 fortunae
1112 2848 1289 2930 (XXXVII,

137 2969 189 3046 35,
209 2964 258 3046 5),
276 2962 373 3045 longe
393 2959 557 3024 diversum
575 2963 633 3037 est,
656 2956 837 3042 quodcum
853 2955 904 3021 his
922 2955 1210 3031 Drakenborchius
1234 2957 1291 3038 (ad

139 3072 196 3154 IV,
221 3076 248 3151 7,
272 3069 305 3151 6)
328 3067 507 3146 confundit,
529 3064 733 3130 moderari
756 3065 846 3130 iura
867 3064 1020 3129 infimis
1044 3067 1291 3150 summisque,

135 3178 198 3246 hoc
227 3184 296 3258 est,
331 3197 443 3259 regere
472 3181 507 3240 et
534 3172 704 3257 aqualiter
731 3171 939 3238 distribuere.
984 3173 1022 3237 In
1045 3173 1166 3238 talibus
1189 3173 1289 3239 rebus

135 3307 297 3373 perquam
320 3282 547 3369 imprudenter
569 3281 710 3360 faciunt,
739 3282 795 3364 qui
824 3281 971 3347 stabilito
999 3281 1033 3346 in
1055 3282 1173 3347 ceteris
1195 3281 1289 3348 libris

135 3395 212 3462 usui
246 3414 347 3459 unum
381 3391 563 3474 exemplum
597 3410 636 3453 ex
658 3388 710 3453 his
733 3389 877 3473 quinque
904 3388 997 3454 libris
1027 3396 1213 3474 opponunt,
1246 3391 1288 3456 ab

134 3504 233 3569 unius
256 3500 383 3566 indocti
411 3507 445 3563 et
473 3501 507 3563 in
529 3518 644 3563 vocum
667 3496 956 3562 terminationibus
986 3518 1072 3582 sape
1102 3498 1227 3564 incauti
1248 3499 1287 3562 li-

132 3609 238 3676 brarii
271 3608 336 3674 fide
369 3605 598 3692 pendentibus.
646 3604 799 3688 Sequitur
828 3603 858 3687 (ᾗ
884 3605 936 3687 13)
970 3607 1003 3669 in
1033 3605 1162 3672 codice:
1195 3606 1285 3671 Haec

135 3738 255 3804 quum
277 3717 593 3781 renuntiassent
615 3714 755 3796 legati,
778 3713 974 3778 miraculo
992 3715 1147 3797 ignaris
1166 3714 1288 3779 moris

134 3824 367 3911 pertinacia
390 3824 514 3889 moris
549 3843 648 3887 esse.
695 3819 852 3905 Grynaeus
876 3820 1007 3887 sublato
1031 3822 1135 3888 altero
1166 3823 1287 3887 moris

136 3931 308 3999 substituit
330 3930 605 4010 Romanorum,
630 3929 834 3993 incommodo
852 3928 942 4010 loco;
967 3929 1024 3996 sed
1048 3929 1288 4015 quodquidam

134 4041 258 4107 moris
286 4038 376 4104 nullo
399 4039 512 4104 addito
536 4037 589 4119 (ne
619 4039 704 4102 eius
728 4036 872 4120 quidem)
895 4045 985 4104 recte
1008 4031 1072 4103 dici
1095 4059 1190 4121 posse
1214 4059 1283 4103 cre·
1301 4045 1374 4114 (547)

135 4146 299 4226 diderunt,
323 4144 500 4224 falluntur,
523 4166 583 4210 nec
605 4145 713 4224 vide0,
736 4145 815 4227 quid
838 4147 927 4229 apud
949 4145 1121 4230 Polybium
1145 4144 1287 4227 (XXVII,

134 4255 178 4339 8),
202 4256 259 4339 qui
282 4254 414 4334 citatur,
447 4253 523 4319 huic
552 4254 723 4333 sententia
757 4254 871 4318 auxilii
903 4255 955 4320 sit.
1008 4254 1160 4338 [Romani
1187 4256 1287 4320 moris

134 4362 299 4448 ignoratio
333 4361 484 4444 faciebat,
518 4368 554 4427 ut
576 4361 773 4428 Macedones
807 4363 1023 4446 pertinaciam
1046 4384 1134 4443 eam,
1159 4362 1199 4428 de
1222 4384 1288 4445 qua
1375 4410 1381 4427 .

1005 4481 1056 4536 42*
