2994 5108
627 456 685 517 691
1057 470 1120 524 Lib.
1139 470 1237 525 XLIV.

83 643 152 720 get
177 659 351 722 operam
372 639 432 703 rei
457 640 502 723 p.)
527 639 648 704 excidit
670 661 788 724 posse
812 642 999 722 (suadere
1022 665 1061 708 se
1085 617 1237 728 nosse);

83 767 189 828 neque
225 748 312 812 enim
346 748 496 813 Latinum
532 755 597 812 est:
632 749 795 814 conii-do
829 771 885 814 me
921 750 1094 817 suadere
1129 751 1169 817 de
1202 773 1238 817 re

81 851 205 919 futura.
263 853 293 938 [ἓ
330 860 369 919 15
415 856 517 921 codex
561 855 954 922 habet:.Sermonum
999 860 1103 924 satis
1147 861 1239 943 ipsa

82 963 241 1046 praebet
268 964 384 1029 urbis
413 964 711 1047 loquacitatem
742 986 855 1030 suam
886 967 1109 1032 contineat.
1157 967 1238 1052 Gry-

82 1091 172 1135 naeus
198 1079 231 1136 et
253 1079 331 1155 post
353 1094 426 1137 eum
449 1072 565 1137 ceteri:
599 1106 641 1114 -
665 1071 779 1153 urbs;
814 1073 921 1157 loqu.
952 1096 977 1156 s,
1008 1077 1236 1141 contineat.

83 1177 147 1254 Qui
169 1179 317 1244 homines
339 1180 494 1263 loquaces
528 1180 630 1263 quasi
651 1180 825 1246 consolans
859 1186 894 1247 et
920 1184 1095 1247 materiam
1123 1183 1237 1266 loqua-

83 1289 177 1352 citati
200 1287 387 1353 defuturam
409 1308 533 1372 negans
557 1309 743 1355 sermonum
773 1290 854 1354 satis
877 1291 986 1373 ipsam
1013 1292 1161 1374 praebere
1183 1313 1238 1356 ur·

82 1395 158 1461 bem
194 1397 290 1476 dicit,
324 1419 389 1463 nou
422 1404 511 1462 recte
545 1398 640 1479 quasi
680 1397 791 1462 fructu
828 1397 999 1463 fabulandi
1038 1400 1238 1465 interdicens

84 1503 249 1587 adiungit:
267 1505 502 1587 loquacitatem
521 1503 681 1587 (omnino)
702 1506 935 1571 continendam
953 1527 1040 1588 esse3
1055 1510 1238 1573 rectissime

84 1618 196 1677 autem
218 1612 311 1677 iubet
339 1634 379 1677 ea
402 1614 555 1692 materia,
578 1633 677 1695 quam
701 1615 785 1678 satis
810 1614 952 1697 amplam
971 1615 1050 1679 urba
1079 1614 1236 1698 praebeat,

82 1719 318 1802 loquacitatem
352 1721 522 1786 contineri.
572 1720 689 1803 Itaque
729 1743 769 1786 ex
801 1722 918 1787 urbis
951 1722 1137 1788 iaciendum
1171 1730 1235 1788 est:

86 1829 200 1908 urbs;
225 1829 276 1893 iis
300 1825 534 1910 (sermonibus)
559 1834 619 1893 oet.
656 1813 764 1911 1864]

170 1934 248 2020 Cap.
273 1940 323 2016 23,
349 1940 367 1999 7
391 1934 462 2015 (ubi
495 1934 536 2001 de
569 1937 727 2002 societate
761 1937 847 2001 inter
869 1935 989 2001 Persea
1019 1945 1052 2002 et
1083 1938 1237 2002 Gentium

82 2045 196 2109 iuncta
224 2043 365 2127 agitne:
400 2042 675 2138 Venientibus
703 2043 871 2127 Illyriis
905 2043 1083 2109 Perseus
1113 2080 1155 2090 -
1189 2044 1235 2109 ad

82 2153 201 2217 Dium
223 2152 420 2217 occurrit.
467 2149 545 2216 Cod.
569 2151 826 2235 Illyriorum3
850 2151 972 2217 excidit
1000 2153 1104 2234 igitur
1122 2153 1235 2236 lega·
1275 2185 1281 2196 ·

83 2261 147 2326 tis.
193 2260 277 2325 Tum
300 2262 334 2325 in
356 2261 407 2340 iis,
429 2281 501 2342 quae
523 2266 721 2342 sequuntur:
754 2260 816 2326 Ibi
840 2280 899 2340 ea,
923 2281 1009 2343 quae
1033 2281 1236 2326 convene·

83 2375 195 2448 runt,
225 2368 475 2433 circumfuso
504 2369 665 2449 agmine
696 2369 880 2451 equitum
902 2368 1017 2433 facta
1049 2370 1235 2433 necessario

84 2476 291 2541 scribendum
315 2482 595 2542 convenerant
618 2476 709 2555 (aute
731 2476 901 2556 Meteone,
923 2482 961 2541 ut
983 2476 1123 2541 Perseus
1146 2478 1235 2541 iura-

83 2592 135 2650 ret
158 2592 247 2651 certo
269 2585 362 2666 ritu.)
407 2581 475 2666 [Sic
498 2581 612 2666 Gron]

170 2692 248 2776 Cap.
273 2697 322 2773 24,
345 2698 365 2757 4
389 2694 436 2775 (in
463 2692 629 2780 mandatis
651 2691 762 2756 Persei
791 2692 834 2757 ad
857 2692 1036 2757 Eumenem
1066 2699 1099 2756 et
1120 2693 1235 2757 Antio·

83 2800 209 2881 chum):
244 2801 315 2866 sub
349 2802 487 2885 specie
516 2799 826 2865 liberandarum
853 2801 1079 2865 civitatum.
1125 2799 1235 2865 Codex

83 2909 308 2997 liberanda¹
325 2910 528 2988 civitatis3
551 2908 762 2972 scribendum
785 2908 901 2988 igitur:
925 2906 997 2971 sub
1027 2908 1167 2990 specie
1189 2907 1234 2971 li-

82 3017 257 3084 berandi
293 3018 498 3081 civitates.
551 3015 774 3080 Liberandi
812 3021 978 3078 mutatum
1011 3021 1061 3078 eet
1098 3022 1235 3097 propter

82 3127 230 3211 specie.
275 3124 291 3207 ξ
315 3130 333 3188 7
357 3126 513 3209 quoniam
535 3124 568 3186 iu
592 3123 704 3187 codice
727 3144 786 3207 pro
810 3144 946 3186 verum
968 3128 1020 3186 est
1042 3142 1149 3199 vera,
1177 3143 1234 3186 ne·

83 3236 152 3300 scio
176 3255 218 3299 an
241 3235 288 3298 sic
310 3231 520 3297 scribendum
548 3231 606 3295 sit:
641 3230 688 3295 ad
711 3230 921 3294 Eumenem
953 3249 1025 3311 per
1059 3230 1233 3312 speciem
1291 3239 1293 3245 ⁴

83 3344 346 3426 captivorum
378 3338 704 3404 redimendorum
737 3339 885 3402 missus
923 3336 1087 3420 legatus
1126 3343 1232 3417 erat3
1351 3388 1353 3393 .

81 3469 166 3513 voro
189 3448 426 3514 occultiora
459 3445 636 3529 quaedam
664 3446 907 3529 agebantur;
941 3444 1023 3509 nihil
1051 3451 1162 3509 tamen
1181 3445 1232 3516 ¹at-

81 3556 225 3651 tirmo.¹)
271 3554 445 3640 [Whittius
468 3561 599 3619 nostras
621 3574 663 3618 re
686 3574 787 3618 vera.
824 3551 932 3634 1864]

168 3662 247 3749 Cap.
272 3669 324 3744 25,
349 3667 362 3726 l
390 3668 424 3727 et
447 3665 480 3725 2:
514 3662 709 3727 Eumenes
743 3681 872 3744 neque
903 3660 1011 3726 favit
1043 3660 1232 3725 victoriae

79 3853 309 3863 -———-..—.

109 3960 133 4028 ¹)
151 3959 232 4028 Quod
259 3958 310 4029 §5
337 3960 441 4016 editur:
468 3958 680 4014 Antiochum
705 3959 876 4013 victorem
903 3938 1042 4027 praemio
1071 3956 1162 4011 belli
1190 3955 1232 4008 ab

150 4045 300 4115 Egypto
328 4044 399 4114 (cod.
419 4045 606 4114 abegypto)
634 4045 758 4112 arceri,
785 4043 966 4112 sicdicitur,
993 4050 1137 4110 tamquam
1156 4056 1229 4110 prae·

149 4130 237 4185 mium
263 4129 330 4186 belli
355 4130 450 4185 nescio
478 4130 555 4198 quod
575 4130 791 4184 instrumentum
819 4129 856 4183 sit
878 4128 1013 4182 Antiochi
1040 4127 1076 4181 ab
1102 4125 1229 4195 AEgypto
1312 4130 1321 4140 “

142 4215 272 4271 arcendi.
317 4215 500 4270 Scribendum
541 4214 628 4283 igitur
670 4231 733 4268 cum
774 4213 929 4269 Gronovio:
965 4213 1108 4282 praemio
1144 4211 1232 4299 helli

150 4299 302 4372 AEgyoto
325 4300 441 4355 arceri.

951 4419 1001 4471 44*
