2994 5108
215 480 278 537 Lib.
296 481 394 537 XLIV.
761 470 824 533 680

218 660 257 718 et
277 653 449 738 imperia
468 657 699 741 trepidans,
730 657 828 723 duos
851 676 897 721 ex
925 654 1065 720 amicis
1088 653 1243 720 Pellam
1264 653 1362 719 alte·

218 782 301 826 rum
333 783 459 845 usque
493 763 543 830 ad
575 765 741 850 pathum
773 764 946 849 pecnnia
980 762 1175 847 deposita
1208 767 1297 827 erat
1323 781 1364 827 ex

217 869 427 952 praesidiis
461 880 627 939 revocat
660 873 868 954 omnisque
903 871 1041 937 aditus
1074 871 1215 955 aperit
1246 868 1363 936 bello.

217 975 293 1043 Non
321 977 467 1044 dubitari
495 986 619 1064 potest,
649 982 727 1066 quin
755 980 871 1046 eadem
898 977 1124 1063 significentur
1156 998 1367 1064 praepropera

217 1085 371 1169 imperia,
400 1106 539 1170 quorum
561 1096 692 1173 postea,
716 1089 849 1174 dempto
871 1095 1014 1167 terrore,
1036 1086 1157 1153 Persea
1180 1087 1368 1173 paenituisse

223 1193 334 1260 Livius
368 1214 394 1258 c.
432 1199 470 1260 10
498 1197 568 1261 init.
602 1205 727 1279 narrat,
762 1198 901 1263 alterum
929 1195 970 1260 de
999 1216 1080 1279 gaza
1106 1197 1198 1280 regia
1224 1197 1260 1261 in
1282 1215 1367 1261 mare

218 1301 438 1385 proficienda,
466 1303 555 1385 quod
576 1304 691 1373 Nicias
713 1304 822 1371 facere
844 1306 953 1370 iussus
976 1311 1061 1383 erat,
1084 1303 1228 1370 alterum
1252 1304 1294 1369 de
1314 1325 1367 1369 na·

218 1409 346 1475 ralibns
379 1409 619 1478 Thessalonicae
652 1414 876 1493 incendendis,
909 1412 1025 1477 datum
1056 1412 1258 1478 Andronico.
1309 1413 1369 1477 Res

219 1523 494 1584 commemoratur
516 1521 617 1586 etiam
639 1523 673 1587 in
696 1523 859 1607 excerptis
876 1519 1014 1586 Diodori
1032 1520 1249 1586 Peirescianis
1267 1544 1298 1604 p.
1311 1523 1367 1585 579

219 1627 333 1706 Wesa‚
367 1625 425 1691 ubi
451 1647 512 1709 pro
534 1626 631 1694 Nicia
660 1629 767 1696 Nicon
795 1628 997 1714 appellatur,
1031 1629 1087 1713 qui
1114 1629 1225 1694 iussus
1254 1628 1369 1694 dicitur

219 1740 265 1810 τὴν
288 1745 315 1798 ἐν
337 1741 374 1815 τῷ
396 1740 476 1814 odup
498 1742 584 1818 γάζαν
606 1744 652 1800 καὶ
673 1747 706 1801 τὰ
727 1745 853 1819 χρήματα
874 1745 1079 1815 καταποντίσαι,
1103 1743 1137 1802 et
1159 1736 1251 1820 apud
1273 1736 1368 1821 Appi·

220 1863 319 1908 anum
340 1843 374 1908 in
395 1841 514 1907 iisdem
536 1839 701 1931 excerptis
725 1845 864 1927 (Maced.
887 1845 926 1911 ir.
953 1845 1015 1928 14).
1059 1844 1131 1911 Iam
1155 1865 1182 1910 o.
1209 1848 1259 1925 10,
1283 1847 1302 1907 3
1323 1843 1367 1908 sic

221 1950 392 2018 scribitur:
414 1950 635 2019 incautior
658 1955 772 2039 (quam
794 1953 1009 2034 Andronicus,
1032 1955 1089 2038 qui
1111 1961 1244 2038 tempus
1265 1959 1369 2018 traxe·

220 2060 287 2143 rat)
309 2058 449 2125 Nicias
470 2055 592 2125 Pellae
614 2063 877 2146 proiiciendo
903 2062 987 2144 (cod.
1014 2061 1290 2145 proiciendo)
1311 2081 1369 2145 pe·

132 2170 350 2242 (oeternis
382 2182 571 2259 pestem,
601 2173 706 2258 qnod
738 2171 879 2238 iuerat
910 2177 1061 2236 natum.
1104 2169 1243 2236 Mirifice
1275 2170 1370 2236 inter·

220 2281 392 2364 polarunt:
435 2284 618 2370 pecuniae
660 2286 829 2365 partem,
876 2279 981 2363 qnod
1019 2278 1157 2344 fuerat
1202 2285 1369 2344 nanctus

222 2389 425 2469 (abundante
448 2393 566 2460 saltem
588 2389 721 2476 partis
743 2386 898 2470 nomine),
922 2388 1017 2470 quasi
1034 2385 1260 2452 nanciscenda
1275 2370 1373 2452 inerit

221 2499 371 2579 pecunia,
395 2501 438 2565 ad
461 2522 559 2585 qnam
582 2500 617 2565 in
638 2497 804 2564 thesauris
826 2497 1008 2581 repositam
1030 2516 1104 2560 cum
1127 2494 1277 2561 clavibus
1299 2495 1367 2560 mis·

223 2625 278 2669 sus
299 2604 411 2674 Nicias
433 2615 515 2674 erat.
560 2606 650 2672 Nihil
673 2613 785 2690 potest
806 2604 1010 2671 manifestius
1033 2625 1122 2682 esse,
1149 2624 1252 2687 quam
1274 2601 1367 2669 scribi

223 2711 356 2779 debere:
379 2717 559 2800 pecuniae
581 2722 752 2799 partem,
776 2735 859 2798 quae
882 2693 1017 2779 fuerat
1039 2714 1082 2774 ad
1105 2711 1260 2775 Phacum
1284 2712 1367 2794 (ἐντῷ

224 2821 363 2904 oluff)
408 2825 491 2890 Erat
512 2826 599 2888 enim
620 2823 746 2887 Phacus
769 2844 827 2886 arx
850 2822 957 2899 Pellae,
981 2823 1013 2884 in
1037 2829 1157 2903 quaet
1179 2841 1263 2903 gaza
1285 2821 1367 2903 regia

224 2930 417 2997 servabatur
439 2941 473 2998 et
499 2934 599 2997 vincti
628 2930 910 3008 custodiebantur,
939 2951 1021 3011 quos
1044 2950 1100 2992 rex
1124 2928 1287 2993 custodiri
1308 2930 1364 2992 ius·

224 3046 325 3118 serat,
354 3042 526 3106 nominata
549 3042 649 3105 etiarn
682 3039 770 3122 apud
793 3038 963 3122 Polybium
988 3035 1119 3118 (xxxl,
1144 3035 1210 3117 25).
1257 3035 1363 3119 Itaque

223 3144 345 3212 frustra
367 3149 517 3214 Valesius
540 3148 653 3227 Pellae,
676 3168 741 3211 non
764 3146 867 3212 Phaci
896 3165 1010 3228 gazam
1032 3143 1251 3209 Macedonum
1274 3143 1362 3208 brisso

223 3253 382 3339 disputat,
404 3264 488 3322 teste
511 3264 609 3322 utens
632 3256 722 3320 Livio
746 3255 786 3335 (c.
812 3259 861 3333 23,
886 3259 904 3317 9
928 3261 961 3318 et
985 3273 1011 3317 c.
1036 3258 1085 3330 46,
1110 3257 1128 3315 8
1151 3251 1250 3317 huius
1273 3251 1360 3327 libri),

223 3364 274 3427 cui
308 3365 441 3445 adiungi
475 3364 632 3449 Polybius
666 3371 776 3447 potest
809 3363 940 3443 (XXIX,
964 3360 996 3442 3)
1020 3368 1053 3425 et
1076 3359 1196 3444 Strabo
1220 3361 1290 3443 (lib.
1313 3355 1360 3421 vll

223 3469 261 3533 ir.
286 3475 326 3535 20
349 3493 388 3536 ex
411 3472 520 3556 epit.);
554 3493 629 3536 narn
653 3493 725 3555 quae
753 3473 786 3535 in
815 3492 891 3536 aree
919 3471 961 3534 ad
984 3469 1108 3534 Pellam
1138 3477 1227 3548 erat,
1262 3469 1358 3534 eadem

223 3578 321 3643 Pellae
344 3591 528 3646 asserente
552 3580 732 3645 dicebatur.
778 3580 860 3644 Livii
883 3579 1014 3661 quidem
1042 3578 1166 3654 locum,
1190 3579 1248 3662 qui
1272 3575 1357 3641 estin

293 3833 408 3897 aliter,
427 3834 512 3887 alibi
531 3840 632 3902 atque
650 3835 736 3887 alibi
755 3833 849 3888 dicere
864 3835 962 3888 solent
1000 3832 1133 3887 Livianoa
1151 3834 1230 3888 locos
1244 3834 1304 3903 plns
1319 3831 1352 3884 de·

292 3936 353 3973 cem
372 3920 547 3988 collegerunt
564 3920 618 3973 Iac.
634 3919 789 3973 Gronovius
805 3924 835 3974 et
847 3915 1093 3974 Drakenborchius
1111 3918 1147 3973 ad
1164 3919 1267 3986 xm,
1287 3914 1351 3983 m

254 4004 275 4069 ¹)
296 4003 376 4071 Quod
394 4006 519 4072 sequitur
537 4005 587 4057 ibi:
616 4006 673 4059 sed
701 4007 734 4058 in
760 4023 831 4059 rem
859 4004 1113 4059 emendabilem
1140 4006 1352 4073 visnslapsnt

293 4106 381 4156 esse,
402 4091 516 4157 rectius,
545 4091 655 4159 opinor,
683 4090 930 4144 Drakenborchius
954 4090 1136 4143 scribendum
1153 4097 1248 4160 putat:
1275 4091 1305 4143 in
1325 4095 1350 4136 rt

293 4175 498 4228 emendabili
518 4192 601 4242 qnam
616 4173 776 4230 Gronovius
790 4180 820 4230 et
834 4176 1017 4229 recentiores:
1035 4175 1070 4228 in
1090 4193 1248 4231 errorem
1266 4183 1349 4228 enarr

293 4259 440 4313 debilem
467 4260 513 4325 (in
539 4278 607 4314 rem
635 4276 691 4313 ern.
716 4278 760 4314 ex:
789 4262 822 4315 in
846 4278 883 4314 re
901 4261 980 4327 em).
1017 4259 1073 4314 Sed
1090 4258 1352 4330 pretereeseriten·

293 4343 359 4396 dum
377 4345 505 4399 ridetur:
523 4346 621 4399 visus
640 4350 687 4397 ast
704 4343 825 4415 lapsus
844 4363 927 4400 esse.
