2994 5108
202 480 263 534 Lib.
282 479 368 534 XXII.
750 467 813 528 298

203 651 417 717 cohaerentia:
441 651 607 716 artibus
627 650 754 728 Fabii,
773 649 954 717 sedendo
973 659 1006 717 et
1024 653 1267 744 cunctando,
1281 654 1362 740 quid

202 766 279 844 apte
312 760 479 843 interponi
511 758 627 841 possit,
668 779 732 823 non
771 759 883 838 vide03
924 766 1014 825 certe
1056 780 1156 825 causa
1194 760 1273 826 belli
1314 763 1363 827 ita

203 867 338 951 gerendi
361 865 656 932 incommodissime
679 865 747 930 illic
768 867 976 947 interficitur,
1000 888 1072 952 quae
1094 874 1184 935 reete
1206 870 1254 933 sic
1276 890 1362 953 prae·

202 977 404 1041 mitteretur:
433 976 591 1056 iamque
616 1007 654 1020 -
680 995 774 1058 pars
798 975 1002 1040 exercitus
1026 975 1171 1041 aberat
1194 1011 1237 1023 -
1260 978 1362 1043 arti·

203 1083 277 1149 bus
301 1071 646 1159 Fabii,sedendo
676 1088 714 1145 et
742 1088 887 1157 cunct,
921 1082 952 1146 b.
976 1103 1054 1165 ger.
1112 1082 1236 1149 Contra
1256 1085 1360 1168 paulo

202 1211 302 1273 supra
319 1188 350 1272 (ᾖ
363 1189 396 1270 9)
408 1188 618 1254 vehementer
637 1188 764 1270 aliquid
781 1188 963 1255 desiderari
980 1190 1124 1271 videtur3
1149 1212 1225 1256 nam
1243 1198 1362 1257 tanta

203 1298 263 1362 illa
285 1297 474 1380 paucitas
498 1293 682 1379 (copiarum
703 1297 737 1360 in
760 1298 879 1362 castris
901 1297 1098 1363 Hannibalis
1122 1300 1254 1364 omnino
1275 1319 1362 1386 prae·

203 1405 359 1486 sentium)
383 1425 455 1489 quae
478 1403 578 1468 fuerit
601 1411 634 1468 et
656 1404 821 1485 quomodo
846 1405 976 1486 effecta,
1006 1407 1116 1471 Livius
1144 1426 1205 1473 nee
1227 1406 1274 1472 ibi
1296 1427 1361 1474 nec

203 1534 305 1597 snpra
328 1513 425 1592 dixit3
454 1510 508 1575 bic
537 1510 666 1575 demum
695 1512 884 1578 brevissime
913 1514 1076 1595 significat
1098 1515 1206 1598 (pars
1230 1533 1360 1580 exerc.

202 1620 292 1702 ab),
327 1620 495 1704 ePolybii
523 1620 714 1683 narratione
742 1621 876 1693 scimus,
911 1623 1028 1686 castris
1056 1624 1204 1706 utrisque
1227 1623 1262 1687 in
1283 1641 1362 1706 pro·

202 1730 324 1814 pinquo
353 1733 531 1811 conspectu
559 1727 693 1811 positis,
727 1727 948 1793 Hannibalem
977 1731 1116 1813 primum
1144 1751 1203 1815 per
1231 1730 1363 1813 aliquot

204 1838 274 1903 dies
303 1843 411 1903 totum
441 1837 622 1901 exereitum
652 1837 868 1914 continuisse,
903 1836 1020 1902 deinde
1052 1846 1182 1921 partem
1210 1838 1281 1902 eius
1310 1858 1362 1917 eo,

203 1966 268 2028 quo
298 1945 381 2023 dixi,
416 1944 553 2009 consilio
584 1943 761 2022 dimisisse,
796 1950 868 2009 tum
895 1944 1025 2009 demum
1050 1966 1070 2009 a
1092 1946 1233 2011 Minucio
1262 1945 1363 2010 etin

202 2053 459 2118 frumentatores
482 2052 572 2117 etin
595 2058 707 2116 castra
728 2052 886 2135 impetum
908 2052 1042 2119 factum.
1087 2053 1205 2138 Itaque
1228 2054 1263 2117 in
1286 2072 1363 2118 eam

205 2162 390 2244 opinionem
412 2160 499 2238 veni,
528 2159 614 2224 idem
637 2158 794 2224 hocloco
819 2160 993 2240 accidisse,
1024 2161 1112 2244 quod
1135 2160 1178 2226 ad
1200 2182 1227 2225 c.
1253 2165 1308 2240 10,
1340 2164 1362 2225 3

202 2269 378 2350 aliquoties
400 2267 525 2333 factum
548 2267 693 2346 ostendi,
727 2273 764 2331 ut
791 2267 894 2333 verba
922 2268 1050 2352 aliquot
1078 2290 1136 2335 suo
1165 2268 1238 2335 loco
1267 2273 1363 2335 mota

201 2376 308 2441 alieno
339 2377 577 2454 insererentur3
611 2375 738 2439 Livium
766 2376 852 2441 enim
879 2376 927 2441 sic
950 2376 1137 2460 scripsisse:
1165 2376 1243 2441 Nec
1271 2377 1363 2443 acie

203 2482 586 2549 certareHannibal
604 2504 737 2562 ausus,
760 2485 859 2566 quia
875 2504 969 2568 pars
987 2484 1197 2549 exercitus
1215 2482 1366 2549 aberat

115 2606 191 2678 (aaa)
210 2590 423 2674 (abierat?)
446 2592 521 2655 iam
545 2597 585 2656 et
606 2597 723 2655 tanta
745 2593 958 2674 paucitate
980 2593 1045 2656 vix
1068 2598 1216 2667 castra,
1238 2591 1272 2655 si
1295 2611 1364 2675 op·

202 2704 503 2783 pugnarentur,
531 2700 660 2764 tutari
689 2704 866 2782 poterat.
916 2699 1082 2782 lamque
1106 2698 1268 2764 artibus
1290 2697 1364 2763 Fa·

202 2807 271 2886 bii,
300 2806 477 2872 sedendo
501 2815 540 2872 et
563 2807 805 2883 cunctando,
833 2799 987 2872 bellum
1009 2807 1264 2890 gerebatcet.
1309 2804 1365 2870 Ex

203 2915 281 2980 iam
316 2922 355 2980 et
391 2915 456 2996 (vel
484 2916 601 2994 iame,
635 2914 754 2980 hausta
788 2923 937 2981 extrema
964 2914 1090 2992 littera,
1127 2913 1215 2996 quod
1243 2911 1365 2979 eedem

206 3022 419 3104 sequebatur)
443 3022 638 3106 geminando
662 3028 770 3087 ortum
793 3022 923 3088 videtur
945 3022 1024 3086 iam
1044 3021 1158 3087 fame.
1204 3019 1268 3086 Sed
1289 3019 1364 3086 baec

204 3113 284 3195 mihi
312 3132 399 3195 inter
425 3131 570 3196 incertas
594 3132 737 3214 suspicio
761 3132 870 3214 posita
895 3131 946 3195 sit.
1004 3128 1092 3211 [Non
1114 3130 1209 3212 longe
1232 3127 1274 3192 ab
1296 3126 1364 3193 hac

206 3239 392 3321 suspicione
415 3236 588 3303 Creverius
617 3238 742 3304 aberat.
784 3239 832 3302 De
854 3237 1114 3320 transpositione
1136 3256 1203 3301 non
1226 3234 1363 3315 dubit03

207 3345 285 3426 quid
315 3366 355 3409 cx
382 3346 460 3409 iam
482 3344 585 3410 fame
608 3344 814 3410 efficiendum
838 3347 888 3425 sit,
911 3345 1070 3410 incertius
1093 3352 1153 3410 est.
1204 3342 1363 3408 Tentari:

205 3453 301 3533 quia
328 3458 446 3517 tanta
473 3474 566 3537 pars
589 3455 799 3518 exercitus
823 3454 968 3518 aberat
991 3459 1029 3516 et
1052 3453 1129 3516 iam
1153 3472 1197 3516 ea
1220 3453 1364 3534 pauci·

204 3566 291 3624 tate
314 3561 378 3623 vix
402 3559 478 3641 cet]
502 3564 514 3641 )

235 3734 256 3802 ¹)
277 3733 341 3803 Cap.
361 3738 403 3802 23,
422 3738 438 3787 7
457 3737 590 3803 quoniam
608 3738 638 3791 in
656 3737 677 3790 P
693 3754 824 3791 numerus
843 3737 917 3790 notis
937 3735 1077 3802 scribitur,
1095 3733 1257 3804 ponendum
1275 3738 1364 3801 puto:

273 3821 432 3875 ducentis
456 3821 691 3890 quadraginta
714 3828 845 3890 septem
868 3838 966 3890 quum
990 3821 1113 3890 plures
1132 3824 1195 3883 cet,
1219 3834 1277 3871 non
1294 3814 1363 3871 dn·

273 3912 407 3960 centos.
436 3906 500 3960 Non
519 3906 637 3961 dixerim
656 3913 750 3960 tamen
766 3924 883 3976 pravum
898 3923 958 3959 esse
977 3911 1048 3959 tres
1067 3904 1187 3974 plnres
1206 3906 1256 3956 aut
1274 3918 1364 3969 qnos

272 3991 401 4059 plures,
419 3996 450 4045 ut
470 3997 513 4045 est
531 3992 606 4061 apud
620 3992 739 4045 Gellium
753 3991 794 4045 VI
808 3991 896 4058 (VII),
918 3994 958 4057 18,
976 3991 1031 4045 etsi
1048 4006 1166 4058 pravum
1184 4004 1246 4042 esse
1264 3985 1365 4041 indice

273 4093 334 4130 sex
350 4077 464 4131 millia
481 4078 558 4146 plus
577 4077 739 4141 XXXVIII,
758 4079 799 4142 55,
818 4079 841 4130 6.
874 4076 977 4143 (1862.)
1018 4074 1084 4143 Cap.
1103 4076 1145 4139 25,
1163 4075 1180 4128 3
1197 4074 1364 4127 necessario

274 4163 439 4230 reponenda
457 4167 513 4227 est,
541 4180 625 4230 quam
643 4162 799 4216 Gronovius
825 4177 942 4230 eumque
965 4160 1054 4214 secuti
1078 4159 1165 4213 ceteri
1184 4156 1366 4227 expulerunt,

274 4252 353 4300 vetus
372 4247 467 4301 nescio
487 4248 564 4301 cuius
584 4247 756 4302 emendatio:
781 4247 814 4300 id
839 4246 1012 4300 enimvero
1038 4241 1216 4298 ferendum
1234 4258 1301 4310 pro:
1328 4242 1366 4296 id

274 4330 363 4383 anim
396 4330 589 4396 ferandum3
622 4332 726 4386 excidit
753 4350 836 4385 vero
865 4335 931 4385 ante
957 4329 1038 4384 iere.
1091 4326 1173 4395 Quod
1200 4326 1366 4382 Gronovius
