2994 5108
168 670 276 723 donec
300 673 357 723 717.
393 669 489 736 Plusq.
518 667 589 721 coni.
612 665 694 720 simul
755 682 804 718 vus
815 681 849 718 ex
858 665 913 718 alio
923 681 989 718 casu
1001 663 1203 732 intellegendus
1214 666 1279 735 6193

168 756 379 826 hypotheticum
397 759 426 808 et
443 752 553 808 causale
569 754 628 806 706.
755 752 813 805 eius
831 750 928 805 formae
947 768 964 804 a
980 750 1101 804 librariis
1115 755 1280 818 permutatas

135 842 315 898 Polliceor
332 841 448 895 faeere
466 842 524 893 348.
755 839 797 905 58,
817 839 876 891 850.
905 837 987 892 Pron.
1006 838 1082 891 relat
1098 837 1169 891 male
1187 837 1224 892 ad
1240 854 1281 892 re·

136 929 340 998 Pomptinus
358 944 374 980 a
393 926 547 980 Pometia
564 927 598 978 65
616 943 642 977 ιι.
754 924 858 978 mutius
876 924 994 978 relatum
1007 927 1050 991 71,
1072 925 1128 976 128.

135 1014 325 1083 Populares
344 1013 405 1080 (sui)
426 1013 482 1065 156.
721 1009 947 1079 Prospectare
965 1012 1020 1063 179.

135 1099 260 1169 Populi
285 1098 399 1168 (singuli
421 1098 595 1167 singulorum
614 1094 693 1163 oppi·
721 1094 929 1165 Prospectus
948 1101 977 1151 et
994 1100 1204 1164 conspectus
1222 1098 1281 1150 427.

170 1185 278 1250 dorum)
297 1185 354 1238 546.
723 1182 953 1236 Pulvinarium
970 1182 1118 1236 barbarum
1136 1184 1194 1235 282.

138 1272 281 1325 Portare
299 1275 328 1324 et
346 1270 529 1339 deportare
547 1270 605 1322 687.
724 1267 903 1322 Putearius
921 1271 980 1322 702.

136 1357 273 1410 Positirns
299 1373 353 1425 pro
380 1356 569 1424 comparativo
595 1352 695 1406 dubins

170 1445 211 1497 97.
725 1438 838 1504 Qualis
857 1439 913 1507 qui
928 1441 956 1494 in
971 1440 1141 1510 superlativo
1156 1441 1283 1511 augendo

137 1527 219 1583 Post
237 1545 294 1582 aex
318 1529 414 1582 annis
437 1529 516 1595 impr.
535 1527 601 1592 580,
628 1525 697 1577 item
758 1525 822 1578 dub.
840 1527 891 1579 205
908 1545 934 1580 n.

173 1632 231 1668 sex
248 1631 355 1668 annos
373 1618 452 1682 post
469 1615 526 1667 628.
724 1609 1013 1681 Quantascunque
1027 1629 1080 1685 pro
1098 1612 1207 1666 infinito
1225 1615 1283 1667 400.

138 1699 301 1755 Potentia
318 1702 369 1754 276
385 1719 412 1754 n
542 1758 545 1765 ,
724 1694 829 1762 Quasi
847 1716 910 1752 cum
928 1714 1011 1768 praes.
1028 1702 1058 1753 et
1073 1697 1182 1768 imperi.
1202 1701 1258 1752 110.

138 1787 365 1855 Praecipitare
381 1788 424 1848 85,
445 1788 499 1839 170.
724 1786 791 1848 Quo
815 1812 850 1820 —
872 1801 908 1837 ac
931 1784 994 1838 dub.
1015 1785 1087 1853 apud
1106 1785 1216 1838 Livium
1234 1787 1285 1839 377

139 1872 382 1926 Praeiudicinm
401 1871 520 1936 iit(non
534 1866 698 1934 affertur)
759 1888 799 1934 n.;
817 1888 879 1938 que
896 1872 1096 1939 transpositum
1113 1873 1173 1939 608,
1191 1888 1285 1926 errore

172 1960 213 2013 97.
759 1954 887 2009 additum
904 1958 962 2011 248.

139 2043 304 2097 Praenomen
321 2059 379 2096 non
397 2048 473 2097 recte
491 2043 622 2096 omissum
641 2043 699 2103 812,
727 2040 895 2111 Quicquid
910 2059 961 2110 pro
976 2042 1123 2111 quidque
1138 2044 1202 2097 dub.
1213 2044 1286 2114 apud

174 2132 232 2196 572,
252 2131 311 2196 690,
330 2146 388 2183 non
405 2134 481 2183 re'cte
499 2128 606 2183 nomini
623 2131 701 2196 post·
761 2128 871 2182 Livium
889 2131 939 2182 543
957 2147 983 2181 n.

173 2216 296 2285 positum
314 2218 366 2270 416
383 2233 410 2268 ιι.
728 2213 930 2283 Quicunque
947 2231 1032 2284 prave
1048 2215 1172 2283 positum
1189 2216 1231 2269 95.

141 2301 305 2372 Praepositio
334 2301 378 2354 bis
401 2299 593 2370 intellegenda
615 2297 702 2369 (apud
728 2299 816 2367 Quid
834 2299 926 2368 qnod
944 2303 993 2354 491
1013 2319 1039 2355 ιι.

175 2385 700 2454 ut‚velut)78‚acaausuointer·
728 2384 866 2452 Quidem
898 2385 976 2452 (non
1008 2404 1043 2455 q,
1076 2388 1127 2440 rix
1158 2387 1194 2457 q.)
1222 2390 1286 2458 335;

175 2478 261 2527 ventu
291 2473 362 2527 alius
391 2471 599 2543 praepositionis
621 2487 700 2541 repa·
763 2473 921 2540 quoniam
940 2472 1074 2541 quidem
1092 2476 1150 2528 214.

176 2564 238 2612 rata
258 2561 315 2625 172,
333 2560 436 2613 omissa
458 2558 532 2628 apud
549 2557 635 2618 relat,
653 2574 702 2627 po·
729 2557 937 2625 Quiescendi
955 2559 1071 2613 verbum
1094 2560 1288 2630 depravationi

177 2645 231 2698 sita
248 2645 322 2713 apud
341 2645 493 2700 demonstr.
512 2646 563 2698 685
580 2661 607 2696 ιι,
762 2645 915 2698 obnoxium
932 2647 992 2712 686,
1009 2647 1066 2699 741.

143 2729 270 2784 Praescns
301 2732 329 2784 in
361 2730 525 2785 condicione
549 2730 634 2783 futuri
658 2729 702 2795 (ni
728 2727 789 2796 Qui
807 2731 915 2785 minus
932 2749 984 2800 pro
1008 2750 1072 2800 quo
1094 2735 1204 2788 minus
1223 2734 1287 2788 dub.

176 2816 235 2882 fit)
259 2818 317 2881 528,
339 2816 413 2885 apud
443 2816 628 2885 gerundivum
650 2833 702 2884 pro
762 2819 820 2869 671.

176 2901 374 2956 1ιι1ιιιο805ιι.
402 2901 528 2956 Praesens
548 2906 576 2955 ot
592 2901 661 2970 perf.
674 2902 702 2954 in
729 2900 911 2970 Quisquam
930 2919 988 2956 non
1011 2904 1147 2971 prascedit
1164 2905 1289 2973 negatio·

178 2986 343 3057 quibusdam
360 2988 454 3040 verbis
472 2987 620 3041 scribendo
639 3005 703 3041 con·
764 2991 910 3055 nem1173
935 3006 1020 3057 prave
1043 3006 1095 3058 pro
1118 2989 1288 3059 quispiam

177 3073 239 3127 insa
256 3075 316 3137 227,
333 3075 392 3127 484.
731 3116 733 3120 ,
763 3076 802 3127 56.

143 3161 299 3214 Praesens
317 3159 365 3226 (de
383 3160 520 3228 pecuniis)
538 3161 595 3214 488.
731 3157 877 3228 Quisque
891 3161 1062 3215 nominativo
1072 3179 1140 3216 casu
1153 3162 1226 3216 inter
1239 3163 1288 3216 ab·

143 3245 350 3299 Praesidium
369 3246 474 3314 duplici
492 3245 583 3314 signif.
605 3247 659 3300 129.
764 3245 866 3300 latirus
884 3248 946 3312 981;
973 3264 1061 3316 pravo
1084 3265 1149 3302 casu
1167 3249 1290 3317 positum

144 3332 278 3385 Praeter
295 3330 456 3384 coniunctio
474 3332 532 3398 415,
551 3333 609 3385 721.
765 3333 824 3399 881,
849 3335 899 3387 558
917 3352 943 3386 ιι.
979 3332 1126 3388 Familia
1150 3327 1290 3404 quaeque

143 3416 276 3470 Praetor
293 3417 387 3470 inter
407 3416 500 3471 cives
515 3435 571 3471 non
585 3418 704 3486 appella·
765 3418 914 3473 trahunt
930 3420 1011 3488 impr.
1030 3422 1081 3473 205
1098 3438 1124 3473 n.

179 3507 225 3556 tur
242 3503 364 3557 urbanus
382 3504 423 3555 68.
731 3501 801 3569 Qno
819 3504 912 3573 plus,
932 3522 989 3559 non
1007 3506 1095 3574 quod
1111 3506 1189 3574 plus
1207 3508 1264 3559 501.

144 3589 279 3643 Primus
305 3588 450 3657 quisque
468 3590 526 3642 689.
732 3590 825 3656 Quod
847 3590 886 3656 (si
904 3589 1004 3658 forte)
1027 3608 1091 3645 cum
1112 3591 1291 3646 coniunctivo

145 3675 314 3743 Princeps
332 3675 373 3727 48.
766 3677 816 3730 516
833 3694 874 3741 ιι.;
893 3677 980 3744 qnod
999 3683 1027 3732 et
1045 3682 1128 3746 quot
1144 3680 1195 3732 484
1212 3697 1238 3732 n.

144 3759 210 3813 Pro
239 3759 369 3814 indicio
405 3759 524 3814 dicere
552 3763 618 3828 ⁴883
653 3778 705 3830 pro
732 3762 830 3829 Quoi;
851 3777 958 3817 errores
973 3762 1073 3818 exhac
1087 3764 1290 3833 scripturailtO.

179 3850 353 3913 quaestore
389 3846 496 3899 alicui
534 3847 603 3913 (non
638 3847 703 3901 ali·
732 3848 871 3917 Quoque
893 3867 951 3903 non
976 3855 1054 3904 recto
1080 3850 1143 3905 loco
1169 3851 1291 3919 positum

179 3929 289 3998 cuius)
308 3933 366 3985 607.
768 3936 825 4001 105,
847 3937 904 4002 122,
924 3938 972 3988 127
989 3954 1015 3988 n.

144 4015 442 4071 Prodictatornon
462 4019 526 4072 nsit
562 4021 620 4072 287.
732 4021 884 4088 Quoteni
904 4024 960 4074 158.

145 4102 287 4166 Profuse
311 4119 395 4172 prave
423 4105 485 4173 (pro
503 4102 577 4157 iuss
596 4110 645 4159 aut
662 4105 705 4159 ef·
733 4105 837 4173 Quum
869 4124 933 4161 cum
963 4105 1047 4159 modo
1085 4113 1134 4161 aut
1166 4112 1293 4179 tempore

179 4186 263 4253 inse)
281 4190 339 4242 288.
767 4192 847 4245 verbi
865 4207 923 4246 non
940 4198 1018 4246 recto
1036 4192 1078 4259 68,
1097 4194 1139 4260 78,
1159 4196 1216 4257 182,
1236 4198 1293 4263 188,

146 4273 302 4327 Pronomen
309 4273 469 4330 reflexivnm
477 4275 607 4329 omissum
614 4278 661 4329 841
671 4295 705 4339 ιι,
766 4279 825 4343 428,
843 4280 902 4345 620,
919 4279 978 4344 689,
996 4281 1054 4332 788.

180 4361 239 4413 508.
258 4360 434 4415 Pronominis
444 4361 554 4414 relativi
562 4362 709 4415 nominati·
