2994 5108
761 502 801 563 37

201 694 282 772 typo
305 685 492 769 (MPLllll,
522 687 741 755 deterioribus
764 687 882 752 ceteris
905 684 1077 768 omuibus),
1100 708 1200 770 prave
1222 695 1358 772 accepto

203 796 314 880 priore
343 803 396 876 et,
426 817 486 880 pro
514 795 674 864 infinitivo
703 796 861 862 historico
890 794 1105 861 substitutum
1127 802 1199 860 erat
1227 796 1357 861 inore-

202 911 358 988 parent,
387 912 424 970 nt
446 903 489 969 ad
512 912 729 990 postquam
750 904 938 970 referretur.
993 902 1148 980 Quaedam
1170 903 1357 970 huiusmodi

202 1019 260 1079 ant
282 1013 382 1078 etiam
403 1014 533 1078 minora
554 1014 590 1079 in
613 1013 690 1079 Lov.
713 1020 743 1093 4,
766 1013 910 1091 Gaertn,
932 1010 1046 1095 fragm.
1064 1011 1213 1093 Haverc,
1235 1012 1352 1078 Portu·
1372 1015 1425 1095 (34)

201 1120 319 1204 gallico
347 1123 501 1206 reperiri,
535 1123 569 1187 in
598 1122 760 1188 editiones
789 1122 890 1186 etiam
917 1126 1066 1205 recepta,
1102 1121 1289 1187 meminisse
1311 1123 1357 1186 vi-

202 1229 291 1294 deor.
326 1230 415 1295 Alibi
437 1231 507 1295 iure
531 1229 674 1296 offensus
698 1237 749 1297 est
771 1236 947 1308 corrector,
970 1229 1044 1312 ipsa
1067 1230 1227 1295 correctio
1250 1230 1357 1295 minus

201 1336 280 1401 felix
308 1345 373 1417 est,
403 1345 440 1403 ut
468 1339 526 1420 IV,
556 1344 590 1419 6,
623 1345 654 1418 1,
686 1339 743 1404 ubi
771 1339 805 1402 in
832 1338 926 1403 Voss.
957 1341 992 1416 2,
1015 1337 1092 1402 Lor.
1117 1341 1136 1400 3
1165 1344 1241 1422 post
1268 1359 1355 1404 ver·

201 1446 327 1511 tisset
344 1446 480 1512 additur
497 1447 712 1528 etconsu13
735 1467 813 1512 nam
831 1446 1014 1513 subiectum
1031 1445 1122 1510 verbi
1139 1446 1357 1531 respondit

200 1554 286 1620 mule
315 1555 429 1620 deesse
452 1554 661 1621 manifestum
689 1563 755 1635 est3
785 1554 842 1620 sed
864 1554 976 1619 Livius
1004 1575 1122 1619 nomen
1145 1555 1252 1639 ipsum
1275 1555 1356 1620 alte-

200 1663 270 1728 rius
292 1663 435 1729 consulis
457 1665 610 1748 posuisse
632 1664 777 1743 videtur3
800 1670 840 1728 et
861 1683 996 1748 prorsus
1019 1684 1156 1746 pravum
1178 1663 1274 1746 est.¹)

248 1757 253 1768 ’
287 1771 336 1835 Ex
359 1772 411 1837 bis
433 1773 534 1856 igitur
556 1772 724 1837 codicibus
747 1772 796 1837 ita
818 1771 1033 1855 comparatis,
1062 1777 1100 1834 ut
1128 1778 1162 1836 et
1184 1771 1355 1855 dignitatis

201 1881 466 1964 praestantiaeque
494 1882 579 1952 ratio
608 1880 770 1946 habeatur
797 1886 832 1945 et
859 1900 1037 1945 consensus
1066 1879 1300 1964 dissensusque
1322 1889 1357 1946 et

201 1995 376 2071 quaeratur,
399 2011 500 2072 quam
522 1991 720 2074 scripturam
742 2010 782 2053 ex
806 2010 872 2072 qua
894 1995 999 2052 ortam
1023 2009 1095 2053 esse
1113 1988 1285 2072 probabile
1304 1992 1355 2070 sit,

200 2098 373 2180 reperitur,
398 2097 478 2181 quid
495 2099 529 2163 iu
547 2098 659 2164 codice
676 2097 855 2182 archetypo
872 2096 987 2177 luerit,
1009 2096 1172 2181 reliquum
1189 2099 1355 2181 negotium

200 2206 345 2289 positum
368 2213 432 2286 est,
462 2213 499 2271 ut
522 2206 598 2285 dixi,
627 2207 661 2272 in
684 2206 806 2272 codicis
829 2205 1000 2290 archetypi
1023 2206 1188 2289 scriptura
1210 2205 1253 2271 ad
1275 2228 1354 2286 rem,

201 2314 414 2394 sententiam,
444 2317 626 2380 orationem
648 2314 814 2393 Latinam,
845 2314 929 2378 Livii
951 2335 1046 2379 usum
1069 2315 1229 2397 exigenda
1250 2323 1298 2395 et,
1327 2318 1353 2381 si
1419 2350 1421 2354 ’

201 2422 281 2506 quid
304 2422 479 2507 discrepat,
501 2423 631 2488 indiciis
655 2430 689 2488 et
709 2424 798 2488 notis
815 2402 964 2488 veritatis
981 2423 1226 2506 persequendis,
1248 2424 1282 2488 in
1300 2446 1355 2489 ex·

203 2532 395 2616 cogitandis,
418 2553 491 2616 qua
509 2532 550 2597 iis
568 2538 646 2616 apte
665 2532 867 2609 conveniant,
890 2530 1191 2615 probabilitateque
1209 2533 1259 2613 iis,
1283 2555 1355 2617 quae

201 2641 374 2720 nominavi,
397 2641 572 2705 momentis
595 2639 822 2705 examinanda.

289 2747 368 2832 [Sed
390 2769 419 2815 a.
447 2753 528 2813 1860
556 2748 710 2814 standum
737 2748 772 2811 iu
799 2747 850 2812 bis
878 2749 993 2832 primis
1021 2748 1133 2812 decem
1157 2749 1240 2814 Livii
1263 2750 1356 2817 libris

201 2863 274 2923 erat
308 2857 381 2922 sola
414 2856 478 2922 fide
512 2857 662 2924 codicum
689 2855 1036 2936 Nicomachiauorum3
1069 2879 1145 2921 nam
1173 2858 1214 2923 de
1243 2860 1355 2926 codice

201 2965 416 3049 palimpsesto
440 2964 623 3031 Veronensi
646 2963 717 3046 (V),
747 2986 843 3047 quem
867 2985 967 3029 unum
990 2971 1085 3029 extra
1107 2964 1196 3030 illam
1220 2968 1355 3051 stirpem

201 3095 272 3138 esse
296 3075 457 3158 suspicari
480 3079 686 3158 poteramus,
715 3078 783 3137 tam
814 3093 920 3156 pauca
947 3080 1028 3138 uota
1050 3080 1145 3138 erant
1168 3075 1220 3156 (ex
1243 3076 1280 3141 A.
1304 3076 1353 3142 W.

201 3182 344 3266 Zumptii
377 3181 491 3247 libello
528 3202 556 3246 a.
587 3183 652 3247 iam
690 3186 770 3245 1869
801 3181 891 3246 edito
926 3180 973 3245 de
1008 3181 1270 3249 Livianorum
1303 3185 1354 3249 li·

201 3290 361 3356 brorum
395 3291 672 3375 inscriptione
708 3296 748 3354 et
781 3289 923 3355 codice
953 3291 1251 3373 antiquissimo
1280 3292 1354 3359 Ve-

201 3400 382 3478 ronensi,
411 3420 477 3482 qno
506 3420 535 3463 a.
560 3399 690 3464 demum
722 3402 799 3462 1861
832 3419 909 3462 usus
938 3419 1026 3477 sum,
1054 3406 1088 3463 et
1116 3421 1155 3464 ex
1183 3403 1354 3484 particulis

201 3505 328 3571 duabus
349 3507 501 3572 brevibus
522 3507 589 3572 iam
611 3513 688 3572 ante
711 3506 947 3571 aDetlefsenio
971 3506 1092 3588 editis),
1115 3515 1151 3572 ut
1174 3510 1214 3574 de
1236 3532 1354 3593 genere

202 3615 272 3679 eius
294 3613 432 3680 iudicari
453 3616 506 3679 rix
529 3622 656 3700 posset,
689 3636 766 3679 usus
794 3615 865 3679 eius
894 3616 928 3679 in
951 3617 1099 3681 oratioue
1122 3619 1354 3684 constituenda

202 3724 395 3807 perexiguus
425 3730 523 3790 esset.
575 3723 639 3789 Sed
661 3744 690 3788 a.
716 3728 798 3787 1868
820 3722 1014 3790 Theodorus
1036 3724 1285 3807 Mommsenius,
1315 3728 1352 3792 V.

203 3830 265 3909 cl,
295 3832 452 3916 quicquid
473 3830 540 3897 illis
564 3831 653 3897 foliis
675 3832 900 3915 palimpsestis
924 3833 1110 3897 continetur
1132 3834 1353 3913 (continentur

203 3945 312 4004 autem
339 3945 453 4024 partes
482 3960 606 4024 magnae
634 3938 711 4005 libri
739 3939 804 4019 ΙΙΙ,
834 3938 893 4018 IV,
924 3939 967 4021 V,
994 3941 1106 4025 aliqua
1135 3942 1234 4006 etiarn
1257 3941 1352 4022 Vlti),
1432 4026 1434 4031 y

231 4133 253 4198 ¹)
271 4134 337 4189 Lov.
356 4138 374 4188 4
394 4135 425 4189 in
447 4134 521 4188 libro
549 4136 670 4205 septimo
698 4140 853 4205 octavoque
877 4135 922 4202 (de
945 4138 1134 4206 superioribus
1157 4154 1214 4190 non
1237 4137 1352 4191 memini

269 4236 319 4274 nec
335 4220 444 4288 notavi)
460 4220 608 4288 aliquoties
626 4223 701 4275 solus
719 4239 783 4276 cum
801 4222 831 4275 M
848 4222 997 4291 consentit,
1014 4222 1044 4275 in
1061 4223 1143 4276 rebus
1161 4221 1218 4275 iere
1236 4221 1351 4276 minutis

270 4312 316 4359 aut
334 4305 481 4375 scripturis
500 4305 593 4361 dubiis
611 4313 660 4361 aut
677 4307 786 4361 vitiosis
805 4307 929 4375 (utVIIl,
944 4326 966 4361 o.
980 4310 1019 4376 17,
1038 4310 1062 4374 2,
1081 4325 1103 4361 o.
1114 4311 1155 4375 24,
1174 4307 1208 4375 3),
1228 4308 1311 4362 semel
1322 4312 1352 4362 et

270 4391 369 4445 iterum
388 4408 452 4444 cnm
469 4391 551 4447 bonis
570 4392 709 4453 omnibns,
727 4398 760 4447 nt
779 4410 801 4447 c.
823 4395 862 4462 19,
881 4396 897 4446 7
916 4399 944 4446 et
962 4397 985 4448 8.
