2994 5108
229 492 290 550 Lib.
308 492 392 548 XLV.

228 688 299 752 per
327 667 592 733 centuriones
621 666 781 746 divisit,
815 669 933 752 scripsi
966 687 1146 752 novaque
1174 668 1246 749 iIs3
1278 667 1377 732 viris

228 776 448 860 geminatione
481 774 668 841 litterarum
696 797 743 841 ue
777 782 885 843 ortum
912 777 1038 860 puto.¹)
1082 776 1168 842 Nam
1189 776 1281 860 quod
1302 776 1377 841 Nie-

226 884 363 950 buhrius
385 885 473 949 viros
496 905 556 966 pro
579 884 745 967 peditibus
764 885 870 951 dictos
888 891 991 970 putat,
1014 884 1129 951 subiici
1149 886 1238 951 enim
1261 907 1279 950 e
1302 906 1374 951 con·

226 996 329 1061 trario
353 994 581 1076 equitatum
604 1013 776 1077 quoque,
799 993 953 1059 dicuntur
976 995 1023 1060 sic
1045 995 1247 1060 coniunctim
1269 997 1374 1077 equi·

226 1110 288 1170 tes
321 1103 482 1186 virique
516 1100 622 1186 (equi
656 1101 837 1185 virique),
871 1103 949 1168 viri
977 1102 1110 1187 quidem
1137 1124 1197 1187 per
1226 1125 1275 1184 se,
1300 1103 1375 1169 sub·

228 1217 386 1294 sequente
408 1212 442 1276 in
464 1210 571 1277 altero
595 1210 724 1276 demum
747 1212 907 1278 orationis
934 1211 1080 1278 membro
1109 1213 1259 1294 equitum
1288 1233 1375 1277 men·

225 1321 324 1400 tione,
347 1340 524 1402 nusquam,
548 1318 718 1404 multoque
740 1321 855 1398 minus,
877 1320 1081 1404 praecedente
1109 1321 1187 1386 hoc:
1222 1321 1375 1386 referre

225 1435 367 1494 vetera
389 1449 499 1493 arma
526 1428 681 1494 milites
708 1429 848 1509 iussit,
879 1434 968 1494 recte
989 1449 1171 1514 novaque
1194 1431 1297 1494 viris
1319 1429 1375 1495 illa

226 1535 466 1618 significatione
507 1537 689 1602 subiicitur.
741 1536 860 1603 Statim
900 1540 988 1622 post,
1028 1537 1086 1603 ubi
1126 1544 1191 1602 est:
1233 1538 1374 1604 fabros

227 1666 323 1711 cura
355 1647 632 1728 conquisItos,
666 1668 733 1713 uon
762 1645 892 1727 dubito,
922 1647 1002 1730 quin
1031 1645 1141 1712 Livius
1171 1667 1256 1712 cum
1279 1668 1376 1712 cura

224 1754 407 1844 scripserit,
431 1760 470 1819 ut
492 1752 593 1835 XXII,
617 1760 668 1834 42,
693 1761 721 1836 5,
744 1755 864 1836 XXIII,
888 1759 937 1834 31,
963 1759 1000 1820 15
1020 1761 1053 1819 et
1076 1757 1126 1835 33,
1149 1759 1178 1835 8,
1200 1755 1302 1835 XXV,
1327 1758 1375 1835 22,

225 1867 253 1943 2,
276 1861 407 1941 XXVII,
442 1867 493 1943 24,
523 1867 553 1943 8,
587 1862 716 1944 XXXV,
747 1867 777 1943 9,
801 1868 830 1943 4,
864 1861 1042 1944 XXXVIII,
1072 1867 1121 1943 18,
1145 1868 1165 1928 7
1193 1868 1301 1944 stae,
1327 1868 1374 1942 10,

225 1971 374 2051 XXXIX,
398 1975 428 2051 7,
452 1975 487 2051 5;
510 1993 605 2037 cura
627 1971 733 2038 solnm
755 1974 811 2057 qui
834 1972 874 2037 de
891 1972 988 2037 modo
1004 1973 1053 2036 rei
1075 1973 1210 2056 agendae
1221 1973 1375 2057 posuerit,

224 2080 386 2145 adiectivo
405 2102 471 2145 non
490 2079 614 2161 addito,
634 2101 700 2146 non
717 2081 861 2164 reperio;
884 2080 982 2145 aliter
998 2079 1114 2160 XXVI,
1131 2085 1183 2160 45,
1201 2085 1221 2145 9
1240 2080 1375 2146 dicitur:

223 2210 321 2255 cura
348 2209 395 2252 ac
417 2189 587 2254 ratione
616 2194 864 2273 compertum
886 2190 925 2253 in
949 2188 1182 2273 prodigium
1204 2209 1249 2254 ac
1278 2189 1375 2254 deos

223 2297 430 2377 vertens')

309 2406 348 2471 In
375 2405 491 2488 fragm.
524 2405 579 2472 lib.
605 2404 692 2471 CXX
721 2407 809 2491 apud
837 2406 994 2473 Senecam
1028 2405 1193 2470 rhetorem
1216 2403 1310 2471 Suos.
1333 2403 1376 2469 VI

227 2521 355 2580 servato
379 2520 413 2579 et
435 2534 456 2578 a
478 2515 597 2580 ceteris
620 2522 655 2579 et
685 2535 706 2580 a
727 2515 888 2581 Bursiano
917 2515 987 2583 sine
1015 2514 1086 2581 ulla
1114 2515 1275 2580 varietate
1297 2514 1374 2578 sori·

144 2707 148 2715 Ι
224 2622 329 2687 bitur:
370 2624 527 2706 magnis
565 2624 730 2689 interim
772 2625 881 2689 ictus
919 2623 1176 2703 vulneribus,
1211 2622 1374 2700 exsilic,

226 2732 343 2797 ruina
371 2733 562 2815 partium,
596 2755 666 2816 pro
697 2733 843 2814 quibus
873 2738 1063 2811 steterat,
1097 2730 1200 2796 filiae
1228 2739 1375 2807 morte,

227 2842 340 2905 exitu
369 2847 449 2905 tam
476 2842 597 2905 tristi
626 2849 749 2923 atque
778 2841 934 2907 acerbo.
980 2839 1024 2904 Et
1047 2846 1157 2905 tamen
1179 2840 1260 2924 quid
1283 2861 1375 2923 aper-

225 2950 308 3027 tius,
333 2971 431 3031 quam
454 2971 518 3014 non
541 2972 637 3033 posse
661 2957 719 3014 aut
741 2972 881 3032 usquam
904 2955 962 3014 aut
986 2950 1018 3013 in
1043 2948 1105 3014 hac
1132 2949 1376 3015 enumeratione

228 3058 363 3122 eandem
387 3078 455 3121 rem
478 3057 529 3122 bis
553 3058 599 3123 sic
624 3058 813 3140 significari,
846 3066 883 3123 ut
910 3059 1050 3143 primum
1073 3057 1176 3122 filiae
1199 3079 1306 3123 mors
1329 3056 1375 3120 di·

227 3174 335 3245 catur,
359 3167 475 3232 deinde
500 3167 744 3249 superaddatur
768 3169 955 3233 distinctius
978 3169 1113 3232 exitus
1136 3175 1215 3231 tam
1238 3167 1376 3231 tristis

227 3283 349 3360 atque
384 3274 583 3339 acerbus?
626 3275 717 3339 Filiae
751 3279 836 3341 enim
871 3277 976 3342 exitus
1010 3283 1124 3358 aperte
1158 3274 1375 3358 significatum

228 3382 395 3449 Ciceronis
418 3384 521 3468 ipsius
544 3406 650 3467 neque
679 3385 818 3450 acerbus
850 3386 1009 3466 (Romano
1039 3384 1129 3449 vocis
1159 3405 1239 3464 usu,
1261 3385 1296 3449 id
1318 3391 1375 3463 est,

229 3497 459 3577 praematurus)
481 3491 544 3558 fuit
566 3516 671 3577 neque
695 3495 783 3557 iuter
806 3514 845 3558 ea
867 3495 962 3572 mala,
986 3514 1057 3576 quae
1080 3494 1171 3558 vivus
1193 3514 1310 3576 parum
1332 3494 1375 3557 vi-

227 3602 332 3667 riliter
354 3601 439 3681 tulit,
462 3604 627 3667 numerari
650 3610 791 3685 poterat.
837 3602 953 3688 Itaque
976 3609 1121 3687 apparet,
1144 3623 1245 3685 quum
1269 3603 1376 3668 Livius

228 3712 413 3795 scripsisset
447 3708 546 3774 filiae
576 3711 689 3774 exitu
717 3717 798 3775 tam
831 3713 947 3776 tristi
976 3717 1101 3797 atque
1125 3711 1293 3792 acerbo,
1322 3712 1376 3776 ad-

230 3821 388 3903 scriptum
417 3840 489 3883 esse
518 3827 659 3897 morte,
691 3820 789 3904 idque
811 3822 895 3886 male
918 3821 952 3884 in
974 3825 1163 3885 contextum
1185 3817 1380 3905 receptum]

314 3928 454 3992 Tantum
478 3935 564 4009 erat,
592 3929 682 4010 quod
708 3936 785 4013 post
814 3929 896 3995 alios
917 3928 1000 3993 Livii
1022 3927 1116 3994 libris
1140 3929 1376 3996 emendationis

235 4036 448 4119 impertirem.
480 4075 483 4080 -

255 4221 280 4281 ¹)
299 4219 470 4291 [Kruegerus
489 4225 594 4294 pariis
617 4225 661 4277 rel
683 4225 785 4293 piriis
804 4225 833 4278 in
852 4225 914 4279 cod.
934 4243 993 4278 esse
1016 4224 1119 4293 tradit;
1149 4230 1247 4295 potest
1270 4245 1330 4297 per
1345 4244 1375 4280 ex

300 4311 430 4377 sequenti
449 4328 507 4378 per
525 4316 619 4363 ortum
638 4308 716 4377 esse]

255 4393 283 4457 ¹)
302 4391 485 4464 [Kruegerusz
512 4396 596 4463 „Post
614 4396 733 4450 fabros
752 4396 853 4450 littera
873 4396 889 4448 1
907 4397 1057 4465 vestigium
1080 4396 1193 4452 videtur
1216 4400 1314 4455 adesse
1330 4415 1376 4468 po·

300 4485 412 4550 testquo
431 4481 515 4536 fuisse
534 4481 628 4550 ΟΨ]
