2994 5108
123 444 128 450 ’
189 483 252 537 nis.
270 482 355 538 xxv.
738 471 801 533 364

190 677 276 720 nem
304 663 455 721 vocata
476 656 751 739 inopiamque,
774 677 857 738 quse
878 656 961 741 ipsi
982 656 1090 721 inter
1111 674 1152 721 sc
1174 653 1349 724 fremere

191 762 344 829 occulti
390 764 508 830 soliti
547 769 679 843 erant,
726 765 962 847 conquesti,
1009 785 1247 847 quamquam
1285 771 1350 832 tot

190 871 296 938 mala
334 878 548 955 urgerent,
592 880 795 956 negarunt
832 871 1040 938 fortunam
1077 874 1349 941 accusandam

190 987 252 1046 cet.
310 979 364 1045 Sic
391 981 435 1059 P;
468 981 504 1045 iu
532 980 606 1045 aliis
635 979 806 1055 codicibus
835 980 957 1046 dicitur
985 1002 1055 1047 esse
1083 981 1349 1066 inopiamque

190 1110 269 1172 qua
291 1095 351 1153 aut
373 1071 502 1170 quam;
526 1082 631 1171 vulgo'
645 1088 824 1154 edebatur:
848 1089 1122 1174 inopiamque,
1144 1110 1231 1172 qua,
1254 1088 1349 1157 abla-

190 1198 258 1262 tivo
282 1197 411 1280 inepto,
445 1196 732 1263 Weissenbornius
761 1196 930 1260 lulurlas
958 1197 1231 1281 inopiamque,
1262 1218 1348 1282 ques

190 1305 334 1389 scripsit.
386 1302 603 1370 Scribeudum
627 1312 713 1370 erat:
743 1305 922 1388 inopiam
944 1326 1111 1389 quaque
1133 1304 1217 1389 ipsi
1237 1305 1350 1373 inter

189 1436 229 1481 se
258 1412 302 1479 fr.
327 1412 487 1480 occulte
517 1413 596 1493 (uon
624 1413 792 1498 occulti)
821 1413 939 1479 soliti
969 1419 1101 1493 erant,
1129 1415 1348 1496 conquesti

189 1529 262 1588 cet:
305 1522 481 1604 Quaeque
504 1527 537 1586 et
559 1541 723 1605 quequae
745 1522 779 1585 in
802 1520 967 1599 codicum,
997 1521 1097 1587 etiam
1119 1521 1154 1601 P,
1182 1522 1350 1607 scriptura

190 1631 272 1696 nihil
294 1651 412 1714 reapse
436 1629 604 1695 differunt.
655 1628 785 1709 (XXVI,
817 1632 865 1708 12,
896 1633 934 1693 15
963 1628 989 1692 P
1017 1627 1235 1713 famesquae
1263 1651 1348 1714 que,

193 1744 247 1819 19,
283 1741 524 1822 10'quequae
558 1758 579 1802 a
611 1735 810 1816 Puteolis,
844 1740 902 1816 22,
935 1743 954 1801 4
989 1738 1347 1824 centuriamquaeq.

191 1846 315 1913 Contra
336 1846 361 1910 P
385 1847 418 1910 in
441 1846 560 1911 ceteris
584 1851 618 1909 et
639 1846 673 1909 in
697 1844 770 1909 edd.
794 1850 939 1909 erratum
964 1851 1014 1911 est
1035 1844 1173 1927 XXVII,
1204 1849 1253 1928 13,
1283 1849 1349 1932 11.)

104 1967 175 2034 (298)
193 1956 348 2020 Extremo
373 1955 480 2037 capite
498 1952 529 2037 (ἓ
543 1952 575 2035 9)
592 1952 712 2017 lacuna
736 1955 783 2018 sic
804 1952 873 2018 iere
896 1953 1060 2037 explenda
1082 1961 1149 2020 est:
1172 1957 1206 2021 si
1228 1957 1348 2025 simul

190 2064 393 2130 liberatas
422 2062 469 2126 ab
498 2059 798 2145 impotentibus
826 2063 1014 2146 tyrannis
1037 2062 1242 2144 Syracusae
1264 2085 1349 2131 cue

190 2179 225 2236 ct
248 2171 448 2254 applicare
471 2190 509 2234 se
530 2170 705 2233 benetia
728 2171 1036 2254 apparuisset.¹)

277 2278 356 2364 Cap.
381 2284 436 2357 31,
473 2283 491 2340 7
525 2277 573 2360 (in
601 2277 752 2343 Marcelli
787 2277 829 2342 ad
859 2277 1085 2363 Syracusanos
1116 2278 1247 2347 deditos
1275 2303 1349 2349 ora·

190 2388 310 2470 tione):
350 2388 437 2452 Sibi
477 2387 650 2450 omnium
690 2385 874 2451 laborum
907 2386 1274 2473 periculorumque
1304 2425 1350 2436 —-

118 2516 130 2530 ⁴
189 2502 269 2560 tam
298 2494 366 2558 diu
390 2493 684 2558 exhaustorum
706 2515 961 2578 nequaquam
984 2502 1147 2561 tantum
1169 2495 1349 2564 fructum

190 2625 292 2682 esse,
315 2602 420 2686 quod
443 2622 589 2685 capere
612 2601 839 2685 Syracusas
863 2604 1078 2686 potuisset.
1125 2603 1227 2670 Nullo
1250 2605 1350 2672 modo

190 2718 345 2776 tantum
369 2709 518 2775 absolute
543 2732 602 2793 pro
629 2711 731 2775 satis
756 2732 895 2793 magno
920 2711 1025 2795 accipi
1039 2718 1151 2794 potest
1166 2712 1349 2796 (quomodo

189 2818 474 2884 Weissenbornius
497 2840 651 2883 enarrare
675 2817 843 2900 conatur);
871 2840 976 2900 neque
999 2818 1069 2884 heco
1092 2841 1200 2905 operae
1224 2821 1352 2888 trustra

189 2932 326 3010 sumptae
356 2928 546 3009 conquestio
570 2926 719 2990 Marcelli
748 2948 896 3011 personae
926 2935 983 2992 aut
1011 2929 1153 3011 tempori
1184 2930 1349 2996 convenit

188 3035 392 3099 Exciderunt
427 3035 528 3099 verba
562 3035 704 3118 aliquot,
739 3057 840 3117 quum
874 3036 908 3130 iu
936 3035 1023 3099 hano
1051 3035 1120 3100 fere
1149 3039 1350 3104 sententiam

216 3307 238 3371 ¹)
259 3303 335 3373 [Cap.
355 3307 400 3370 29,
424 3308 448 3369 6,
474 3306 527 3359 etsi
546 3322 603 3359 non
620 3322 683 3359 raro
701 3306 799 3359 Livius
819 3324 851 3359 ea
869 3307 1062 3377 implicatione
1081 3309 1289 3364 sententiarum
1306 3328 1349 3365 ne·

256 3390 406 3443 lativarum
425 3396 454 3444 et
472 3408 551 3444 casua
570 3392 743 3459 pronominis
762 3392 798 3445 ad
816 3393 938 3460 priorem
961 3394 1131 3447 sententiam
1151 3396 1352 3451 accommodu-

255 3475 345 3540 tione,
373 3474 408 3527 do
431 3493 486 3542 qua
507 3493 623 3543 gramm.
641 3476 703 3530 Lat.
722 3475 738 3544 ξ
756 3480 808 3531 445
826 3478 950 3546 exposui,
968 3479 1065 3544 utitur,
1083 3484 1179 3534 tamen
1202 3481 1267 3536 brec
1290 3499 1353 3537 ore·

256 3560 341 3613 tionis
360 3558 460 3612 forma:
484 3562 637 3629 posteris
656 3579 793 3630 quoque
813 3581 883 3616 eam
901 3562 1020 3630 (urbem)
1040 3567 1246 3632 spectaculo
1264 3583 1352 3637 esse,

256 3661 320 3712 quo
343 3645 502 3712 quisquis
527 3652 631 3713 terra,
660 3647 821 3715 quisquis
839 3649 922 3700 mari
947 3650 1097 3716 venerit,
1116 3667 1207 3704 nune
1226 3658 1353 3708 nostra

254 3735 452 3799 —tropaea‚
484 3748 573 3785 nunc
601 3737 659 3784 tua
680 3761 715 3769 —
739 3733 918 3798 ostendat,
946 3734 976 3787 in
1002 3750 1058 3802 qna
1082 3751 1097 3787 e
1119 3752 1186 3803 quo
1211 3738 1353 3794 adverbio

255 3815 291 3869 ad
306 3817 441 3870 venerit
455 3817 667 3869 accommodato
683 3817 837 3870 eruendum
851 3823 893 3871 est
909 3819 1065 3873 subiectum
1075 3820 1155 3874 verbi
1172 3823 1354 3891 ostendat,

154 3924 162 3933 ‚
255 3900 353 3969 (ques,
380 3901 541 3970 quisquis
560 3919 597 3955 eo
617 3900 690 3968 cet),
714 3903 799 3955 nimis
824 3903 894 3956 dura
913 3904 980 3957 olim
999 3904 1069 3958 mihi
1094 3904 1248 3960 videbatur
1264 3909 1354 3980 scrip-

255 3987 346 4054 sique:
371 4003 455 4054 quae,
474 3987 632 4055 quisquis
655 3992 707 4039 cet.
749 3986 829 4041 Nune
849 3987 937 4055 (1876)
955 3991 1068 4044 mallem
1094 3995 1249 4060 retentum,
1273 3994 1354 4063 quod

255 4071 389 4124 traditum
412 4077 478 4124 erat.
516 4070 619 4136 (Minus
638 4077 715 4124 recte
734 4074 769 4124 ab
788 4074 849 4126 aliis
868 4091 932 4141 qno
952 4075 1118 4141 enarratur.)
1146 4075 1285 4132 Proxima
1303 4079 1354 4134 in·

254 4156 529 4223 columesque-
553 4155 669 4209 tradas
693 4158 733 4210 sic
756 4158 853 4212 Livius
882 4158 1025 4226 adiungit,
1059 4160 1143 4229 quasi
1171 4178 1262 4231 supra
1285 4169 1358 4234 post

255 4257 351 4308 quam
375 4243 492 4294 verbum
515 4241 671 4307 addiderit,
699 4243 797 4295 sinas
821 4244 864 4296 vel
889 4242 1032 4312 iubeas]
1068 4245 1134 4315 Cap.
1154 4248 1198 4312 30,
1219 4250 1250 4300 ll
1276 4266 1357 4303 nunc

254 4325 353 4392 editur,
372 4326 607 4393 quemadmodum
626 4324 765 4395 inOpusc.
777 4327 803 4380 ll
821 4346 847 4397 p.
859 4330 910 4382 362
929 4330 1111 4385 scribendum
1131 4348 1194 4385 esse
1214 4332 1357 4389 dixeram.
