2994 5108
696 450 758 511 297
1137 463 1200 518 Lib.
1218 463 1306 518 xxii.

147 654 174 703 1·
190 635 268 718 (ab)
292 635 446 701 castris
468 626 718 700 Hannibalis
737 636 947 718 equitatus
970 671 1013 680 -
1035 637 1216 712 emissus,
1244 635 1307 700 hoc

146 753 213 825 est,
246 765 308 828 per
341 763 414 808 eam
447 749 576 827 partem
610 742 681 824 agri
716 742 994 821 circumiacentis,
1030 765 1102 826 quae
1137 764 1156 807 a
1187 745 1306 808 castris

145 849 345 918 Hannibalis
385 871 502 915 aversa
535 857 607 914 erat
640 850 738 932 (pone
773 850 923 916 Romana
957 850 1089 931 castra).
1150 852 1307 934 Apparet,

147 961 206 1044 qui
234 959 278 1027 ad
306 979 464 1036 111111,
500 957 589 1040 quod
624 956 773 1022 absolute
807 959 951 1041 positum
980 957 1136 1024 librarius
1165 979 1230 1023 non
1258 960 1307 1023 in·

147 1067 342 1151 tellegebat,
371 1064 516 1130 adscribi
538 1066 684 1148 potuerit
706 1071 860 1145 castra;
883 1067 917 1129 in
940 1066 1075 1150 reliquis
1096 1087 1197 1131 unam
1218 1066 1307 1132 litte·

146 1196 221 1241 ram
244 1173 276 1254 (a
299 1196 359 1257 pro
383 1172 413 1255 a)
437 1173 571 1238 mutavi.
621 1171 761 1238 Gravior
783 1172 948 1238 dubitatio
972 1180 1078 1239 restat
1100 1175 1198 1257 paulo
1222 1182 1307 1257 post,

148 1304 189 1350 ec
223 1280 394 1349 difficilior
427 1280 608 1365 explicatu,
642 1280 746 1362 quod,
781 1300 978 1362 quamquam
1014 1304 1072 1364 per
1105 1290 1212 1348 totum
1245 1283 1308 1347 hoc

149 1396 262 1476 caput,
290 1396 400 1455 tamen
424 1388 471 1454 ibi
493 1387 525 1469 (ξ
548 1392 567 1452 9
591 1394 625 1452 11
649 1386 701 1467 10)
724 1389 864 1452 maxime
888 1397 1038 1472 apparet,
1062 1397 1185 1472 quanto
1210 1410 1308 1472 opera

150 1498 264 1564 Livius
294 1496 473 1562 dilucidam
495 1495 626 1580 Polybii
653 1496 876 1560 narrationem
900 1495 975 1577 (ΙΙΙ,
1013 1501 1087 1576 101,
1122 1497 1196 1577 102)
1221 1519 1308 1581 quae·

150 1605 227 1671 dam
260 1606 332 1671 sine
366 1596 490 1669 dilectu
524 1602 794 1685 cohaerentiaeque
830 1624 910 1668 cura
938 1605 1142 1688 excerpendo
1172 1614 1204 1668 et
1231 1604 1308 1669 flos·

149 1714 242 1780 culos
274 1705 457 1778 rhetoricos
491 1710 643 1776 addendo
677 1711 874 1795 perverterit
907 1718 941 1775 11
975 1713 1209 1778 obscuraverit.
1271 1712 1308 1777 ln

150 1821 213 1887 tali
246 1823 334 1887 enim
366 1820 441 1885 loco
476 1818 555 1900 quid
589 1818 715 1883 dictum
747 1840 813 1883 non
848 1818 1011 1884 dictumve
1045 1820 1088 1884 sit
1122 1826 1156 1884 11
1189 1820 1309 1903 quibus

151 1928 261 1995 verbis
284 1947 416 2012 quoquc
439 1927 569 2006 ordine,
597 1924 730 1991 difficile
760 1933 810 1992 est
836 1926 994 1992 iudicare.
1046 1926 1228 2009 (Flosculos
1251 1927 1308 1991 ad-

152 2034 241 2102 ditos
269 2056 372 2117 quum
400 2035 491 2113 dico,
525 2033 673 2115 significo
708 2041 742 2098 et
770 2034 851 2099 illud
874 2056 988 2117 supra,
1022 2034 1097 2117 14,
1132 2035 1307 2101 emblema:

152 2144 262 2226 quod
301 2142 467 2207 minime
500 2141 589 2225 quis
623 2141 828 2220 crederet,
868 2143 902 2206 in
936 2166 999 2225 quo
1034 2142 1205 2208 Creverius
1238 2144 1308 2208 iure

152 2251 264 2332 haesit3
289 2284 328 2297 -·
354 2250 435 2332 quid
463 2251 549 2315 euim
579 2249 653 2313 miri
676 2256 741 2327 est,
776 2270 876 2331 quum
904 2250 1009 2315 hostis
1038 2253 1171 2334 propior
1188 2251 1256 2329 sit,
1289 2272 1310 2315 a

152 2359 241 2427 bono
274 2360 474 2442 imperatore
508 2357 610 2422 minui
639 2355 886 2440 pabulatorum,
921 2361 1034 2440 augeri
1068 2358 1212 2441 praesidii
1246 2368 1395 2435 1111143)

151 2464 540 2551 11111111-11111111
570 2465 690 2529 artium
720 2464 944 2546 mentionem.)
999 2466 1038 2530 ld
1066 2472 1178 2531 tamen
1206 2467 1310 2530 mani·

152 2575 276 2641 festum
305 2581 356 2639 est
385 2580 419 2639 et
448 2594 487 2637 ex
515 2573 686 2638 sententiae
716 2573 942 2655 orationisque
972 2573 1197 2640 1111111111
1221 2573 1310 2639 codi-

152 2703 227 2749 cum
256 2682 404 2761 indiciis,
438 2680 593 2745 mendum
621 2679 745 2744 haerere
773 2679 927 2762 11110,
963 2702 1059 2763 quem
1087 2683 1194 2747 locum
1223 2680 1310 2747 PCM

152 2791 201 2857 sic
240 2790 401 2875 scriptum
439 2788 579 2853 habent:
627 2787 790 2867 lamque
835 2790 994 2853 artibus
1034 2789 1175 2854 Fabiis
1214 2809 1311 2872 pars

153 2897 366 2963 exercitus
395 2895 543 2961 aberat
570 2895 648 2960 iam
675 2893 778 2960 lame
808 2895 984 2961 sedendo
1014 2904 1054 2961 et
1083 2896 1310 2961 cunctando

154 3005 308 3071 bellum
342 3003 519 3087 gerebat.
576 3002 671 3080 Quod
705 3023 765 3086 pro
799 3001 902 3068 fame
936 3024 957 3068 a
991 3002 1154 3068 Sabellico
1190 3003 1311 3068 substi-

152 3119 264 3179 tutum
298 3119 351 3177 111
383 3109 432 3190 (11
459 3111 602 3175 fortasse
631 3111 696 3174 iam
726 3118 802 3175 ante
831 3111 873 3176 ab
902 3110 1029 3194 aliquo,
1064 3111 1187 3176 111111
1216 3110 1310 3175 codd.

153 3218 483 3285 Drakenborchiauis
505 3219 671 3303 plerisque
694 3216 904 3299 1111111111),
932 3217 948 3281 1
952 3240 1064 3298 erma,
1087 3239 1224 3302 pravum
1246 3224 1311 3295 est3

154 3328 372 3410 nequeenim
395 3328 429 3391 in
452 3325 512 3391 tali
534 3337 697 3411 tempore,
727 3348 828 3410 quum
850 3325 1017 3391 Hannibal
1046 3326 1088 3391 ob
1111 3327 1311 3410 paucitatem

153 3435 298 3500 militum
326 3435 380 3500 vix
402 3442 513 3500 castra
534 3435 637 3499 tutari
660 3442 787 3518 posset,
823 3455 900 3517 pars
923 3435 1086 3499 exercitus
1108 3434 1231 3499 ferme
1255 3433 1312 3497 ab·

155 3564 239 3621 esse,
268 3543 364 3626 quasi
387 3542 525 3608 subinde
549 3540 720 3606 discedens
743 3548 776 3606 et
798 3541 938 3620 rediens,
969 3542 1033 3607 dici
1056 3548 1196 3626 poterat.
1248 3539 1312 3605 Sed

153 3657 376 3733 preterquam
410 3649 498 3732 quod
536 3649 655 3713 famis
689 3650 811 3713 mentio
844 3671 950 3731 neque
985 3650 1056 3715 fieri
1089 3650 1151 3715 hoc
1185 3649 1258 3714 loco
1293 3668 1313 3712 a

152 3756 246 3822 Livio
273 3756 339 3821 nisi
367 3777 428 3840 per
450 3777 611 3821 summum
634 3777 779 3821 errorem
802 3757 910 3839 potuit
933 3756 1023 3838 (nam
1046 3757 1170 3823 dimissi
1194 3755 1312 3819 milites

153 3864 197 3929 ab
220 3863 406 3930 Hannibale
436 3870 529 3929 erant
558 3865 600 3929 ad
630 3870 833 3930 commeatus
855 3865 888 3928 in
911 3864 1057 3929 futurum
1080 3864 1194 3929 hiemis
1217 3885 1313 3927 usum

154 3979 190 4036 ct
219 3971 264 4036 ad
291 3971 451 4055 pabulum
473 3972 585 4056 pecori
607 3972 868 4050 conveheudum,
903 3973 956 4036 cui
985 3973 1047 4037 soli
1074 3973 1177 4036 fames
1204 3971 1313 4034 timeri

154 4080 303 4163 poterat)
336 4099 443 4161 neque
476 4080 546 4144 eius
581 4080 672 4144 verbi
707 4079 925 4144 tolerabiliter
960 4101 1034 4145 cum
1068 4079 1184 4144 ceteris
1213 4099 1313 4160 copu-

152 4185 245 4252 landi
285 4186 373 4251 ratio
411 4191 564 4271 apparet,
615 4194 691 4251 ante
738 4188 848 4253 omnia
893 4187 1103 4269 quarendum
1148 4185 1227 4249 mibi
1267 4186 1313 4248 11-

150 4293 254 4360 detur
277 4294 319 4359 de
341 4293 514 4359 verborum
537 4293 667 4377 aliquot
689 4295 775 4359 sede.
820 4295 903 4359 Nam
927 4295 1013 4359 inter
1035 4294 1105 4358 haec
1127 4293 1314 4357 arctissime
