2994 5108
217 491 281 550 Lib.
299 494 396 551 xmv.
761 484 823 546 674

219 651 476 751 Thesprotornm
519 670 646 734 nomen.
692 667 758 734 Sed
796 668 856 734 hoc
894 669 1070 745 incertum,
1108 663 1192 729 illud
1230 668 1363 730 certum

219 774 377 858 (recep)

306 880 383 967 Cap.
418 887 469 964 23,
504 888 538 949 3:
571 885 743 950 Interim
783 884 942 963 Cleuas,
982 881 1192 964 adsumpto
1229 877 1365 944 Philo·

219 998 364 1072 strato,
383 992 449 1075 qui
474 992 735 1077 Epirotarum
752 999 908 1076 gentem
926 989 1010 1072 (cod.
1029 985 1161 1073 gente)
1179 985 1364 1064 habehat,

218 1100 259 1164 in
283 1120 420 1184 agrum
441 1101 760 1182 Antigonensem
782 1098 1050 1167 transcendit.
1083 1096 1157 1162 Non
1176 1096 1246 1161 sine
1268 1113 1366 1159 causa

219 1204 404 1271 Creverium
428 1206 565 1273 offendit
581 1208 651 1273 haec
673 1230 767 1292 gens
784 1208 1003 1293 Epirotarum,
1020 1225 1119 1290 quam
1135 1202 1363 1280 Philostralub

134 1320 206 1389 (cte)
225 1314 322 1381 homo
349 1315 495 1400 alioquin
523 1317 670 1399 ignotus,
698 1316 888 1383 habuisse
912 1315 1039 1381 dicitur.
1084 1311 1189 1377 Paulo
1211 1315 1288 1395 post
1307 1330 1363 1394 pro

219 1429 342 1505 gente
377 1422 473 1507 longe
501 1425 624 1490 rectius
647 1424 764 1491 cohors
787 1423 982 1511 appellatur.
1026 1422 1092 1486 Aut
1120 1419 1183 1485 sub
1209 1420 1284 1503 ipso
1310 1416 1365 1482 illo

218 1531 349 1597 nomine
366 1552 519 1597 numerus
537 1531 641 1598 latere
659 1533 790 1598 videtur
808 1533 1082 1617 (Epirotarum
1099 1525 1364 1612 quingentos)

219 1645 278 1704 aut
300 1639 467 1705 excidisse·
483 1638 565 1723 (qui
588 1639 605 1678 *
628 1660 673 1705 ex
695 1641 956 1725 Epirotarum
979 1645 1095 1722 gente
1117 1635 1323 1718 habebat).

657 1833 749 1916 Lib.
782 1831 929 1915 XLIV.

306 1963 384 2047 Cap.
409 1968 438 2045 2,
472 1969 507 2028 4:
540 1964 721 2031 Pratore
756 1964 803 2047 (C.
831 1964 966 2044 Marcio,
999 1964 1056 2048 qui
1088 1983 1110 2027 a
1142 1959 1300 2027 Chalcide
1331 1961 1362 2025 in

218 2070 422 2138 Thessaliam
444 2081 594 2152 venerat,
617 2080 656 2139 ut
679 2073 817 2140 consilio
841 2072 989 2138 debello
1012 2069 1156 2154 gerendo
1179 2067 1364 2149 interesset)

218 2179 397 2262 dimisso,
432 2179 658 2263 consul'(Q.
701 2182 845 2246 Marcius
883 2178 1079 2263 Philippus),
1119 2183 1362 2244 menstruum

215 2288 329 2354 iusso
360 2288 492 2354 milite
522 2309 658 2355 secum
688 2287 817 2369 ferre,
851 2287 1065 2372 profectus
1094 2286 1253 2352 decimo
1275 2287 1362 2369 post

216 2395 293 2474 die,
317 2416 434 2479 quam
457 2398 683 2462 exercitum
710 2402 943 2480 acceperat,
972 2401 1113 2460 castra
1133 2394 1272 2459 movit.
1313 2389 1360 2456 Ad

217 2509 462 2569 menstruum
479 2503 631 2570 Dukerus
647 2504 809 2571 adscribit
828 2501 1085 2569 ”frumentum
1108 2500 1266 2581 scilicet'’‚
1289 2499 1358 2583 lip-

216 2611 298 2675 sium
315 2619 348 2676 et
366 2609 549 2676 Scheelium
571 2618 724 2678 auctores
745 2614 862 2692 citans,
884 2610 919 2676 id
935 2610 1092 2694 intellegi.
1126 2610 1196 2675 Nec
1216 2607 1359 2693 proiecto

215 2718 249 2782 id
272 2718 406 2784 dubium
430 2727 494 2798 est;
529 2719 586 2784 sed
615 2741 812 2803 quamquam
840 2718 994 2802 frequens
1023 2724 1074 2782 est
1097 2723 1131 2782 et
1152 2715 1309 2783 frumenti
1328 2719 1357 2779 et

215 2825 442 2891 cibarioruma
453 2827 612 2893 militibus
624 2834 831 2912 portatorum
840 2828 973 2912 mentio,
984 2824 1109 2890 frustra
1120 2832 1232 2890 tamen
1245 2843 1354 2908 quaro,

215 2935 269 3018 qui
294 2936 341 2999 sic
363 2942 611 3000 menstruum
640 2935 757 3000 dixerit
791 2937 860 2999 sine
894 2934 1111 2999 substantivo.
1159 2933 1353 3013 (Diurnum

215 3043 400 3126 accipere
435 3043 475 3107 de
498 3044 613 3120 servis,
637 3044 771 3127 proprio
795 3043 908 3107 addito
931 3042 1046 3120 verbo,
1071 3039 1232 3107 Senecam
1256 3041 1352 3105 dicere

214 3150 306 3230 scio.)
350 3150 464 3232 ltaque
488 3172 552 3215 non
576 3150 706 3229 dubito,
736 3152 814 3233 quin
837 3151 944 3233 ipsum
968 3148 1049 3214 illud
1072 3149 1234 3215 vocabum
1269 3148 1350 3231 (fru-

214 3258 397 3338 mentum)
421 3266 497 3341 post
519 3263 769 3323 menstruum
793 3258 949 3322 exciderit
967 3258 1008 3323 ob
1027 3257 1279 3323 similitudinem
1300 3253 1349 3338 syl·

212 3364 363 3429 labarum
391 3371 571 3430 mentum.
622 3365 708 3429 Illud
741 3387 836 3430 nemo
871 3366 990 3447 attigit,
1025 3365 1105 3448 quid
1139 3373 1243 3444 esset,
1277 3358 1348 3447 quod

213 3472 326 3535 consul
348 3473 488 3556 primum
510 3472 732 3555 profectus,
755 3473 872 3538 deinde
896 3473 1022 3538 decimo
1047 3473 1100 3536 die
1125 3481 1267 3539 castra
1288 3491 1348 3536 mo-

213 3579 315 3642 visse
339 3579 516 3659 diceretur3
540 3601 599 3661 ego
622 3601 725 3663 nugas
749 3602 819 3645 esse
843 3581 931 3660 dico;
954 3602 1054 3645 unam
1077 3582 1167 3646 enim
1189 3604 1259 3647 rem
1280 3597 1344 3645 esse.

212 3683 355 3749 Tenetur
373 3687 671 3753 manifestissimum
689 3690 1018 3773 interpretamentum
1036 3688 1147 3771 (prof
1151 3690 1281 3770 ectus)
1303 3683 1345 3751 ad·

212 3839 433 3847 -—-—-—.

238 3920 260 3985 ¹)
280 3919 344 3989 Cap.
372 3923 413 3986 22,
443 3926 454 3975 1
483 3940 517 3976 ex
543 3926 709 3993 agricolis
736 3925 894 3980 faciendum
922 3931 982 3979 erat
1010 3928 1085 3996 agri
1118 3926 1276 3992 AEtolici‚
1302 3934 1343 3976 110ss

279 4004 395 4058 AEtoli.
430 4008 507 4077 Ager
524 4009 639 4064 AEtolus
658 4012 686 4065 in
704 4029 788 4080 prosa
812 4012 939 4065 oratione
965 4028 1024 4064 non
1045 4013 1137 4080 magis
1157 4012 1262 4066 dicitur
1278 4018 1341 4078 quam

278 4088 367 4143 Italus
386 4097 434 4144 aut
452 4092 547 4147 Gallus
572 4103 621 4149 aut
638 4096 797 4150 Britannus.
824 4095 896 4148 Miro
916 4112 1007 4149 errore
1026 4096 1188 4151 Gronovius
1207 4087 1340 4159 XLIUb

277 4174 404 4227 lbello
431 4175 551 4245 Illyrio
580 4187 607 4233 et
624 4180 707 4246 XLV,
725 4184 803 4246 sab
835 4181 951 4249 Illyrii
974 4183 1113 4250 argenti
1133 4184 1247 4252 scripsit
1263 4181 1342 4234 contr)

278 4257 605 4412 codicemlpssrgigavitque
623 4265 885 4331 Drakenborchius3
909 4265 1019 4334 Illyrios
1039 4268 1115 4321 enim
1134 4285 1206 4335 esse,
1224 4284 1278 4322 non
1294 4260 1340 4326 llll·

277 4358 357 4396 ncos.
475 4386 480 4396 .
