2994 5108
216 497 278 550 Lib.
298 495 424 550 XXXIII.
765 484 826 544 492

217 667 445 733 Antiochus
483 667 624 731 mirari
665 687 704 730 se
746 665 868 745 dixit,
911 665 1107 731 Romanos
1155 671 1238 728 tam
1279 661 1377 726 dili·

219 782 363 857 genter
392 776 618 857 inquirere,
653 774 750 854 quid
785 776 869 857 regi
898 771 1100 839 Antiocho
1136 768 1375 835 faciundum

218 890 289 948 aut
309 903 519 966 quousque
538 889 651 946 terra
669 883 851 963 murique
869 879 1217 965 progrediundum
1234 876 1375 955 fuerit,

133 1006 203 1073 (393)
222 991 336 1072 ipsos
366 989 505 1071 (contre)
533 1011 609 1054 non
639 990 836 1072 cogitare,
871 989 1006 1054 Asiam
1040 985 1144 1050 nihil
1172 985 1221 1049 ad
1249 1005 1378 1067 popu·

218 1098 299 1161 lum
322 1099 360 1161 R.
385 1099 592 1181 pertinere
622 1117 693 1161 nec
716 1098 841 1178 magis
864 1104 925 1162 cet.
982 1095 1023 1159 ln
1049 1092 1265 1171 editionibus,
1299 1090 1378 1155 sub·

221 1206 338 1268 stituto
362 1212 402 1268 at
425 1225 485 1286 pro
509 1211 578 1268 aut
601 1210 634 1267 et
657 1205 762 1286 ipsis
785 1227 846 1287 pro
869 1206 990 1288 ipsos,
1013 1209 1047 1267 et
1069 1199 1245 1285 aequulitcs
1269 1198 1378 1283 pertis

220 1312 298 1388 eius,
320 1331 392 1392 quae
416 1311 458 1374 ad
482 1311 688 1390 Antiochum,
712 1320 744 1376 ct
768 1313 847 1391 cius,
871 1332 944 1396 quse
968 1310 1010 1375 ud
1034 1310 1201 1374 Romanos
1223 1307 1381 1390 pertinet,

220 1418 351 1482 sublata
379 1425 431 1483 est
454 1425 487 1483 et
510 1419 581 1497 illa,
616 1439 688 1502 quae
716 1421 849 1503 proprie
878 1419 921 1484 ad
950 1417 1161 1482 condiciones
1190 1421 1225 1479 et
1252 1413 1336 1478 fines
1358 1433 1381 1478 s

220 1527 337 1608 legatis
360 1526 518 1591 Romanis
541 1526 703 1590 Antiocho
732 1528 947 1610 praescriptos
976 1531 1126 1608 spectant
1149 1523 1381 1606 (quousque

123 1658 127 1662 -
221 1642 335 1697 terre
357 1634 538 1714 murique
562 1632 649 1714 cet),
673 1633 715 1697 ad
738 1633 905 1699 Romanos
928 1628 1102 1697 translati.
1158 1629 1270 1694 Verba
1293 1628 1383 1693 mele

221 1741 375 1804 ordinatu
404 1741 627 1823 omissumque
659 1739 791 1805 fuerit
825 1741 913 1824 opud
941 1737 1173 1805 faciundum
1204 1743 1379 1820 praetereo.

125 1901 129 1909 .
221 1847 416 1927 (Dicendum
451 1855 536 1912 erut:
571 1869 784 1931 quousque
818 1849 923 1932 ipsis
952 1843 1380 1931 —progrediendum

219 1951 363 2033 fuerit,
397 1976 473 2019 non
503 1956 714 2038 cogitare.)
769 1956 873 2021 Paulo
902 1962 979 2039 post
1002 1953 1032 2036 (ᾖ
1056 1954 1088 2034 5)
1112 1954 1145 2017 in
1172 1951 1288 2017 eadem
1313 1951 1380 2016 An·

220 2061 321 2126 tiochi
346 2065 494 2126 oratione
517 2063 586 2126 hoec
609 2063 765 2143 leguntur
788 2063 828 2127 de
852 2063 983 2146 oppidis
1006 2062 1103 2150 Asiae2
1138 2082 1211 2143 quae
1235 2062 1382 2143 primum

222 2170 354 2252 AEgypti
377 2190 486 2251 reges,
521 2169 639 2234 deinde
662 2169 832 2253 Philippus
855 2170 1013 2235 tenuerit:
1049 2167 1274 2250 Occupatis
1298 2186 1382 2231 mc·

222 2277 379 2341 ioribus
415 2279 500 2341 suis
537 2262 667 2341 rerum
696 2277 867 2343 alierum
896 2298 1012 2354 curu,
1045 2277 1171 2359 primo
1200 2273 1382 2356 quaedam

223 2406 267 2446 cs
308 2384 359 2446 iis
399 2383 671 2460 Ptolemaeum,
719 2383 866 2448 deinde
907 2392 947 2449 et
985 2382 1221 2465 Philippum
1260 2402 1383 2465 usur·

221 2489 359 2572 pendae
382 2489 524 2553 eliense
548 2492 826 2572 possessionis
850 2511 971 2555 causa
993 2491 1194 2568 tenuisse;
1218 2489 1266 2553 sic
1289 2489 1378 2553 enim

222 2618 306 2660 nunc
339 2595 446 2660 editur
475 2617 491 2659 e
522 2597 563 2674 B3
598 2599 630 2660 in
666 2598 715 2662 cd.
747 2599 962 2682 Mog.,quum
996 2598 1127 2662 deesset
1160 2615 1284 2661 causa
1317 2598 1380 2660 te·

220 2707 373 2781 nuisse,
404 2704 547 2768 editores
572 2707 757 2788 superiores
782 2704 960 2770 effecerunt
981 2703 1214 2787 usurpando
1238 2703 1382 2767 aliena

222 2811 463 2894 possedisse.
520 2812 717 2894 Diligentius
748 2813 933 2877 attendenti
962 2834 1026 2876 non
1051 2812 1174 2895 poterit
1197 2810 1379 2874 obscurum

220 2940 306 2995 esse,
347 2920 461 2982 vitiose
503 2920 698 3000 usurpandos
738 2922 955 3002 possessionis
989 2939 1120 2983 causam
1154 2919 1186 2980 in
1222 2916 1382 3001 Philippo

221 3028 485 3104 commemorari3
520 3047 625 3107 neque
655 3028 755 3104 euim,
791 3048 856 3108 qua
885 3047 986 3091 causa
1014 3047 1118 3108 quove
1142 3024 1282 3088 consilio
1308 3046 1381 3108 reg-

220 3155 297 3196 uum
320 3133 601 3217 amplificavissct‚
637 3134 860 3214 (querebatur,
897 3135 954 3199 sed
978 3155 1044 3215 quo
1068 3136 1138 3196 iure
1162 3153 1271 3215 quove
1294 3153 1381 3215 prae-

220 3246 328 3316 textu;
369 3261 428 3302 uec
464 3261 665 3322 usurpare
699 3243 1002 3323 possessionem
1036 3240 1118 3303 Livii
1154 3245 1253 3302 aetate
1290 3239 1381 3304 dice-

219 3346 319 3409 batur
348 3346 388 3410 dc
418 3369 457 3410 ce
484 3349 607 3411 iniuste
638 3349 837 3430 occupanda.
894 3348 1042 3429 Usurpat
1064 3349 1309 3429 possessionem
1332 3348 1381 3411 rei

221 3452 372 3530 alicuius,
409 3456 466 3535 qui
493 3455 604 3537 aliquo
633 3454 731 3518 modo
756 3475 794 3518 ec
817 3457 923 3519 utitur
946 3476 1073 3537 usuque
1098 3475 1167 3517 eam
1193 3456 1382 3533 continuat,

220 3581 259 3622 ne
283 3561 545 3644 interrumpatur
568 3563 821 3645 amitteturque3
852 3561 916 3625 Cic.
951 3562 990 3625 de
1019 3560 1073 3624 Or.
1097 3561 1154 3637 ΙΙΙ,
1184 3565 1235 3635 28,
1270 3563 1382 3642 110.¹)

222 3667 436 3730 Scribendum
461 3669 561 3749 igitur
584 3677 649 3733 est:
681 3669 914 3751 usurpanda
937 3669 1074 3732 aliena
1096 3670 1382 3750 possessionis

220 3795 349 3837 causo.
391 3775 473 3837 Nam
491 3775 678 3859 Philippum
697 3776 879 3839 Antiochus
904 3777 1052 3857 queritur
1075 3775 1106 3838 in
1126 3775 1381 3839 Ptolemaeorum

249 4043 270 4109 ¹)
289 4044 362 4096 Mcle
381 4044 627 4099 Weissenbornius
652 4063 819 4114 usurpare
846 4046 990 4098 alienam
1016 4046 1278 4114 possessionem
1297 4062 1378 4100 encr-

288 4135 331 4180 rat
349 4129 615 4198 interrumpere3
640 4130 731 4183 eliens
749 4132 891 4198 possessio
912 4131 1025 4184 omnino
1045 4130 1176 4197 usurpari
1197 4130 1306 4197 nequit,
1328 4129 1377 4182 sed

288 4216 484 4267 tautummodo
505 4233 553 4267 suu
572 4216 705 4282 cuiusque
724 4217 859 4282 poscssio.
