3000 5116
121 461 124 465 ’
195 478 256 532 nis.
275 477 400 533 xxxix.
743 469 805 528 ceo

196 650 277 713 nihil
301 672 383 733 opus
407 656 489 728 erat,
514 672 614 732 quum
638 651 749 715 Livius
773 652 940 716 Romanos
963 659 1060 717 nocte
1084 657 1206 719 castris
1230 657 1350 723 relictis

195 756 348 821 celeriter
371 759 482 822 abisse
504 759 697 822 narraverit.
732 757 770 821 In
793 758 826 822 M
850 765 939 823 erat:
963 762 1119 841 quietis
1142 762 1205 828 his
1230 768 1349 830 stati·

195 865 254 928 vis
277 871 521 929 manserunt.
567 865 633 930 Aut
656 867 787 948 quieti
810 868 979 932 stativis
1003 869 1216 935 scribendum
1246 872 1298 954 (ut
1319 876 1349 938 in

195 972 271 1036 Lov.
296 978 314 1035 2
338 974 507 1055 scribitur)
531 980 590 1037 eut
609 975 741 1054 quieti
758 974 812 1037 iis
831 975 1010 1054 stativis,
1035 978 1124 1059 quod
1142 978 1349 1046 Drakenbor-

195 1080 268 1144 chio
293 1081 368 1153 (uisi
393 1081 480 1163 quod
510 1081 572 1145 his
596 1080 741 1163 scripsit)
771 1083 804 1143 in
838 1089 979 1147 mentem
1008 1092 1154 1150 venerat.
1202 1087 1348 1155 Victores

195 1207 259 1251 non
284 1190 448 1270 persecuti
471 1195 547 1252 sunt
568 1189 729 1270 fugientes
752 1190 927 1267 Romanos,
951 1191 1009 1255 sed
1026 1193 1132 1273 quieti
1149 1206 1347 1262 manserunt.

282 1292 360 1378 Cap.
386 1299 435 1374 34,
460 1301 478 1360 3
508 1295 692 1379 (Philippus
722 1298 827 1360 iratus
857 1298 1038 1363 Onomasto
1062 1302 1294 1384 mandaverat,
1315 1314 1350 1370 ut

194 1403 377 1467 Maronitas
396 1405 560 1486 principes
578 1406 683 1486 partis
707 1404 851 1468 adversee
869 1404 1085 1486 interficeret;
1104 1409 1132 1472 is
1151 1430 1212 1491 per
1231 1410 1348 1477 Casan-

195 1511 289 1575 drum
313 1512 478 1595 quendam
502 1512 623 1576 caedem
645 1511 735 1575 velut
763 1514 797 1576 in
819 1511 907 1576 bello
937 1522 1034 1595 capta
1056 1513 1138 1580 urbe
1162 1515 1274 1597 fecit):
1307 1519 1346 1584 ld

194 1620 300 1702 apud
330 1620 493 1702 legatos
517 1621 715 1684 Romanos
750 1627 969 1702 querentes
1003 1627 1083 1686 tam
1118 1625 1347 1692 crudeliter

195 1729 392 1792 adversus
414 1729 603 1792 innoxios
626 1728 866 1806 Maronites,
896 1735 977 1792 tam
1000 1731 1182 1811 superbe
1205 1735 1346 1800 adver-

195 1857 261 1901 sus
283 1835 484 1918 ¹populum
518 1836 735 1900 Romanum
773 1835 944 1913 factum,
983 1844 1027 1900 ut
1058 1872 1110 1916 -,
1145 1839 1347 1908 abnuebat

194 1944 415 2025 quidquem
433 1964 568 2007 eorum
585 1943 633 2007 sd
652 1963 746 2007 se—
763 1944 981 2026 pertinere.
1004 1944 1108 2009 lllirus
1126 1952 1161 2010 et
1182 1949 1345 2016 inauditus

193 2052 247 2117 hic
265 2061 315 2117 est
332 2051 505 2116 verborum
523 2051 615 2128 orde,
638 2052 671 2114 in
689 2051 820 2116 initium
837 2059 913 2115 ente
932 2054 1197 2134 praepositionem
1217 2055 1344 2140 (apud)

192 2161 382 2225 adiunctam
406 2161 582 2242 participio
607 2159 857 2241 (querentes)
880 2160 1003 2224 reiecto
1031 2164 1227 2243 pronomine
1256 2165 1293 2229 id
1315 2173 1343 2229 et

193 2269 234 2334 ab
258 2271 307 2346 iis,
332 2268 527 2348 quibuscum
552 2266 693 2332 cohaeret
722 2264 816 2345 (tem
839 2267 1070 2331 crudeliter
1102 2304 1146 2313 -
1174 2270 1341 2353 factum),

193 2381 356 2458 separato.
403 2375 589 2439 Admodum
613 2375 770 2457 suspicor,
805 2373 843 2437 id
872 2395 912 2438 ex
940 2379 1095 2440 extremis
1117 2376 1238 2443 litteris
1261 2380 1342 2445 serbi

192 2482 304 2560 fecit,
329 2484 418 2566 quod
441 2483 606 2567 praecedit,
630 2489 739 2546 ortum
762 2502 842 2560 esse,
868 2482 993 2546 Livium
1010 2490 1143 2548 tantum
1160 2488 1341 2571 scripsisse:

192 2590 304 2673 Apud
327 2590 489 2675 legatos
513 2593 716 2656 Romanos
740 2596 976 2674 querentes,
1011 2597 1091 2655 tam
1120 2594 1343 2660 crudeliter

192 2735 234 2744 -
256 2698 425 2776 factum,
449 2706 557 2763 ut-
579 2698 909 2776 trucidarentur,
934 2697 1143 2764 abnuebat
1166 2702 1265 2783 cet.¹)

278 2805 356 2888 Cep.
382 2811 430 2878 38,
457 2812 491 2869 ll
518 2806 572 2886 (de
597 2807 826 2890 supplemento
855 2804 996 2869 militum
1029 2807 1063 2869 in
1092 2805 1271 2891 Hispanias
1292 2808 1340 2874 de-

192 2916 313 2997 cret0):
338 2937 454 2996 quum
478 2936 546 2978 eas
569 2915 754 2996 legiones
778 2918 981 2996 quattuor
1004 2913 1339 2998 descripsissem,

189 3022 295 3103 quod
319 3024 409 3104 plus
434 3042 548 3103 quam
567 3024 690 3106 quina
707 3020 838 3085 millia
855 3020 1043 3103 peditum,
1063 3025 1224 3086 treceni
1243 3025 1339 3105 equi·

214 3307 240 3374 ¹)
260 3308 325 3379 Cep.
337 3313 378 3376 35,
393 3312 409 3362 6
420 3329 479 3380 sqq.
491 3312 529 3378 (in
540 3312 666 3365 oratione
676 3309 807 3378 Lyeortae
825 3309 854 3361 in
866 3307 986 3361 concilio
997 3308 1168 3363 Achaeorum
1181 3311 1299 3371 habitab
1309 3335 1339 3347 -

259 3394 293 3447 in
312 3396 408 3448 bello
428 3398 533 3450 sociis
553 3395 716 3450 Romanis
736 3393 876 3448 Achaeos
895 3409 987 3458 us0s;
1010 3411 1100 3447 nunc
1120 3395 1262 3449 eosdem
1278 3394 1337 3448 Bo·

258 3496 375 3533 manos
404 3483 579 3549 aequiores
603 3480 885 3534 Lacedaemoniis
911 3495 1008 3546 quam
1026 3479 1165 3533 Achaeis
1183 3497 1272 3547 esse,
1289 3479 1341 3533 ubi

257 3565 365 3617 Areus
385 3567 491 3619 etiam
515 3573 549 3620 et
566 3565 781 3631 Alcibiades,
807 3564 904 3618 umbo
924 3564 1065 3618 exsules
1085 3582 1146 3618 suo
1165 3565 1340 3621 beneficio

257 3651 435 3716 restituti,
460 3651 676 3719 legationem
702 3650 839 3704 Romam
862 3648 1032 3703 adversus
1060 3656 1202 3717 gentem
1230 3651 1338 3705 Aehe-

259 3737 463 3790 0rumitude
480 3736 569 3804 ipsis
588 3736 752 3790 meritum
767 3735 1020 3803 suscepissent,
1037 3734 1199 3804 adeoque
1214 3735 1343 3791 infesta

258 3822 419 3875 cretione
437 3822 488 3875 usi
508 3827 632 3887 essent,
651 3824 688 3873 ut
705 3819 798 3889 pulsi
814 3820 937 3888 petria,
950 3836 1017 3873 uon
1031 3820 1200 3874 restituti
1217 3822 1254 3874 in
1272 3837 1342 3875 een

256 3905 471 3960 viderentur.
508 3905 632 3960 Offendit
651 3906 802 3959 durissime
824 3904 886 3958 haec
908 3905 1072 3958 coniunctio
1099 3921 1152 3972 per
1178 3906 1343 3974 porticulum

257 3991 416 4045 relativum:
436 3992 495 4045 ubi
514 3993 625 4045 Areus
644 3994 706 4058 eet,
725 4006 777 4044 uec
795 3989 986 4043 Romanorum
1005 3990 1035 4041 in
1053 3988 1290 4045 Laccdoemouios
1311 3989 1345 4043 lu·

256 4092 307 4129 vor
330 4081 407 4131 recte
431 4077 641 4130 demonstratur
664 4091 698 4128 ex
723 4092 769 4141 eo,
788 4076 865 4143 quod
892 4073 1002 4128 exsules
1020 4073 1236 4130 Lacedsemonii
1253 4076 1345 4130 Rome

256 4160 376 4215 Acheeos
395 4161 596 4216 accusaverint.
626 4160 740 4226 Vereor,
758 4178 794 4214 ne
813 4158 919 4227 aliquid
936 4157 1080 4223 exciderit,
1098 4164 1131 4211 ut
1149 4176 1171 4212 c.
1184 4162 1229 4226 49,
1250 4165 1272 4213 l.
1292 4160 1346 4214 lam

255 4243 342 4299 Aldus
368 4246 462 4300 locum
489 4245 625 4300 asterisco
649 4245 767 4299 notavit
791 4243 890 4311 (1865.)
926 4242 991 4312 Cap.
1010 4245 1089 4309 aet
1114 4259 1149 4296 ex
1176 4261 1240 4300 nec
1266 4246 1347 4309 ulls,

252 4329 331 4397 quod
349 4330 379 4384 M
397 4331 491 4397 habet,
509 4330 669 4385 laciendum
687 4347 728 4384 ne
747 4329 826 4397 ulla,
846 4333 911 4383 cett.
931 4326 1012 4381 codd.
1032 4344 1073 4381 ne
1091 4327 1121 4382 in
1139 4327 1225 4383 ulla
1247 4327 1348 4397 (1865.)
