2994 5108
679 461 740 524 655
1118 473 1179 528 Lib.
1197 470 1283 527 XLII.

134 648 366 727 revocavit3
399 646 577 731 praedam
607 644 764 729 quidem
788 652 849 712 cet.
896 645 1093 728 (Gronovius
1115 666 1180 711 uno
1203 646 1286 729 qui·

138 756 226 823 dem
244 754 387 822 offensus
410 755 505 837 erat.)
541 754 709 838 [Fortasse
732 753 1062 838 praedamque.·—
1084 752 1137 838 §7
1161 775 1201 820 ex
1223 753 1286 819 ha·

135 866 322 950 lopetica
357 871 480 947 capta
513 862 700 928 faciendum
726 861 857 928 videtur
889 863 1015 948 Alope
1049 862 1288 929 Phthiotica

136 981 275 1059 oapta;
303 978 435 1038 namet
468 970 565 1036 facile
595 969 834 1036 Phthiotica
862 971 909 1036 sic
931 972 1097 1056 corrumpi
1124 971 1233 1056 potuit
1256 978 1289 1037 et

135 1088 226 1149 recte
248 1081 312 1148 hoc
334 1079 478 1159 additur,
502 1100 601 1163 quum
625 1079 729 1144 altera
752 1085 839 1145 esset
860 1080 894 1144 in
910 1078 1025 1145 eadem
1041 1081 1169 1160 vicinia,
1192 1079 1289 1145 Chal·

111 1273 116 1282 ·
135 1190 200 1256 cidi
218 1190 362 1274 propior,
381 1188 577 1267 Locrorum,
601 1196 634 1252 et
651 1187 881 1267 Thessalicam,
899 1186 962 1254 hoc
980 1195 1040 1268 est,
1056 1187 1289 1268 Phthioticum,

136 1299 265 1383 Alopen
288 1295 475 1380 significari,
498 1302 591 1380 patet
614 1316 653 1360 ex
677 1295 799 1362 Larisae
823 1294 999 1362 Cremaste
1023 1296 1179 1363 adiuncta
1201 1318 1290 1363 men-

137 1407 239 1472 tione.
286 1403 393 1487 1864]

226 1512 304 1597 Cap.
332 1517 381 1590 57,
406 1517 440 1577 2:
477 1511 555 1577 Sub
585 1495 688 1577 idern
717 1510 860 1578 deinde
888 1520 1045 1597 tempus
1069 1513 1290 1579 consilium

137 1629 179 1690 et
202 1620 348 1689 consul
371 1627 412 1686 et
434 1642 503 1686 rex
531 1620 775 1697 habuerunt,
804 1620 1079 1687 audebellum
1104 1621 1290 1687 ordiren-

136 1739 204 1798 tur
226 1730 311 1812 (cod.
336 1727 651 1810 dirimerentur).
698 1729 820 1812 Regis
844 1736 1063 1795 creverunt
1086 1730 1209 1795 animi
1230 1751 1290 1796 va·

138 1840 324 1907 statione
348 1858 541 1903 concessa
565 1836 644 1903 sihi
666 1838 714 1902 ab
743 1836 862 1902 hoste
885 1837 1044 1902 Pheraei
1072 1840 1169 1922 agri.
1214 1838 1291 1904 Ita·

139 1970 214 2034 que
232 1947 403 2013 eundum
426 1945 520 2011 inde
544 1946 592 2011 ad
616 1952 754 2011 castra
776 1966 849 2011 nee
873 1945 1045 2012 dandum
1067 1946 1178 2013 ultra
1200 1968 1291 2032 spa·
1407 2013 1410 2025 ,

138 2059 240 2123 tium
274 2055 495 2121 cunctandi
530 2054 733 2120 censebat.
786 2053 898 2119 Codex
927 2054 1160 2120 censebant.
1204 2055 1291 2121 Scri-

139 2163 299 2232 bendum:
323 2163 450 2244 Regiis
473 2170 670 2226 creverunt
693 2164 817 2229 animi
839 2164 1078 2228 vastatione
1102 2184 1128 2227 c.
1153 2185 1177 2228 e.
1201 2184 1229 2228 a.
1253 2164 1284 2228 h.
1305 2178 1378 2248 (542)

141 2273 177 2338 P.
201 2294 230 2338 a.
276 2272 420 2358 Itaque
453 2270 752 2336 -censebant
799 2270 885 2348 Quid
918 2272 986 2354 regi
1016 2273 1067 2336 sui
1097 2273 1130 2335 in
1158 2271 1293 2338 consilio

146 2374 322 2453 suaserint,
357 2386 524 2459 narratum
559 2381 659 2463 regi,
694 2380 804 2462 regis
837 2400 897 2463 pro
931 2380 1054 2462 regii,
1088 2379 1213 2462 regiis
1237 2400 1295 2444 sae·

140 2491 278 2575 pissime
302 2490 335 2553 in
353 2488 463 2553 codice
482 2487 646 2565 scribitur,
670 2494 708 2552 ut
730 2487 792 2552 hoo
811 2488 919 2570 capite
936 2487 953 2569 ξ
969 2492 1004 2551 11
1023 2488 1108 2569 regi
1127 2506 1293 2571 quoque,

141 2621 168 2664 c.
194 2602 243 2676 58,
267 2602 286 2661 8
309 2599 398 2680 regi
423 2596 596 2679 equites,
623 2600 657 2660 ll
684 2597 744 2661 sic
766 2597 860 2677 regi.
905 2595 980 2661 Non
1008 2598 1042 2659 in
1065 2595 1201 2661 oonsilio
1224 2596 1294 2660 ani·

142 2708 188 2772 mi
212 2712 393 2783 creverunt,
420 2704 478 2769 sed
503 2704 607 2769 auctis
631 2725 727 2768 exre
751 2704 826 2768 laeta
849 2705 968 2769 animis
990 2705 1023 2769 in
1048 2703 1220 2769 consilium
1243 2725 1296 2769 re·

140 2823 273 2881 nerunt.
320 2812 566 2897 [Creverant
601 2813 666 2875 iam
696 2809 801 2894 Creu]
847 2811 1016 2895 Sequitur:
1051 2812 1100 2876 Et
1128 2812 1295 2877 Romani

142 2922 379 3000 censebant,
414 2921 720 2985 cunctationem
749 2941 858 2983 suam
887 2919 1075 2986 infamem
1098 2920 1203 3003 apud
1233 2941 1294 2985 so-

144 3031 227 3095 cios
252 3050 350 3107 esse,
374 3030 652 3110 maximopere
674 3026 837 3110 indigne
861 3027 1049 3107 ferentes,
1073 3050 1148 3093 non
1171 3027 1294 3093 latam

141 3136 318 3202 Pheraeis
343 3157 464 3220 opem.
500 3133 849 3201 Consultantibus
874 3143 934 3201 cet.
964 3136 1188 3218 Praeterquam
1205 3135 1294 3220 quod

142 3246 371 3311 insuavissima
405 3244 492 3309 idem
525 3244 661 3309 verbum
694 3243 746 3308 bis
785 3245 919 3328 ponitur
959 3243 1201 3326 (censebant.
1246 3245 1295 3308 Et

141 3353 309 3419 Romani
344 3351 594 3434 censebant),
623 3374 688 3418 non
717 3353 825 3436 agitur
853 3353 884 3417 h.
908 3352 939 3433 1.,
968 3352 1046 3435 quid
1080 3351 1293 3434 (faciendum)

142 3462 329 3528 censuerint
352 3462 508 3539 Romani,
543 3459 599 3526 sed
630 3461 723 3526 cuius
753 3461 802 3526 rei
824 3462 984 3526 rationem
1006 3460 1192 3526 habendam
1221 3481 1294 3526 esse

142 3569 373 3636 intellexerint.
418 3568 534 3650 Itaque
564 3569 712 3650 sequitur
735 3570 933 3635 consultatio
963 3590 1066 3651 eaque
1096 3570 1168 3653 ipsa
1195 3569 1295 3634 inter·

142 3685 256 3762 rupta,
288 3684 340 3757 ut,
375 3677 455 3759 quid
490 3679 692 3756 censuerint,
722 3679 852 3743 omnino
887 3699 952 3743 uon
986 3684 1145 3743 narretur.
1190 3664 1294 3741 Mani

142 3784 264 3852 festum
286 3792 335 3851 est
358 3786 471 3869 igitur,
495 3785 621 3848 Livium
645 3787 830 3868 scripsisse:
865 3787 1035 3850 Romani
1059 3785 1293 3859 sentiebant,

142 3893 243 3979 idque
266 3915 340 3958 oum
363 3891 558 3977 praecedenti
588 3891 685 3956 verbo
715 3892 812 3957 simili
841 3901 1077 3959 commutatum
1106 3913 1187 3957 esse.
1232 3891 1295 3957 Sed

143 4001 308 4087 particula
341 4003 440 4067 etiam
469 4002 655 4065 necessario
685 4001 866 4065 omittenda
900 4003 1005 4066 estin
1033 4001 1095 4065 hac
1118 4001 1294 4084 partitione

145 4108 387 4192 (Consilium
411 4117 450 4174 et
479 4109 618 4174 consul
648 4116 684 4173 et
707 4130 774 4174 rex
797 4107 1032 4174 habuerunt.
1078 4109 1215 4192 Regiis
1237 4133 1294 4186 —;

143 4219 315 4285 Romani
349 4217 412 4299 -).
469 4217 638 4282 Postremo
679 4238 736 4300 pro
776 4218 1047 4301 maximopere
1087 4216 1295 4282 scribendum

143 4327 310 4393 maxime
342 4333 374 4391 et
397 4327 532 4409 propius
560 4326 602 4390 ad
633 4325 778 4390 codicem
801 4324 1055 4407 (maxumere)
1085 4331 1118 4391 et
1148 4325 1190 4390 ad
1220 4345 1294 4390 sen·
