2994 5108
224 495 286 549 nio.
308 494 405 562 xum.
770 485 831 545 aaa

220 668 361 732 Persei
394 689 524 750 neque
559 667 669 732 bello
704 688 788 733 eum
822 669 1015 734 invadere
1050 671 1182 736 animo
1219 670 1377 749 habu'it3

219 798 297 840 non
320 783 402 841 tam
425 777 519 860 quia
541 783 722 859 paternae
745 779 856 842 inter
885 799 955 842 eos
988 778 1229 842 inimioitiae
1258 786 1376 844 erant

221 906 335 968 quam
357 885 540 968 ipsorum
559 884 671 978 ¹odiis
694 886 806 951 inter
829 907 871 951 se
895 906 1091 952 aeoensae.
1137 887 1224 952 Non
1256 908 1303 952 ea
1323 909 1375 952 re·

220 1013 308 1076 gum
331 993 551 1072 aemulatio,
586 1000 629 1057 ut
651 1014 761 1078 aequo
785 995 917 1060 animo
948 995 1098 1061 Persea
1125 1003 1267 1061 tantas
1292 998 1375 1081 api·

219 1102 277 1167 soi
301 1122 398 1185 opes
421 1108 661 1186 tantamque
684 1103 876 1184 gloriam,
901 1112 1060 1188 quanta
1084 1105 1278 1169 Romanis
1301 1107 1374 1169 vic·

135 1219 207 1288 (⁶⁷3)
227 1210 279 1275 tis
303 1231 388 1274 eum
411 1209 620 1289 manebat,
654 1210 851 1275 Eumenes
885 1213 1046 1276 visurus
1079 1212 1221 1277 fuerit.
1268 1212 1375 1278 Mendi

220 1317 345 1401 aliquid
368 1316 421 1381 hie
445 1338 530 1396 esse,
563 1318 629 1382 iam
652 1340 710 1401 per
733 1340 768 1384 se
791 1320 935 1402 intellegi
965 1327 1105 1403 poterat.
1151 1320 1268 1405 Neque
1292 1323 1374 1386 enim

220 1427 288 1491 ulla
310 1427 399 1491 iacta
427 1433 500 1491 erat
521 1427 665 1509 suspicio
698 1426 738 1491 de
762 1426 906 1493 Eumene
935 1428 1046 1494 Persei
1080 1429 1167 1494 bello
1197 1430 1373 1496 invadendi

220 1535 358 1602 consilia
380 1536 537 1616 agitante,
560 1535 624 1598 nisi
648 1535 736 1617 quod
755 1556 834 1600 sane
853 1536 919 1600 iam
942 1536 998 1600 diu
1022 1544 1136 1620 aperte
1155 1537 1321 1604 Romanos
1342 1541 1371 1604 in

219 1642 306 1709 bello
342 1644 458 1707 contra
492 1664 566 1707 eum
600 1643 794 1723 adiuvabat3
828 1665 943 1726 neque,
972 1667 1043 1729 quae
1073 1646 1302 1725 subiiciuntur,
1333 1648 1372 1712 ad

220 1773 293 1817 eam
316 1752 538 1840 suspicionem
561 1751 743 1827 tollendam
766 1752 835 1817 ulla
859 1774 898 1816 ex
922 1761 1016 1837 parte
1038 1756 1220 1836 pertinent,
1252 1755 1371 1821 sedai

220 1883 305 1938 eam,
340 1860 380 1924 de
404 1881 470 1942 qua
497 1881 563 1923 una
586 1860 761 1941 agebatur,
796 1862 1020 1942 cogitassetne
1043 1861 1216 1942 Eumenes,
1251 1865 1370 1929 relictis

220 1969 440 2033 Romanorum
464 1967 626 2052 partibus,
649 1967 770 2034 Perseo
795 1990 829 2033 se
853 1970 1040 2051 adiungere.
1074 1970 1182 2051 Atque
1212 1970 1282 2036 haeo
1305 1994 1370 2038 oer-

219 2077 348 2142 tissimo
372 2077 561 2141 testimonio
585 2076 758 2142 confirmat
787 2084 939 2160 repertus
968 2077 1218 2161 in,fragmentis
1244 2081 1370 2146 Vatica-

219 2186 268 2249 nis
291 2184 417 2268 Polybii
440 2184 542 2263 locus,
566 2203 666 2269 quem
688 2185 798 2250 Livius
821 2186 981 2268 expressit
1004 2185 1133 2267 (XXIX,
1160 2190 1174 2249 1
1200 2187 1268 2272 dp.
1292 2192 1368 2253 1032

219 2291 352 2375 Bekk.):
381 2300 440 2355 Ὅτι
461 2302 510 2372 μὲν
541 2290 588 2355 οὖν
610 2299 728 2372 Εὐμένης
750 2300 798 2357 οὐκ
821 2303 854 2356 ἂν
881 2301 1018 2374 ἐβοολλβη
1047 2303 1155 2376 Περσέα
1184 2306 1316 2377 κρατῆσαι
1336 2307 1369 2378 τῷ

220 2408 328 2480 πολέμῳ
351 2406 396 2461 καὶ
417 2411 551 2483 γενέσθαι
573 2409 664 2482 κύριον
686 2410 738 2464 τῶν
768 2410 845 2475 ὅλων,
873 2409 979 2485 εὐχερὲς
1009 2388 1187 2482 καταμαθεῖν.
1233 2405 1366 2489 Egregie

220 2511 320 2592 igitur
343 2509 616 2575 Forehhammer:
652 2509 851 2576 Eumenes
885 2531 1011 2594 neque
1045 2511 1150 2575 favit
1183 2514 1366 2580 victoria»

220 2617 362 2691 Persei
390 2640 519 2700 neque
550 2618 663 2683 bello
698 2641 785 2683 eum
818 2619 948 2683 Ιιτιτε
975 2620 1015 2683 in
1049 2621 1182 2685 animo
1216 2622 1365 2687 habuit.

220 2726 288 2809 [Sic
311 2727 375 2790 iam
398 2725 574 2808 Dobreu's.]
621 2726 685 2791 Sed
710 2749 879 2810 superesse
903 2727 1055 2792 mendum
1078 2730 1110 2790 in
1133 2730 1190 2805 iis,
1221 2722 1366 2814 quae'de·

220 2836 384 2899 claranda
409 2844 442 2900 et
465 2835 695 2899 confirmandae
719 2838 766 2899 rei
790 2857 891 2900 causa
916 2837 1149 2916 subjiciuntur,
1174 2838 1284 2916 arguit
1306 2836 1365 2918 pri·

218 2966 306 3007 mum
330 2945 435 3008 oratio
459 2945 594 3007 vitiosa:
618 2965 695 3006 non
729 2950 811 3007 tam
842 2946 941 3024 qnia
972 2952 1158 3026 paterna
1189 2960 1365 3025 -quam

216 3057 406 3135 ipsorum
447 3052 560 3116 odiis
607 3072 793 3114 accensae
846 3052 1002 3128 (debebat
1047 3054 1132 3116 enim
1184 3053 1363 3116 necessario

217 3163 281 3226 diei
317 3183 434 3242 quam
469 3161 639 3243 quia—),
675 3159 792 3223 deinde
834 3162 907 3242 ipsa
947 3182 1000 3225 res
1039 3161 1166 3244 (inepta
1197 3171 1249 3224 est
1286 3161 1363 3223 enim

218 3270 357 3351 diligens
381 3269 450 3332 haee
475 3269 642 3331 distinctio
667 3275 700 3331 et
723 3270 926 3350 comparatio
950 3271 1197 3333 inimicitiarum
1218 3277 1362 3351 patema·

216 3401 288 3442 rum
312 3386 345 3442 et
366 3379 453 3441 inter
476 3378 566 3459 ipsos
591 3396 811 3454 accensarum,
835 3399 934 3458 quum
959 3379 1141 3458 praesertim
1160 3377 1220 3441 has
1245 3399 1283 3441 ex
1305 3375 1360 3439 illis

217 3488 358 3550 crevisse
382 3488 456 3569 ipsa
478 3484 579 3548 verba
602 3483 815 3566 significent),
844 3492 914 3548 tum
949 3507 1104 3567 perversa
1134 3487 1359 3550 sententiarum

218 3596 419 3659 continuatio
444 3593 504 3671 (sic
528 3595 614 3656 enim
637 3593 809 3657 subiicitur
834 3595 1012 3657 communis
1043 3615 1157 3674 regum
1192 3592 1357 3657 aemulatio-

217 3699 267 3762 nis
285 3701 417 3778 mentio,
441 3707 611 3784 tamquam
635 3702 667 3763 in
692 3722 730 3764 ea
752 3702 869 3783 posita
892 3702 1014 3766 fuerint
1036 3702 1101 3765 illae
1120 3704 1268 3784 ipsorum
1286 3699 1354 3764 odiis

217 3827 360 3872 accensa
384 3809 587 3888 inimicitiae),
611 3816 776 3891 postremo
806 3809 932 3892 Polybii
955 3811 1139 3874 auotoritas
1175 3809 1210 3889 (l.
1236 3831 1261 3873 e.
1285 3809 1352 3884 χωρὶς

216 3923 270 3996 γὰρ
293 3925 336 3990 rip-3
360 3926 488 3997 πατρικῆς
512 3924 712 3997 ἀλλοτριότητος
735 3924 780 3978 καὶ
797 3924 964 3997 δυσμενείας,
987 3927 1017 3994 ἣν
1041 3920 1116 3994 εἶχον
1140 3927 1209 3999 πρὸς
1233 3925 1348 3991 ἀλλήλους,

216 4032 246 4085 τὸ
269 4034 312 4098 τὴς
336 4030 419 4106 ἀρχὴς
443 4032 568 4106 ὁμογενὲς
592 4032 682 4086 ἱκανὸν
705 4023 736 4100 ἦν
759 4032 803 4086 καὶ
827 4033 956 4087 ἀπιστίαν
980 4033 1024 4088 καὶ
1046 4036 1208 4103 ζηλοτυπίαν
1231 4032 1274 4086 καὶ
1294 4030 1346 4083 καθ·

217 4137 280 4192 ὀλου
296 4139 342 4206 τὴν
359 4141 488 4213 μεγίστην
507 4139 695 4213 ἀλλοτριότητα
714 4143 929 4213 παρασκευάζειν
947 4146 974 4197 ἐν
993 4136 1105 4216 αὐτοῖς).
1135 4137 1278 4219 Apparet
1288 4147 1343 4193 cofl-

216 4239 305 4321 iungi
329 4241 418 4323 apud
441 4241 612 4324 Polybium
635 4243 823 4305 inimicitias
856 4265 979 4326 easque
1013 4251 1171 4326 paternas
1207 4251 1238 4307 et
1269 4253 1344 4303 semu·

216 4346 374 4411 lationem
408 4349 540 4431 regibus
576 4371 799 4429 communem
833 4352 1023 4416 inimicitias
1057 4359 1216 4435 paternas
1245 4345 1350 4414 Livius,
