2994 5108
680 456 742 515 419
1106 466 1169 520 Lib.
1188 466 1289 521 XXIX.

134 643 333 705 nostrorum.
375 637 591 704 Scribendum
613 639 729 722 igitur:
757 640 796 703 in
820 637 1076 721 aliquantum
1099 639 1176 703 iam
1199 638 1289 703 alti·

135 747 201 811 tud
212 741 307 827 i'nis'3
324 747 494 812 intercidit
512 748 700 831 praepositio
720 747 762 811 ob
780 745 969 830 praecedens
987 746 1219 826 voluerunt3
1236 748 1289 811 iti-

135 854 275 938 demque
293 855 394 934 XLII,
422 861 471 935 15,
491 861 509 920 5
528 856 746 932 retinendum,
773 854 862 937 quod
883 855 984 918 estin
1001 854 1131 919 codice:
1155 856 1195 918 in
1219 855 1290 919 ali·

133 968 331 1045 qnantum
349 963 588 1050 altitudinis
608 963 780 1045 derupta
798 967 894 1041 erat,
919 968 953 1026 et
970 962 1059 1045 apud
1072 961 1222 1027 Curtium
1234 962 1288 1043 VI,

135 1073 183 1149 17,
209 1073 268 1134 21:
303 1070 385 1136 Iam
415 1072 454 1136 iu
477 1070 734 1154 aliquantum
760 1069 1004 1135 altitudinis
1030 1092 1128 1155 opus
1153 1092 1289 1135 creve-

127 1186 206 1259 rat,
224 1179 492 1261 qnchcidalius
514 1180 667 1243 restituit.
704 1176 734 1261 [ξ
761 1182 799 1241 18
823 1178 948 1243 editur:
972 1178 1041 1243 sed
1064 1187 1103 1243 et
1124 1198 1228 1242 nunc
1251 1185 1291 1243 et

125 1307 240 1371 saepe
270 1287 378 1353 alias
407 1288 481 1353 dea
509 1308 619 1351 suam
649 1287 781 1351 sedem
802 1292 1007 1351 —tutata
1030 1293 1100 1350 est.
1151 1286 1189 1350 In
1212 1285 1288 1350 Lov.

117 1401 148 1459 4
172 1400 209 1460 et
233 1395 307 1460 edd.
331 1402 409 1460 ante
431 1394 551 1459 Alduui
574 1395 747 1460 scribitur:
782 1395 851 1460 sed
879 1403 919 1459 et
941 1417 1046 1459 nunc
1069 1402 1107 1458 et
1130 1402 1228 1459 tunc
1251 1400 1291 1458 et

115 1522 240 1587 saepc
264 1510 345 1583 cet.;
368 1503 470 1569 scribi
494 1503 607 1568 debet:
633 1502 701 1567 sed
725 1509 763 1566 ct
786 1510 881 1567 tunc
903 1509 942 1568 et
964 1524 1066 1586 saepe
1090 1508 1150 1566 cet.
1195 1502 1290 1566 Nunc

107 1609 195 1675 dea
222 1611 370 1676 nondum
399 1617 509 1676 tutata
537 1619 609 1674 erat
635 1611 795 1693 templum
817 1631 878 1675 nec
901 1632 1025 1694 poenas
1049 1617 1216 1693 exegerat,
1251 1630 1291 1673 cx

100 1719 314 1803 superioris
343 1720 502 1801 temporis
529 1720 688 1784 memoria
716 1717 906 1796 confiditur,
941 1738 1026 1783 nunc
1050 1739 1179 1802 quoque
1201 1723 1290 1781 tuta·

92 1834 243 1891 turam
265 1848 348 1891 esse.
385 1825 492 1910 1863]
538 1827 576 1890 ln
599 1828 759 1910 proximis
781 1826 905 1891 verbis:
929 1834 1091 1891 nostras
1114 1826 1289 1890 iniurias

84 1954 203 2004 nec
237 1941 379 2017 potest
411 1956 483 1998 nec
512 1936 645 2017 possit
679 1933 786 1998 alius
815 1935 961 1997 ulcisci
990 1953 1105 2016 quam
1132 1955 1215 2012 vos,
1248 1954 1290 1997 ne

77 2041 213 2131 quid
247 2062 287 2106 ex
320 2062 423 2126 prava
456 2043 664 2107 enarratione
698 2042 873 2107 turbarum
907 2047 1077 2119 nascatur,
1116 2040 1289 2106 dicendum

72 2154 195 2227 est,
236 2151 373 2233 possit
413 2151 560 2234 optative
593 2151 670 2232 peni
704 2149 841 2233 (atque
874 2150 1029 2213 utinam
1063 2171 1108 2213 ne
1142 2150 1288 2232 possit,

64 2259 290 2351 quoniam
325 2278 397 2322 eam
431 2264 630 2341 potestatem
665 2279 759 2322 nemo
794 2257 968 2321 habiturus
1003 2263 1054 2321 est
1082 2257 1144 2321 nisi
1172 2258 1289 2321 vestris

58 2362 250 2449 opibus
265 2414 269 2423 .
283 2365 428 2447 fractis);
468 2366 581 2431 Graece
618 2365 796 2430 diceretur:
837 2370 896 2426 obre
930 2371 1040 2427 δύναται
1072 2373 1138 2446 μήτε
1172 2371 1288 2430 δύναιτο.

60 2464 213 2574 [cfr.
237 2473 334 2557 Verg.
358 2473 431 2538 AEn.
455 2473 493 2553 X,
518 2472 620 2555 85.]¹)

218 2578 300 2665 Gap.
325 2585 381 2660 21,
413 2587 446 2645 5:
481 2580 759 2646 Locrensibus
783 2602 823 2645 se
846 2582 1090 2664 permittere
1113 2581 1169 2660 (M.
1193 2580 1290 2645 Pem-

45 2687 250 2781 pouius
272 2695 395 2773 praetor
417 2688 544 2769 edixit),
573 2696 623 2768 ut,
648 2689 753 2773 quod
776 2689 838 2752 sni
862 2689 1036 2771 quisque
1061 2695 1289 2771 cognosset,

34 2820 96 2882 p
116 2796 368 2877 renderet,
396 2798 427 2861 si
452 2797 547 2880 quid
570 2819 645 2861 non
669 2803 943 2879 compareret,
972 2796 1074 2860 unde
1098 2803 1191 2861 ante
1216 2818 1289 2862 om·

30 2921 78 2962 n
98 2894 136 2957 1‘
153 2915 183 2961 ἃ
223 2904 360 2970 libera
388 2925 562 2988 corpora
584 2906 747 2988 placere
777 2905 861 2969 sine
884 2925 994 2970 mora
1015 2904 1289 2969 Locrensibus

18 3019 59 3061 1‘
68 3018 121 3061 Θ
144 3013 313 3077 astitui.
350 3011 412 3093 Sic,
437 3013 499 3076 nisi
522 3012 613 3096 quod
635 3012 824 3095 suppletum
843 3019 894 3078 cst
911 3032 1100 3096 corpora,
1120 3011 1160 3091 P;
1179 3011 1290 3075 editur

13 3120 48 3162 θ
104 3122 363 3185 coniectura
385 3118 558 3185 Gronorii:
581 3156 624 3165 -
647 3121 680 3184 si
703 3120 796 3202 quid
819 3143 897 3186 non
920 3126 1185 3203 compareret,
1209 3119 1288 3181 vin-

10 3248 357 3285 X...-

47 3318 111 3387 ι)
159 3333 292 3399 Paulo
310 3348 378 3400 autc
396 3343 424 3415 (ᾗ
444 3346 487 3413 14)
505 3345 615 3401 mirifici
634 3346 767 3415 loquendi
786 3346 910 3415 generis,
938 3363 993 3414 quo
1011 3345 1165 3400 Pleminius
1184 3345 1290 3398 dicitur

142 3422 330 3483 tribunos
357 3430 478 3484 militnm
510 3431 675 3486 omnibus
708 3430 907 3500 suppliciis
933 3431 1141 3484 trucidatos
1168 3431 1287 3485 cruci·

131 3516 194 3561 ἢ»
213 3512 290 3569 ndo
319 3515 515 3583 occidisse,
542 3515 648 3570 frustra
675 3515 768 3570 socius
792 3514 947 3569 advocatur
972 3514 1080 3570 Seneca
1103 3516 1214 3581 rhetor,
1242 3516 1289 3584 qui

121 3580 323 3653 ¹:heminis
356 3601 508 3655 crudeliter
534 3601 622 3656 occisi
648 3600 711 3671 ipsa
736 3600 863 3653 membra
889 3599 1012 3667 (sensim)
1039 3600 1182 3655 trucidata
1208 3600 1289 3654 dixit.

116 3664 295 3740 Nihilo
314 3689 411 3739 umen
427 3686 538 3754 melius,
562 3687 640 3755 quod
657 3687 816 3740 Gronovius
834 3684 925 3748 finxit,
949 3685 1167 3739 trucidando
1191 3687 1287 3739 occi·

114 3752 186 3813 d
217 3786 297 3838 cre,
323 3771 403 3839 quasi
422 3771 523 3841 aliquis
541 3771 709 3826 trucidando
728 3789 787 3825 nen
805 3771 897 3824 occidi
916 3772 1013 3840 possit.
1058 3769 1137 3824 Unus
1155 3769 1288 3839 Sigonius

107 3848 295 3909 verum
320 3855 407 3923 vidit,
434 3857 482 3925 qui
505 3857 672 3926 simpliciter
696 3857 880 3911 cruciatos
906 3856 1046 3909 occidit
1070 3855 1196 3924 scripsit3
1222 3872 1289 3908 nsm

107 3936 285 3997 quum
310 3957 405 3995 errore
428 3942 637 3996 trucidatos
662 3943 799 4010 scriptum
824 3945 898 3994 esset
916 3946 945 3994 et
962 3941 1045 3994 simul
1064 3956 1129 3994 vera
1148 3940 1289 4008 scriptura

107 4018 351 4093 adnotetc,
377 4028 518 4096 posterior
541 4045 597 4082 vox
620 4032 761 4096 utcunque
784 4027 819 4080 ad
842 4026 977 4094 reliquam
1000 4025 1157 4079 orationem
1175 4041 1287 4078 accom-

104 4100 315 4164 modste
338 4119 388 4165 cst.
434 4112 532 4181 [Recte
555 4112 706 4168 Rhenanus
732 4112 852 4182 eSpir.:
880 4110 1068 4181 suppliciis
1095 4110 1287 4165 cruciando

109 4187 162 4227 0
189 4194 354 4265 ecidit]
390 4194 417 4266 [ξ
436 4200 453 4250 2
471 4197 651 4252 scribendum
673 4215 733 4251 esse
758 4196 915 4251 videmus
935 4198 1039 4264 enim,
1062 4213 1137 4249 cum
1157 4201 1289 4264 quanta

115 4274 164 4313 (ἓ
194 4279 406 4336 acrimonia
422 4311 459 4321 -
476 4283 608 4337 colatis
625 4311 662 4321 -
680 4283 881 4352 accipiatis,
904 4299 962 4335 non
982 4280 1145 4347 vidimus,
1169 4285 1290 4334 nonest

122 4358 278 4420 quod
294 4364 392 4422 multis
410 4369 507 4423 vorbis
526 4383 674 4438 exponam.
712 4366 798 4436 1863]
1007 4434 1057 4488 2⁷*
