2994 5108
213 481 275 535 uin.
293 479 405 533 xxvu.
759 465 821 525 400

214 653 319 732 XXV,
349 658 407 731 41,
441 651 511 733 13);
545 651 585 715 de
616 671 654 714 eu
684 649 828 714 dubitari
851 649 981 733 nequit,
1015 650 1093 732 quin
1116 649 1150 713 in
1173 669 1200 713 c.
1224 651 1267 712 40
1290 649 1369 714 scri·

213 761 321 826 bendu
344 760 525 825 Hostilium
547 758 690 824 Tarento
714 756 888 840 praesidere
913 756 1085 841 putaritl)

300 868 378 952 Cap.
403 873 459 947 45,
494 871 512 931 3
542 865 589 948 (in
608 867 770 931 >oratione
798 864 930 948 Claudii
958 865 1099 931 Neronis
1135 866 1281 931 consulis
1309 867 1368 931 mi·

213 977 328 1041 litibus
364 982 490 1041 certam
524 975 563 1040 de
598 973 808 1039 Hasdrubale
844 974 987 1039 victoria
1015 995 1105 1057 spem
1134 973 1367 1056 ostendentis):

214 1084 385 1167 Quippe,
409 1083 457 1147 ad
481 1083 587 1167 quod
609 1081 760 1147 bellum
784 1080 944 1165 collega
965 1103 1042 1145 non
1060 1087 1164 1161 ante,
1187 1081 1368 1165 quemad

214 1193 454 1256 satietatem
478 1191 613 1274 ipsius
637 1191 818 1273 peditum
841 1196 962 1272 atque
986 1190 1168 1272 equitum
1191 1189 1299 1256 datae
1320 1188 1367 1254 ab

214 1306 361 1364 senatu
392 1299 516 1382 copiae
544 1298 723 1363 fuissent
743 1332 801 1376 —-,
835 1298 1054 1380 profectus
1083 1299 1152 1376 sit,
1187 1319 1231 1365 eu
1255 1299 1367 1383 ipsos

213 1413 574 1491 quantumcunque
624 1408 772 1470 virium
822 1413 1064 1471 momentum
1114 1404 1368 1484 addiderint,

212 1537 295 1580 rem
330 1536 483 1580 omnem
517 1515 810 1579 inclinaturus.
869 1512 921 1579 Sic
951 1514 1237 1579 Weissenbornius
1267 1515 1367 1578 inter·

213 1624 340 1706 punxit,
371 1645 421 1701 ne,
446 1625 472 1688 si
496 1644 569 1687 cum
593 1622 711 1687 ceteris
734 1644 862 1687 comma
884 1628 961 1706 pust
982 1624 1096 1706 ipsos
1118 1622 1288 1705 posuisset
1310 1621 1367 1704 (eo

212 1731 343 1814 ipson,
377 1730 765 1815 quantumcunque),
798 1751 898 1813 prava
929 1737 1078 1796 oreretur
1107 1730 1288 1810 sententia;
1322 1731 1368 1795 sic

213 1841 300 1904 euim
323 1837 479 1904 Claudius
501 1840 565 1904 hoc
587 1846 718 1904 tantum
740 1839 913 1922 promittit,
937 1838 1058 1903 milites
1082 1838 1123 1903 ad
1147 1838 1271 1903 bellum
1294 1858 1369 1903 curn

212 1945 423 2012 Hasdrubale
447 1947 519 2028 (eo)
544 1968 673 2013 omnem
694 1968 762 2011 rem
786 1946 1009 2027 inclinaturus,
1033 1947 1095 2011 hoc
1118 1953 1168 2011 est
1192 1945 1235 2028 (si
1257 1952 1369 2011 tamen

213 2063 301 2119 reete
332 2056 452 2120 dicitur
480 2077 550 2120 rem
578 2055 620 2119 ad
648 2054 769 2119 bellurn
798 2053 931 2135 aliquod
958 2052 1148 2134 inclinare),
1179 2052 1369 2134 effecturus,

213 2170 250 2227 ut
278 2163 312 2228 id
340 2165 507 2247 praecipuo
537 2164 581 2229 sit
608 2162 681 2228 lucu
711 2168 744 2226 et
765 2163 798 2226 in
823 2183 860 2227 eo
885 2163 994 2226 omnia
1016 2168 1202 2241 certantum
1234 2182 1371 2228 necesse

214 2277 265 2335 est
293 2277 403 2336 autem
427 2272 631 2355 promiserit,
664 2292 721 2335 eos
744 2291 814 2334 rem
837 2269 1053 2335 inclinaturus
1077 2269 1277 2351 (absolute),
1307 2269 1371 2336 huc

213 2385 276 2452 est,
309 2362 466 2458 facturos,
489 2386 542 2459 ut,
578 2400 649 2462 quae
672 2378 832 2442 hactenus
855 2379 928 2460 pari
951 2385 1117 2443 momento
1141 2378 1302 2457 stetisset,
1335 2379 1370 2442 in

213 2486 351 2549 alteram
382 2484 501 2568 (suam)
530 2495 659 2571 partem
692 2485 909 2550 inclinaretur
936 2483 997 2564 (sie
1032 2484 1164 2549 wiirden
1193 2485 1271 2551 den·
1284 2487 1371 2552 Aus-

212 2592 326 2676 schlag
349 2587 468 2676 gebem
503 2595 566 2659 vid.
591 2593 738 2673 XXVIII,
769 2598 817 2672 15,
849 2598 867 2656 7
896 2599 929 2657 et
951 2596 1001 2672 22,
1031 2597 1060 2672 8,
1089 2592 1161 2674 al),
1195 2595 1373 2676 nequead

213 2701 313 2764 aliam
341 2702 442 2767 ullam
465 2704 662 2767 senteutiam
686 2710 799 2784 aptum
823 2708 873 2765 est
894 2700 976 2765 illud
999 2708 1377 2785 quantumcumque

212 2810 358 2873 virium
382 2818 627 2875 momentum.
680 2810 801 2873 Verum
824 2809 916 2873 illum
939 2808 1191 2892 interpungendi
1215 2817 1373 2875 conatum

213 2919 331 2982 evertit
359 2921 567 2983 accusativus
596 2920 725 3000 ipsus,
759 2918 815 2999 qui
844 2917 998 2998 quoniam
1028 2918 1091 2981 nisi
1120 2916 1163 2980 ad
1192 2917 1374 2984 inclina·

213 3033 327 3091 turus
362 3029 525 3110 pertinere
559 3027 689 3109 nequit,
728 3026 913 3089 necessario
948 3024 1064 3089 eudem
1099 3024 1292 3090 adverbium
1329 3048 1375 3092 eo

213 3134 374 3213 trahitur,
415 3157 520 3219 neque
559 3136 593 3198 in
634 3134 696 3197 hac
737 3134 895 3198 orationis
929 3132 1035 3196 forma
1068 3132 1136 3196 ulla
1170 3133 1376 3200 confusionis

216 3244 453 3307 sententiarum
488 3242 676 3324 (συγχύσεως)
710 3240 815 3323 figura
854 3241 962 3305 lucum
1000 3240 1110 3306 habet.
1173 3239 1296 3322 Itaque
1338 3251 1377 3308 nt

214 3357 307 3413 recta
345 3352 507 3415 sententia
547 3351 717 3432 oratioque
760 3348 936 3427 efficiatur,
978 3348 1185 3412 scribendum
1221 3356 1288 3414 est:
1331 3372 1376 3417 eo

215 3455 292 3535 Ipsi
326 3457 358 3518 sl
391 3464 754 3538 quantumcunque
794 3457 941 3520 virium
979 3463 1217 3521 momentum
1252 3458 1378 3524 addi·

215 3562 364 3643 derint,
393 3585 476 3628 rem
498 3587 648 3630 omnem
671 3564 960 3629 inclinaturus.
1011 3565 1064 3629 lta
1087 3571 1378 3648 quantuscun-

214 3691 286 3752 que
310 3672 474 3737 infinitum
498 3675 562 3737 erit
584 3693 780 3756 pronomen,
811 3672 973 3755 quomodo
1001 3673 1035 3736 id
1059 3672 1168 3736 Livius
1191 3672 1380 3755 aliquoties

241 3947 266 4011 ¹)
286 3944 361 4014 [Cap.
380 3947 423 4011 la,
441 3947 457 3996 1
475 3945 668 4012 interpunctio
687 3945 726 3997 sic
745 3943 920 3998 emendanda
939 3948 982 3996 est
1001 3943 1186 4009 (verteret,
1210 3930 1380 4014 litteris),

282 4035 314 4084 ut
339 4030 455 4084 verbum
483 4030 620 4095 edocet,
652 4029 781 4098 longiore
808 4029 1032 4082 ratiocinationis
1060 4028 1253 4082 declaratione
1282 4033 1379 4100 perti·

282 4117 356 4184 cipio
384 4119 480 4167 ratus
508 4114 648 4179 subiecta,
683 4116 864 4168 continuetur
891 4114 959 4166 illis:
992 4119 1061 4166 tum
1089 4112 1273 4179 Claudius;
1308 4134 1381 4172 narn

281 4205 351 4253 turn
375 4197 542 4252 Claudius
559 4227 594 4236 —
611 4203 722 4264 ratus,
755 4204 787 4252 ut
810 4200 865 4252 hoc
890 4216 942 4267 pru
964 4197 1045 4252 finito
1069 4199 1120 4264 sit,
1147 4214 1234 4267 preve
1259 4200 1381 4257 dicItnr.

282 4283 335 4336 Cir.
355 4303 380 4352 p.
401 4285 451 4336 215
470 4284 505 4336 de
525 4282 652 4350 XXXIV,
671 4286 712 4351 27,
731 4287 747 4337 5
766 4291 794 4338 et
811 4285 895 4353 paulo
914 4288 980 4336 ante
999 4283 1033 4337 de
1052 4300 1075 4338 c.
1094 4285 1136 4348 34,
1157 4286 1195 4338 14.
1236 4285 1329 4356 1863]
