3000 5116
662 493 722 554 187
944 594 946 599 γ
1111 499 1175 562 Lib.
1194 508 1268 563 VIII.

106 679 220 763 repeti
252 679 286 745 si
320 679 508 745 coniunctio
538 680 639 744 etiam
666 680 765 744 tertio
793 679 866 744 loco
899 679 1043 745 debebat
1073 687 1106 745 et
1134 686 1270 764 propter

106 790 217 873 ipsam
249 787 428 873 anaphora
461 787 600 870 figuram
634 795 668 852 et
699 788 842 852 vitandae
877 809 1010 853 summae
1043 789 1268 872 ambiguitatis

106 895 163 963 vel
195 898 306 981 potius
338 895 566 981 perversitatis
600 917 715 976 causa3
753 896 871 961 deinde
902 919 976 961 cum
1004 896 1137 962 loedere
1161 905 1194 962 ot
1218 921 1269 963 so·

107 1004 249 1086 cietetc,
283 1026 356 1089 qua
391 1003 566 1070 constabat
600 1026 685 1084 esse,
720 1004 777 1070 sed
806 1004 847 1069 de
877 1027 1015 1088 quorum
1043 1027 1121 1070 vera
1149 1013 1270 1071 natura

16 1098 20 1105 ¹
108 1113 305 1179 certabatur
327 1112 382 1195 (ex
405 1134 470 1197 quo
493 1112 545 1192 fit,
574 1119 611 1177 ut
640 1120 672 1177 et
701 1114 735 1177 in
763 1112 827 1178 hac
856 1119 891 1176 et
918 1112 953 1177 in
976 1115 1146 1195 superiore
1168 1115 1270 1179 inter-

107 1220 292 1305 punctione
320 1242 507 1305 perversnm
535 1221 578 1286 sit
605 1221 702 1285 illud:
740 1222 773 1286 si
807 1219 949 1284 foedus
980 1220 1073 1303 est),
1109 1243 1182 1286 cum
1210 1222 1270 1302 his,

108 1329 262 1413 inquam,
296 1351 362 1396 non
395 1335 529 1415 poterat
562 1336 720 1412 tanquam
753 1329 889 1394 tertium
918 1327 952 1392 id
981 1330 1148 1412 coniungi,
1181 1330 1270 1413 quod

108 1439 236 1523 ipsum,
263 1437 482 1523 querebatur,
509 1438 675 1502 inessetne
699 1438 733 1500 in
755 1436 812 1501 illo
836 1435 980 1501 foederis
1003 1438 1134 1502 nomine
1157 1460 1268 1503 necne.

111 1546 232 1629 Itaque
265 1567 332 1612 una
365 1545 517 1611 detracta
549 1543 679 1624 rocula,
715 1565 786 1626 quae
815 1544 931 1609 addita
961 1552 1026 1625 est,
1059 1566 1100 1609 ne
1132 1547 1165 1610 si
1193 1567 1269 1611 con-

111 1655 241 1721 iunctio
269 1653 369 1720 verbo
399 1660 528 1720 careret
550 1652 689 1732 scilicet,
723 1652 932 1718 scribendum
955 1659 1019 1718 est:
1054 1655 1088 1718 si
1116 1653 1269 1737 foedus,

110 1764 150 1829 si
179 1763 361 1829 societas
390 1763 563 1845 aequatio
591 1762 693 1826 iuris
716 1766 787 1825 est.
839 1760 1037 1842 (Gronovius
1061 1769 1269 1844 argumenta-

111 1873 238 1938 tionem
258 1871 357 1936 Annii
379 1892 444 1936 non
467 1871 650 1956 perspexit3
684 1871 718 1933 in
746 1869 818 1950 illa,
854 1891 953 1954 quam
976 1871 1003 1934 is
1028 1869 1159 1935 efficere
1182 1872 1270 1937 vole·

111 1980 183 2060 bat,
210 1980 377 2045 sententia
399 1978 608 2045 scribendum
632 1985 717 2043 erat:
752 1979 785 2042 si
809 1979 910 2061 aqui
932 1979 1033 2042 iuris
1056 1978 1201 2044 foedus
1226 2000 1270 2044 ac

113 2089 296 2155 societas
320 2094 396 2168 est,
429 2110 497 2153 non
520 2086 730 2172 aequati.)¹)
786 2087 887 2151 Paulo
912 2087 1072 2152 occultius
1095 2088 1270 2172 scriptura,

113 2199 186 2282 ipsa
212 2218 248 2262 re
278 2218 379 2281 prope
408 2196 611 2261 manifestius
634 2203 685 2262 est
706 2196 847 2260 alterum
869 2196 1032 2260 mendum.
1089 2196 1160 2273 Quo
1184 2197 1270 2261 enim

112 2311 244 2389 spectat
271 2303 330 2369 illa
357 2304 527 2369 consulum
555 2306 692 2384 mentio,
727 2305 935 2388 superposita
962 2304 1025 2387 ipsi
1048 2303 1270 2369 Romanorum

113 2413 276 2479 mentioni
310 2411 360 2495 (si
393 2413 564 2478 socialis
598 2412 683 2477 illis
717 2413 926 2477 exercitus
960 2414 993 2477 is
1028 2413 1126 2495 est)?
1159 2414 1269 2479 Soline

114 2521 276 2602 consules,
303 2543 369 2586 non
392 2541 505 2587 omnes
527 2521 668 2586 Romani
696 2540 867 2585 secernere
892 2542 911 2585 a
933 2542 968 2585 se
997 2521 1152 2586 socialem
1176 2544 1267 2588 exer·
1286 2539 1356 2607 (159)

114 2632 218 2696 citum
239 2628 421 2695 nolebant?
449 2628 493 2694 Et
515 2629 593 2713 quid
616 2627 679 2693 hoc
703 2633 768 2707 est,
800 2629 948 2694 consules
972 2651 1142 2695 secernere
1165 2632 1271 2696 socios

112 2739 210 2805 bellis
233 2738 377 2823 propriis
394 2738 558 2803 sumendis
577 2737 825 2820 ponendisque?
849 2738 994 2802 Erantne
1013 2738 1083 2802 ulla
1101 2739 1270 2804 consulum

112 2848 251 2932 propria
272 2845 383 2911 bella?
416 2847 483 2910 Aut
506 2847 533 2910 si
557 2845 707 2910 consules
730 2867 789 2929 pro
813 2847 968 2910 Romanis
991 2848 1151 2910 nominari
1175 2853 1270 2929 puta-

112 2978 202 3034 mu8‚
241 2956 382 3021 Romani
421 2955 557 3038 propria
589 2953 678 3017 bella
710 2974 777 3017 non
811 2954 984 3017 sumebant
1017 2953 1271 3036 ponebantque?

113 3063 256 3130 Omnino
289 3061 353 3129 hoc
387 3061 427 3127 de
462 3063 604 3146 propriis
639 3061 735 3126 bellis
766 3062 930 3125 sumendis
959 3061 1185 3144 ponendisque
1214 3082 1270 3124 ne-

111 3175 261 3239 cessario
292 3171 335 3236 ad
364 3192 419 3235 eos
449 3173 606 3255 pertinet,
641 3171 697 3251 qui
729 3169 889 3234 hactenus
923 3170 1046 3233 alteros
1076 3168 1269 3250 (Romanos)

110 3281 219 3346 secuti
266 3279 360 3345 nulla
404 3280 469 3362 ipsi
511 3300 570 3344 suo
612 3279 751 3342 arbitrio
791 3280 926 3361 propria
964 3277 1052 3342 bella
1090 3283 1269 3359 gesserant.

111 3389 305 3472 Scripserat
332 3387 459 3452 Livius:
494 3388 528 3451 si
562 3387 734 3451 socialis
767 3386 856 3450 illis
891 3388 1097 3451 exercitus
1131 3387 1164 3449 is
1199 3391 1270 3465 cst,

108 3534 155 3544 —
183 3518 301 3580 quem
334 3516 551 3561 secernere
585 3495 633 3560 ab
662 3517 703 3560 se
734 3494 916 3576 (Romanis)
947 3494 1118 3556 ronsllla
1145 3494 1271 3559 bellis

110 3605 300 3691 propriis
328 3602 533 3669 sumendis
563 3604 845 3688 ponendisque
869 3603 1012 3667 nolint.
1069 3602 1119 3666 Ea
1142 3602 1272 3667 demum

109 3735 192 3779 vera
220 3720 272 3778 est
300 3713 481 3792 sententia,
511 3734 576 3777 non
604 3712 803 3796 placiturum
826 3712 998 3789 Romanis,
1028 3712 1055 3774 si
1078 3711 1187 3774 Latini
1211 3731 1271 3775 sua

109 3821 255 3887 consilia
296 3820 337 3885 ab
378 3820 445 3885 illis
480 3826 655 3886 secernant
688 3826 722 3884 et
755 3841 814 3884 suo
850 3819 988 3883 arbitrio
1021 3818 1110 3883 bella
1143 3824 1269 3901 gerant.

109 3929 195 4013 (cn.
218 3928 261 4009 ΙΙ,
292 3933 342 4008 53,
373 3934 449 3994 bet
471 3929 511 3993 de
535 3928 708 3993 verborum
730 3950 792 3993 usu
815 3927 868 4005 IV,
898 3932 947 4008 57,
978 3931 1013 3990 3:
1050 3945 1269 3990 secernere

140 4202 163 4267 ¹)
186 4197 290 4268 [Multo
318 4199 411 4254 minus
440 4217 492 4270 por
515 4218 545 4255 sc
567 4218 619 4270 pro
644 4199 809 4254 condicione
833 4199 902 4269 poni
926 4202 1033 4267 potest:
1067 4196 1095 4249 si
1113 4195 1268 4264 aequatio

183 4286 277 4339 iuris
301 4290 364 4339 est.
407 4285 437 4340 si
455 4302 488 4339 ea
506 4287 561 4339 iam
578 4285 690 4353 fuisset,
715 4284 785 4339 nihil
803 4285 899 4339 Latini
916 4285 991 4337 ultra
1010 4287 1175 4350 quaererent.
1217 4281 1270 4334 La-

181 4371 242 4425 tine
258 4369 314 4425 hoc
332 4370 493 4441 significatu
510 4371 664 4427 diceretur:
683 4371 713 4424 si
732 4376 906 4440 aequatum
924 4370 980 4423 ius
998 4366 1072 4435 est]
