2994 5108
707 490 768 553 215
1188 505 1249 559 Lib.
1268 506 1317 560 IX

247 676 326 762 Cap.
352 681 402 753 30,
427 678 461 738 3:
495 674 545 738 Et
567 674 644 739 duo
667 675 840 758 imperia
863 696 907 740 eo
931 696 1033 741 anno
1057 676 1147 740 dari
1171 685 1318 761 coepta

157 808 232 872 per
259 785 467 870 populum,
496 789 672 865 utraque
701 784 959 867 pertinentia
987 784 1036 848 ad
1064 806 1145 849 rem
1168 786 1317 851 milita·

158 917 254 975 rem,
284 914 418 973 unum,
447 898 492 956 ut
518 889 680 956 tribuni
709 891 885 957 militum
909 894 996 958 seni
1020 893 1112 957 deni
1135 894 1176 958 in
1199 902 1316 975 quat·

158 1010 254 1070 tuor
276 1002 461 1086 legiones
484 1022 504 1064 a
525 998 678 1084 populo
701 1006 956 1079 crearentur,
979 1034 1021 1044 —-
1044 1026 1102 1080 -3
1131 1001 1315 1082 alterum,

158 1118 202 1177 ut
230 1110 471 1176 duumviros
494 1107 660 1174 navales
683 1108 829 1173 classis
853 1108 1042 1174 ornandae
1064 1108 1316 1175 reficiendae-

156 1240 233 1304 que
257 1239 381 1284 causa
403 1216 507 1282 idem
530 1216 709 1300 populus
732 1217 903 1282 iuberet.
948 1217 1086 1282 Miratos
1109 1218 1207 1284 oredo
1232 1218 1316 1283 Livii

158 1327 313 1411 aquales,
335 1327 363 1391 si
385 1325 455 1391 haee
479 1325 527 1390 sic
549 1325 673 1407 scripta
694 1325 854 1408 legerunt,
878 1326 1018 1409 primum
1041 1327 1181 1408 imperia
1204 1326 1316 1411 appel-

157 1435 219 1500 lari
265 1434 475 1499 tribunorum
518 1433 658 1497 militum
696 1434 730 1496 in
769 1434 955 1515 legionibus
996 1440 1029 1498 et
1069 1434 1315 1499 duumvirorum

156 1543 340 1622 navalium,
374 1563 457 1625 quos
490 1562 585 1606 nemo
619 1561 764 1623 unquam
793 1542 961 1607 Romanus
989 1543 1164 1626 imperium
1193 1543 1314 1607 hebere

157 1652 249 1731 dixit,
278 1658 350 1716 tum
373 1649 622 1714 commemorari
644 1656 805 1732 tanquam
829 1650 1003 1732 singulare,
1027 1671 1139 1716 eorum
1161 1651 1315 1733 imperio·

155 1782 230 1825 rum
263 1766 442 1840 utrumque
470 1757 669 1841 pertinuisse
698 1757 742 1822 ad
770 1779 839 1822 rem
868 1757 1060 1836 militarem,
1095 1760 1253 1841 quoniam
1280 1759 1315 1823 id

156 1868 292 1933 insitum
321 1872 395 1933 erat
416 1867 450 1930 iu
472 1865 603 1949 imperii
625 1871 747 1930 natura
769 1887 808 1930 ac
829 1866 984 1944 notione,
1013 1871 1051 1930 ut
1073 1866 1117 1930 ad
1139 1888 1207 1931 rem
1230 1867 1314 1931 mili-

157 1983 263 2042 tarem
291 1974 483 2059 pertineret.
540 1972 605 2038 Sed
632 1973 714 2038 nihil
742 1974 810 2038 tale
840 1973 882 2039 ab
912 1975 952 2039 Iis
980 1973 1012 2037 h.
1035 1973 1056 2037 l.
1079 1974 1202 2038 lectum
1232 1995 1313 2054 esse,

152 2085 184 2149 si
210 2105 265 2148 res
293 2083 369 2167 ipsa
388 2081 487 2146 fidem
510 2103 574 2146 uon
596 2081 677 2146 lacit
712 2080 808 2162 (—e
847 2082 1133 2164 quotusquisque
1157 2088 1222 2161 est,
1258 2083 1314 2166 qui

156 2212 197 2256 ea
223 2190 289 2256 fide
319 2198 409 2255 stare
436 2189 574 2254 firmiter
602 2189 747 2254 audeat?
768 2188 835 2271 —)‚
863 2190 965 2254 vincit
987 2192 1168 2256 auctoritas
1191 2192 1313 2257 codicIs

152 2299 191 2365 Μ
213 2316 416 2383 quamquam
437 2298 591 2362 mendum
613 2298 719 2381 passi,
753 2299 788 2362 in
811 2319 877 2380 quo
900 2299 1007 2381 prima
1029 2321 1129 2363 manu
1153 2301 1314 2382 scriptum

155 2412 221 2472 est:
256 2405 513 2471 etduosferia
542 2426 585 2469 eo
614 2426 716 2470 anno
746 2412 823 2485 oet,
852 2406 959 2471 altera
990 2407 1122 2471 demum
1144 2429 1243 2472 manu
1268 2408 1311 2487 id,

152 2515 245 2598 quod
274 2515 377 2580 ceteri
405 2514 537 2579 codices
566 2513 692 2578 habent
729 2514 879 2597 (prorsus
909 2521 946 2579 ut
975 2516 1006 2579 in
1031 2515 1121 2594 VIII,
1156 2519 1211 2595 23,
1249 2517 1311 2598 10).

154 2623 194 2688 In
230 2622 385 2705 ambiguo
413 2622 470 2687 illo
500 2621 622 2686 codicis
652 2621 823 2706 archetypi
850 2623 985 2701 mendo,
1026 2622 1116 2705 quod
1144 2624 1313 2689 Mediceus

148 2733 308 2810 servarit,
335 2752 401 2796 uon
423 2731 597 2814 imperia
620 2729 763 2809 suberat,
793 2730 859 2810 sed,
891 2730 980 2813 quod
1004 2753 1105 2796 unum
1127 2734 1176 2796 rei
1198 2740 1313 2816 aptum

153 2847 221 2919 est,
242 2838 477 2904 ministeria.
523 2837 667 2902 Ministri
690 2839 775 2901 enim
801 2837 834 2901 bi
857 2840 1094 2922 imperatorum
1112 2847 1146 2905 et
1162 2843 1209 2905 rei
1228 2840 1312 2904 mili·

148 2949 238 3015 tatis
267 2947 470 3013 instruendae
493 2945 829 3029 administrandaeque
853 2946 1021 3012 adiutores
1046 2954 1149 3013 erant.
1203 2947 1311 3031 [Quod

142 3056 280 3122 tribuni
308 3055 450 3120 militum
472 3054 561 3139 apud
584 3052 776 3119 Ciceronem
799 3054 934 3134 militiae,
964 3056 1085 3140 quibus
1114 3057 1195 3121 iussi
1225 3064 1310 3134 sunt,

145 3166 317 3248 imperare
351 3164 519 3243 dicuutur,
558 3162 635 3227 inde
668 3183 733 3227 non
768 3162 923 3242 efficitur,
957 3170 995 3229 ut
1028 3164 1216 3229 tribunatus
1250 3146 1310 3228 im·

142 3273 280 3358 perium
303 3272 355 3350 sit,
377 3270 498 3336 nedum
522 3270 748 3336 duumviratus
771 3272 886 3337 classis
909 3271 1117 3355 reficienda]

221 3544 315 3609 iude,
346 3541 453 3612 dictu]
485 3544 650 3598 mirabile
682 3548 716 3597 ct
749 3544 841 3611 quod
869 3544 1095 3599 demovendis
1123 3548 1220 3599 statu
1247 3563 1308 3600 suo

221 3630 333 3685 sacris
355 3629 562 3697 religionem
579 3627 699 3684 facere
717 3634 847 3697 posset,
875 3646 972 3683 verum
990 3635 1077 3696 esset,
1105 3630 1129 3684 si
1145 3629 1308 3686 huiusmodi

221 3721 296 3769 esset
314 3715 468 3769 sententia:
492 3714 585 3783 quod
607 3714 812 3783 religionem
831 3715 949 3770 lacere
967 3719 1094 3785 posset,
1117 3717 1185 3770 nisi
1205 3718 1308 3771 scire·

220 3817 293 3854 mus
312 3817 393 3853 casu
411 3800 596 3866 accidisse,
615 3805 665 3854 aut
682 3801 793 3865 similis3
816 3818 900 3868 nune,
919 3819 1004 3869 quum
1014 3800 1120 3869 Livius,
1139 3801 1308 3870 religionum

220 3890 250 3940 et
267 3886 370 3940 veteris
388 3887 488 3954 moris,
510 3886 602 3941 verbis
622 3885 731 3954 saltem,
754 3886 854 3952 cultor,
879 3888 973 3956 sperni
992 3887 1116 3940 diuinam
1135 3886 1305 3939 admonitio·

220 3986 283 4025 uem
302 3972 489 4026 electoribus
507 3971 593 4039 nolit,
621 3972 781 4026 necessario
806 3972 984 4026 scribendum
1007 3979 1050 4026 est
1068 3972 1189 4041 possit.
1235 3970 1307 4024 Nam

219 4056 256 4110 ad
279 4057 356 4111 illam
379 4062 504 4124 aetatem,
532 4074 587 4125 qua
614 4073 657 4110 res
685 4061 749 4110 acta
777 4062 832 4125 est,
859 4058 957 4112 referri
978 4057 1172 4126 imperfectum
1195 4062 1307 4125 tempus

218 4160 309 4211 neque
335 4160 381 4196 res
409 4142 477 4196 sinit
495 4141 538 4210 (-
557 4143 628 4198 nihil
652 4143 726 4197 enim
749 4142 784 4197 de
808 4144 946 4212 religione
968 4143 1072 4196 iniecta
1095 4146 1123 4196 et
1147 4142 1232 4195 sacris
1255 4158 1305 4195 suo

218 4233 295 4282 statu
319 4229 437 4283 servatis
461 4228 637 4298 significatur
661 4228 705 4295 -)
729 4247 820 4297 neque
843 4230 1028 4296 grammatica
1051 4229 1081 4282 in
1099 4229 1151 4281 hac
1170 4227 1306 4281 orationis

216 4313 323 4368 forma:
341 4311 494 4366 'Indltur
512 4313 603 4381 inde,
623 4315 720 4369 dictu
738 4314 903 4369 mirabile
922 4318 955 4369 et
974 4313 1062 4382 quod
1081 4315 1133 4366 cet.
