3000 5116
701 508 762 567 411
1104 519 1166 574 Lib.
1184 520 1312 575 XXVIII.

154 690 270 755 sisset:
299 696 541 771 tentumque
564 690 706 772 gloriae
728 689 829 754 belli
853 690 1038 772 domique
1061 699 1230 775 partum,
1254 693 1311 757 ubi

153 798 288 863 codices
309 797 442 876 habent,
466 796 552 879 quod
575 818 661 861 nunc
684 797 803 877 editur,
826 805 963 881 partae.
1012 797 1117 881 1863]

243 904 321 988 Cap.
344 909 401 985 41,
432 910 451 969 7
480 913 512 970 θῖ
540 910 559 968 8
589 905 636 985 (in
666 905 780 969 eodem
811 905 848 982 Q.
871 905 966 970 Fabii
995 907 1172 988 oratione):
1208 907 1311 985 Quin

155 1016 284 1098 igitur
312 1013 360 1078 ad
388 1013 461 1077 hoc
490 1013 735 1093 accingeris,
764 1033 839 1077 nec
866 1034 937 1096 per
964 1016 1067 1078 istos
1096 1016 1311 1094 circuitus,

153 1129 210 1201 ut,
234 1143 348 1203 quum
370 1121 409 1184 in
432 1118 611 1200 Africam
634 1120 865 1199 traieceris,
890 1129 1128 1186 secuturum
1150 1130 1189 1186 te
1212 1123 1312 1187 illuc

153 1227 423 1294 Hannibalem
456 1247 613 1311 speres,
648 1228 787 1310 potius
821 1249 939 1309 quam
972 1235 1087 1294 recto
1121 1230 1214 1295 hino
1242 1232 1311 1295 iti-

154 1358 265 1415 nere,
293 1336 361 1401 ubi
383 1333 587 1399 Hannibal
611 1341 689 1413 est,
718 1356 762 1398 eo
786 1335 939 1399 bellum
963 1337 1167 1402 intendis?
1203 1359 1312 1420 egre-

154 1445 262 1527 giam
299 1443 420 1507 istam
459 1443 630 1525 palmam
668 1441 771 1505 belli
804 1442 945 1506 Punici
986 1446 1148 1527 patrati
1181 1446 1311 1528 petis?

153 1551 328 1616 Postrema
359 1549 430 1614 haec
462 1550 678 1631 interrogatio
712 1550 759 1613 sie
793 1571 940 1614 seorsum
968 1553 1078 1634 posita
1107 1554 1221 1635 inepta
1251 1561 1312 1617 est.

154 1658 319 1737 Quoniam
348 1658 434 1721 enim
463 1656 501 1720 de
524 1656 694 1720 voluntate
718 1657 881 1740 Scipionis
905 1659 1051 1723 dubitari
1074 1662 1204 1742 nequit,
1236 1661 1311 1725 ideo

153 1773 286 1832 tantum
308 1765 545 1846 interrogatur,
574 1771 610 1828 ut
634 1764 849 1847 adiungatur,
881 1766 960 1848 quid
984 1766 1027 1830 ad
1051 1788 1122 1830 eam
1145 1789 1213 1831 rem
1237 1789 1312 1832 con-

156 1873 360 1955 sequendam
387 1872 573 1936 faciendum
602 1873 653 1936 sit.
710 1870 831 1935 Verum
860 1873 943 1937 nihil
974 1875 1135 1938 eiusmodi
1165 1876 1312 1956 sequitur

154 1983 334 2068 potiusque
362 1980 397 2043 id
425 1985 502 2043 onte
532 1980 655 2043 dictum
683 1987 733 2043 est
764 1980 846 2060 (nec
874 2016 917 2024 —
944 1989 1056 2046 recto
1090 1982 1241 2046 itinere
1268 2018 1312 2028 -

156 2111 203 2156 eo
231 2089 380 2154 bellum
407 2087 637 2167 intendisl).
689 2086 754 2151 Sed
782 2109 823 2151 ne
849 2089 1073 2170 superioribus
1097 2090 1231 2170 quidem
1254 2090 1312 2154 ad·

155 2199 249 2280 iungi
272 2196 464 2280 simpliciter
480 2196 550 2259 haec
567 2196 781 2277 interrogatio
799 2203 910 2277 potest
928 2196 982 2277 (et
1004 2198 1312 2279 egregiam—5²),

156 2305 315 2390 quoniam
343 2303 435 2368 nulla
459 2304 491 2366 in
516 2324 556 2366 ea
579 2302 774 2382 significatio
798 2310 847 2367 est
869 2305 943 2381 vire,
979 2326 1044 2385 qua
1072 2305 1230 2369 utendum
1261 2307 1312 2386 sit,

156 2434 231 2495 qua
264 2417 365 2492 esset,
407 2413 434 2475 si
473 2412 520 2475 sio
558 2412 833 2492 interrogaretur:
876 2417 913 2474 et
952 2413 1152 2493 egregiam
1185 2414 1398 2496 istamleet)

157 2521 328 2604 palmam
356 2555 401 2563 —-
428 2519 535 2597 inde,
564 2517 632 2581 ubi
662 2525 738 2596 cst,
768 2519 898 2601 petis?
938 2518 1060 2582 Verum
1083 2521 1156 2603 ipsa
1179 2520 1237 2584 illa
1259 2542 1313 2584 su·

152 2629 288 2712 periore
320 2628 347 2691 si
381 2628 516 2711 propius
549 2627 747 2708 inspexeriS,
782 2627 898 2690 vitium
921 2627 1158 2710 deprehendas.
1210 2628 1312 2692 Recte

154 2735 440 2799 Weissenbomius
457 2754 530 2797 nec
548 2733 787 2797 dissolvendum
806 2755 879 2798 esse
893 2735 941 2797 ait
954 2732 1313 2818 (Quin—accinge-

155 2842 1156 2925 risetnonpisto—potiusquam—intendisll.
1193 2842 1312 2906 Sedad

154 2951 243 3015 hanc
259 2950 566 3030 interrogationem:
594 2947 697 3024 Quin
714 2969 820 3011 —eo
841 2948 995 3012 bellum
1023 2949 1235 3012 intendis?
1260 2972 1313 3014 ac-

156 3058 357 3124 commodari
368 3055 451 3120 illud
463 3077 537 3119 non
556 3077 624 3138 per
642 3056 746 3119 istos
765 3057 965 3119 circuitus
978 3055 1067 3118 nullo
1081 3056 1175 3119 modo
1189 3064 1310 3137 potest,

155 3167 312 3249 quoniam
339 3166 414 3247 ipsa
443 3165 673 3245 interrogatio,
707 3163 866 3228 directam
896 3165 982 3225 viam
1007 3161 1213 3245 significem,
1244 3140 1310 3226 ⁸oir-

155 3274 266 3338 cuitus
289 3271 442 3337 excludit.
487 3271 567 3334 Duae
589 3270 654 3334 illae
677 3272 850 3335 contrariae
872 3293 942 3335 rem
965 3272 1170 3354 propositam
1193 3272 1312 3353 agendi

153 3383 226 3459 via,
255 3402 327 3463 quoe
349 3381 397 3445 ita
419 3386 661 3462 comparantur,
689 3386 727 3443 ut
749 3380 856 3443 altera
879 3379 949 3443 sola
971 3380 1130 3462 probetur
1153 3380 1245 3459 (non
1268 3415 1311 3424 —

155 3490 296 3573 potius
330 3486 476 3572 quam),
514 3487 548 3551 in
581 3487 814 3567 interrogando
850 3487 985 3569 adiungi
1019 3487 1178 3551 eiusmodi
1212 3489 1311 3554 verbo

155 3596 291 3677 debent,
325 3597 358 3659 in
387 3617 451 3678 quo
480 3596 551 3677 ipso
574 3615 639 3658 non
660 3595 744 3657 recti
767 3596 904 3673 itineris
930 3595 988 3659 sed
1011 3601 1141 3659 tantum
1164 3597 1211 3659 rei
1235 3617 1312 3679 pro-

155 3704 274 3788 positae
307 3703 501 3784 significatio
535 3703 624 3765 insit.
680 3702 729 3765 Ea
763 3709 873 3766 autem
904 3704 1121 3784 interrogatio
1153 3703 1209 3767 illa
1239 3704 1312 3785 ipsa

155 3817 223 3890 est,
253 3831 325 3892 quae
353 3816 499 3875 extremo
523 3810 594 3874 loco
617 3811 767 3892 ponitur:
802 3809 935 3892 (Quin)
961 3813 1164 3892 egregiam
1188 3811 1312 3874 istam

154 3918 331 4004 palmam
357 3953 401 3962 —
428 3918 557 4002 petis?
597 3918 675 3995 Quae
710 3916 914 3999 praecedunt,
956 3918 1120 4001 duplicem
1154 3919 1238 3980 viam
1274 3938 1312 3981 oc

153 4026 318 4090 rationem
341 4028 520 4091 continent.
576 4025 691 4105 Itaque
720 4025 766 4087 sic
795 4025 992 4089 scribendus
1018 4032 1107 4088 totus
1129 4025 1221 4088 locus
1245 4031 1310 4088 est:

154 4134 259 4212 Quin
289 4135 521 4216 accingeris
544 4153 617 4197 uec
641 4132 689 4212 (id
713 4138 778 4195 est:
815 4139 870 4210 et,
894 4131 986 4211 non)
1010 4153 1083 4214 per
1105 4133 1209 4195 istos
1233 4132 1311 4195 cir·

153 4242 292 4307 cuitus
332 4275 375 4285 —
408 4242 547 4324 potius
589 4261 705 4321 quam
744 4247 856 4303 recto
897 4238 989 4301 hino
1029 4240 1199 4317 itinere,
1242 4239 1311 4302 ubi

152 4348 454 4427 Hannibalem,
483 4369 527 4412 eo
550 4346 703 4411 bellum
725 4347 1171 4792 lundensem!
1193 4347 1311 4410 istam
