<?xml version="1.0" encoding="UTF-8"?>
<!DOCTYPE html PUBLIC "-//W3C//DTD XHTML 1.0 Transitional//EN"
    "http://www.w3.org/TR/xhtml1/DTD/xhtml1-transitional.dtd">
<html xmlns="http://www.w3.org/1999/xhtml" xml:lang="en" lang="en">
 <head>
  <title>
</title>
<meta http-equiv="Content-Type" content="text/html;charset=utf-8" />
  <meta name='ocr-system' content='tesseract 3.04.00' />
  <meta name='ocr-capabilities' content='ocr_page ocr_carea ocr_par ocr_line ocrx_word'/>
</head>
<body>
  <div class='ocr_page' id='page_1' title='image "./emendationesliv00madvgoog_0667.png"; bbox 0 0 2994 5108; ppageno 0'>
   <div class='ocr_carea' id='block_1_1' title="bbox 218 452 833 550">
    <p class='ocr_par' dir='ltr' id='par_1_1' title="bbox 218 452 833 550">
     <span class='ocr_line' id='line_1_1' title="bbox 218 452 833 550; baseline -0.01 -2"><span class='ocrx_word' id='word_1_1' title='bbox 218 493 281 550; x_wconf 78' lang='lat' dir='ltr'>nro.</span> <span class='ocrx_word' id='word_1_2' title='bbox 298 492 389 549; x_wconf 77' lang='lat' dir='ltr'>unu.</span> <span class='ocrx_word' id='word_1_3' title='bbox 678 519 681 530; x_wconf 82' lang='lat'><em>·</em></span> <span class='ocrx_word' id='word_1_4' title='bbox 771 452 833 543; x_wconf 71' lang='lat' dir='ltr'>e&#39;54</span> 
     </span>
    </p>
   </div>
   <div class='ocr_carea' id='block_1_2' title="bbox 102 665 1376 4426">
    <p class='ocr_par' dir='ltr' id='par_1_2' title="bbox 102 665 1376 3344">
     <span class='ocr_line' id='line_1_2' title="bbox 219 665 1376 752; baseline 0.002 -20"><span class='ocrx_word' id='word_1_5' title='bbox 219 672 314 734; x_wconf 88' lang='lat' dir='ltr'>rant</span> <span class='ocrx_word' id='word_1_6' title='bbox 346 673 387 732; x_wconf 90' lang='lat' dir='ltr'>et</span> <span class='ocrx_word' id='word_1_7' title='bbox 414 665 677 734; x_wconf 88' lang='lat' dir='ltr'>Tessalorum</span> <span class='ocrx_word' id='word_1_8' title='bbox 711 667 841 732; x_wconf 90' lang='lat' dir='ltr'>omnis</span> <span class='ocrx_word' id='word_1_9' title='bbox 873 668 1086 751; x_wconf 81' lang='lat' dir='ltr'>equitatus</span> <span class='ocrx_word' id='word_1_10' title='bbox 1107 676 1253 752; x_wconf 89' lang='lat' dir='ltr'>partus</span> <span class='ocrx_word' id='word_1_11' title='bbox 1277 666 1376 750; x_wconf 87' lang='lat' dir='ltr'>(errat</span> 
     </span>
     <span class='ocr_line' id='line_1_3' title="bbox 219 772 1373 862; baseline -0.004 -20"><span class='ocrx_word' id='word_1_12' title='bbox 219 775 441 862; x_wconf 84' lang='lat' dir='ltr'>Kreyssigius)</span> <span class='ocrx_word' id='word_1_13' title='bbox 477 779 579 854; x_wconf 88' lang='lat' dir='ltr'>erat,</span> <span class='ocrx_word' id='word_1_14' title='bbox 613 795 689 839; x_wconf 92' lang='lat' dir='ltr'>non</span> <span class='ocrx_word' id='word_1_15' title='bbox 722 774 815 858; x_wconf 92' lang='lat' dir='ltr'>plus</span> <span class='ocrx_word' id='word_1_16' title='bbox 843 795 960 857; x_wconf 89' lang='lat' dir='ltr'>quam</span> <span class='ocrx_word' id='word_1_17' title='bbox 989 773 1084 840; x_wconf 92' lang='grc'>000</span> <span class='ocrx_word' id='word_1_18' title='bbox 1109 780 1226 841; x_wconf 89' lang='lat' dir='ltr'>erant</span> <span class='ocrx_word' id='word_1_19' title='bbox 1250 772 1373 855; x_wconf 89' lang='lat' dir='ltr'>adque</span> 
     </span>
     <span class='ocr_line' id='line_1_4' title="bbox 220 881 1373 968; baseline -0.004 -18"><span class='ocrx_word' id='word_1_20' title='bbox 220 886 266 950; x_wconf 89' lang='lat' dir='ltr'>in</span> <span class='ocrx_word' id='word_1_21' title='bbox 295 885 452 955; x_wconf 80' lang='lat' dir='ltr'>,eastris</span> <span class='ocrx_word' id='word_1_22' title='bbox 484 882 692 947; x_wconf 90' lang='lat' dir='ltr'>Romanos.</span> <span class='ocrx_word' id='word_1_23' title='bbox 737 883 957 948; x_wconf 90' lang='lat' dir='ltr'>Posteriorem</span> <span class='ocrx_word' id='word_1_24' title='bbox 984 889 1112 968; x_wconf 80' lang='lat' dir='ltr'>partem</span> <span class='ocrx_word' id='word_1_25' title='bbox 1147 882 1187 949; x_wconf 91' lang='lat' dir='ltr'>de</span> <span class='ocrx_word' id='word_1_26' title='bbox 1211 881 1373 947; x_wconf 81' lang='lat' dir='ltr'>Thessalis</span> 
     </span>
     <span class='ocr_line' id='line_1_5' title="bbox 102 981 1373 1072; baseline -0.003 -14"><span class='ocrx_word' id='word_1_27' title='bbox 102 981 105 987; x_wconf 60' lang='grc'><strong><em>’</em></strong></span> <span class='ocrx_word' id='word_1_28' title='bbox 209 993 403 1072; x_wconf 25' lang='lat' dir='ltr'>&#39;rectissime</span> <span class='ocrx_word' id='word_1_29' title='bbox 436 989 725 1056; x_wconf 85' lang='lat' dir='ltr'>Drakenborohius</span> <span class='ocrx_word' id='word_1_30' title='bbox 753 991 961 1057; x_wconf 80' lang='lat' dir='ltr'><strong>emendavit:</strong></span> <span class='ocrx_word' id='word_1_31' title='bbox 1002 998 1040 1057; x_wconf 91' lang='lat' dir='ltr'>et</span> <span class='ocrx_word' id='word_1_32' title='bbox 1074 990 1373 1068; x_wconf 76' lang='lat' dir='ltr'>Thessalorum,</span> 
     </span>
     <span class='ocr_line' id='line_1_6' title="bbox 212 1097 1373 1184; baseline -0.005 -16.958"><span class='ocrx_word' id='word_1_33' title='bbox 212 1122 388 1184; x_wconf 89' lang='lat' dir='ltr'>quorum</span> <span class='ocrx_word' id='word_1_34' title='bbox 412 1100 541 1165; x_wconf 94' lang='lat' dir='ltr'>omnis</span> <span class='ocrx_word' id='word_1_35' title='bbox 575 1100 788 1182; x_wconf 82' lang='lat' dir='ltr'>equitatus</span> <span class='ocrx_word' id='word_1_36' title='bbox 822 1106 1012 1184; x_wconf 88' lang='lat' dir='ltr'>speratus</span> <span class='ocrx_word' id='word_1_37' title='bbox 1046 1108 1148 1180; x_wconf 88' lang='lat' dir='ltr'>erat,</span> <span class='ocrx_word' id='word_1_38' title='bbox 1178 1121 1259 1165; x_wconf 91' lang='lat' dir='ltr'>non</span> <span class='ocrx_word' id='word_1_39' title='bbox 1286 1097 1373 1182; x_wconf 92' lang='lat' dir='ltr'>plus</span> 
     </span>
     <span class='ocr_line' id='line_1_7' title="bbox 135 1206 1372 1291; baseline -0.004 -14"><span class='ocrx_word' id='word_1_40' title='bbox 135 1221 206 1291; x_wconf 78' lang='lat'>(541)</span> <span class='ocrx_word' id='word_1_41' title='bbox 225 1229 343 1291; x_wconf 90' lang='lat' dir='ltr'>quam</span> <span class='ocrx_word' id='word_1_42' title='bbox 367 1206 457 1273; x_wconf 91' lang='grc'>000</span> <span class='ocrx_word' id='word_1_43' title='bbox 480 1214 598 1273; x_wconf 89' lang='lat' dir='ltr'>erant</span> <span class='ocrx_word' id='word_1_44' title='bbox 621 1209 736 1290; x_wconf 91' lang='lat' dir='ltr'>equit</span> <span class='ocrx_word' id='word_1_45' title='bbox 745 1229 785 1273; x_wconf 91' lang='lat' dir='ltr'>es</span> <span class='ocrx_word' id='word_1_46' title='bbox 808 1209 846 1273; x_wconf 92' lang='lat' dir='ltr'>in</span> <span class='ocrx_word' id='word_1_47' title='bbox 870 1210 1022 1275; x_wconf 86' lang='lat' dir='ltr'>castris</span> <span class='ocrx_word' id='word_1_48' title='bbox 1044 1209 1247 1275; x_wconf 88' lang='lat' dir='ltr'>Romanis.</span> <span class='ocrx_word' id='word_1_49' title='bbox 1292 1207 1372 1272; x_wconf 86' lang='lat' dir='ltr'>Nam</span> 
     </span>
     <span class='ocr_line' id='line_1_8' title="bbox 221 1315 1371 1401; baseline -0.002 -19"><span class='ocrx_word' id='word_1_50' title='bbox 221 1322 389 1400; x_wconf 87' lang='lat' dir='ltr'>separat</span> <span class='ocrx_word' id='word_1_51' title='bbox 397 1338 440 1381; x_wconf 91' lang='lat' dir='ltr'>us</span> <span class='ocrx_word' id='word_1_52' title='bbox 464 1315 695 1382; x_wconf 83' lang='lat' dir='ltr'>Thessalorum</span> <span class='ocrx_word' id='word_1_53' title='bbox 720 1317 900 1400; x_wconf 85' lang='lat' dir='ltr'>equitatus,</span> <span class='ocrx_word' id='word_1_54' title='bbox 924 1316 986 1382; x_wconf 90' lang='lat' dir='ltr'>hoc</span> <span class='ocrx_word' id='word_1_55' title='bbox 1009 1324 1070 1394; x_wconf 87' lang='lat' dir='ltr'>est,</span> <span class='ocrx_word' id='word_1_56' title='bbox 1093 1317 1276 1401; x_wconf 89' lang='lat' dir='ltr'>separatim</span> <span class='ocrx_word' id='word_1_57' title='bbox 1303 1323 1371 1381; x_wconf 89' lang='lat' dir='ltr'>ten·</span> 
     </span>
     <span class='ocr_line' id='line_1_9' title="bbox 221 1423 1371 1510; baseline -0.002 -20"><span class='ocrx_word' id='word_1_58' title='bbox 221 1425 317 1503; x_wconf 87' lang='lat' dir='ltr'>dens,</span> <span class='ocrx_word' id='word_1_59' title='bbox 351 1425 431 1489; x_wconf 89' lang='lat' dir='ltr'>mire</span> <span class='ocrx_word' id='word_1_60' title='bbox 454 1423 602 1506; x_wconf 83' lang='lat' dir='ltr'>fingitur,</span> <span class='ocrx_word' id='word_1_61' title='bbox 637 1426 794 1506; x_wconf 89' lang='lat' dir='ltr'>quoniam</span> <span class='ocrx_word' id='word_1_62' title='bbox 829 1425 972 1491; x_wconf 88' lang='lat' dir='ltr'>omnium</span> <span class='ocrx_word' id='word_1_63' title='bbox 1000 1425 1198 1510; x_wconf 87' lang='lat' dir='ltr'>populorum</span> <span class='ocrx_word' id='word_1_64' title='bbox 1228 1424 1371 1507; x_wconf 88' lang='lat' dir='ltr'>separati</span> 
     </span>
     <span class='ocr_line' id='line_1_10' title="bbox 221 1532 1368 1618; baseline -0.003 -20"><span class='ocrx_word' id='word_1_65' title='bbox 221 1534 350 1618; x_wconf 88' lang='lat' dir='ltr'>equites</span> <span class='ocrx_word' id='word_1_66' title='bbox 375 1538 482 1612; x_wconf 90' lang='lat' dir='ltr'>erant,</span> <span class='ocrx_word' id='word_1_67' title='bbox 511 1553 618 1617; x_wconf 89' lang='lat' dir='ltr'>neque</span> <span class='ocrx_word' id='word_1_68' title='bbox 642 1533 823 1616; x_wconf 88' lang='lat' dir='ltr'>quidquam</span> <span class='ocrx_word' id='word_1_69' title='bbox 846 1534 880 1599; x_wconf 93' lang='lat' dir='ltr'>id</span> <span class='ocrx_word' id='word_1_70' title='bbox 903 1534 945 1599; x_wconf 88' lang='lat' dir='ltr'>ad</span> <span class='ocrx_word' id='word_1_71' title='bbox 968 1533 1064 1599; x_wconf 93' lang='lat' dir='ltr'>huius</span> <span class='ocrx_word' id='word_1_72' title='bbox 1086 1533 1151 1599; x_wconf 89' lang='lat' dir='ltr'>looi</span> <span class='ocrx_word' id='word_1_73' title='bbox 1174 1532 1368 1598; x_wconf 86' lang='lat' dir='ltr'>sententiam</span> 
     </span>
     <span class='ocr_line' id='line_1_11' title="bbox 221 1639 1368 1727; baseline -0.003 -20"><span class='ocrx_word' id='word_1_74' title='bbox 221 1643 383 1727; x_wconf 80' lang='lat' dir='ltr'>pertinet3</span> <span class='ocrx_word' id='word_1_75' title='bbox 413 1639 535 1706; x_wconf 86' lang='lat' dir='ltr'>refellit</span> <span class='ocrx_word' id='word_1_76' title='bbox 559 1649 780 1706; x_wconf 85' lang='lat' dir='ltr'>commentum</span> <span class='ocrx_word' id='word_1_77' title='bbox 803 1663 869 1707; x_wconf 89' lang='lat' dir='ltr'>una</span> <span class='ocrx_word' id='word_1_78' title='bbox 891 1663 953 1707; x_wconf 84' lang='lat' dir='ltr'>vox</span> <span class='ocrx_word' id='word_1_79' title='bbox 983 1642 1132 1721; x_wconf 90' lang='lat' dir='ltr'>omnis;</span> <span class='ocrx_word' id='word_1_80' title='bbox 1167 1642 1368 1707; x_wconf 88' lang='lat' dir='ltr'>demonstrat</span> 
     </span>
     <span class='ocr_line' id='line_1_12' title="bbox 220 1748 1369 1835; baseline -0.002 -21"><span class='ocrx_word' id='word_1_81' title='bbox 220 1751 341 1830; x_wconf 79' lang='lat' dir='ltr'>Livius,</span> <span class='ocrx_word' id='word_1_82' title='bbox 366 1755 526 1835; x_wconf 87' lang='lat' dir='ltr'>quantum</span> <span class='ocrx_word' id='word_1_83' title='bbox 549 1749 634 1814; x_wconf 90' lang='lat' dir='ltr'>infra</span> <span class='ocrx_word' id='word_1_84' title='bbox 658 1751 937 1833; x_wconf 84' lang='lat' dir='ltr'>exspectationem</span> <span class='ocrx_word' id='word_1_85' title='bbox 948 1751 1171 1816; x_wconf 89' lang='lat' dir='ltr'>Romanorum</span> <span class='ocrx_word' id='word_1_86' title='bbox 1188 1771 1242 1816; x_wconf 88' lang='lat' dir='ltr'>res</span> <span class='ocrx_word' id='word_1_87' title='bbox 1265 1748 1369 1814; x_wconf 84' lang='lat' dir='ltr'>fuerit</span> 
     </span>
     <span class='ocr_line' id='line_1_13' title="bbox 220 1856 1369 1942; baseline -0.002 -19"><span class='ocrx_word' id='word_1_88' title='bbox 220 1859 258 1923; x_wconf 93' lang='lat' dir='ltr'>In</span> <span class='ocrx_word' id='word_1_89' title='bbox 281 1859 341 1925; x_wconf 89' lang='lat' dir='ltr'>tali</span> <span class='ocrx_word' id='word_1_90' title='bbox 364 1857 610 1942; x_wconf 87' lang='lat' dir='ltr'>comparatione</span> <span class='ocrx_word' id='word_1_91' title='bbox 634 1865 833 1942; x_wconf 79' lang='lat' dir='ltr'>exspectata</span> <span class='ocrx_word' id='word_1_92' title='bbox 865 1859 915 1923; x_wconf 89' lang='lat' dir='ltr'>rei</span> <span class='ocrx_word' id='word_1_93' title='bbox 945 1865 977 1923; x_wconf 92' lang='lat' dir='ltr'>et</span> <span class='ocrx_word' id='word_1_94' title='bbox 992 1868 1088 1923; x_wconf 73' lang='lat' dir='ltr'>‘verae</span> <span class='ocrx_word' id='word_1_95' title='bbox 1117 1857 1245 1924; x_wconf 89' lang='lat' dir='ltr'>nullum</span> <span class='ocrx_word' id='word_1_96' title='bbox 1274 1856 1369 1922; x_wconf 87' lang='lat' dir='ltr'>habet</span> 
     </span>
     <span class='ocr_line' id='line_1_14' title="bbox 219 1964 1367 2051; baseline -0.002 -19"><span class='ocrx_word' id='word_1_97' title='bbox 219 1967 329 2032; x_wconf 89' lang='lat' dir='ltr'>locum</span> <span class='ocrx_word' id='word_1_98' title='bbox 351 1964 557 2051; x_wconf 86' lang='lat' dir='ltr'>parenthesis</span> <span class='ocrx_word' id='word_1_99' title='bbox 580 1964 653 2044; x_wconf 85' lang='lat' dir='ltr'>illa,</span> <span class='ocrx_word' id='word_1_100' title='bbox 685 1988 785 2051; x_wconf 91' lang='lat' dir='ltr'>quam</span> <span class='ocrx_word' id='word_1_101' title='bbox 807 1967 939 2049; x_wconf 90' lang='lat' dir='ltr'>quidam</span> <span class='ocrx_word' id='word_1_102' title='bbox 961 1966 1142 2031; x_wconf 87' lang='lat' dir='ltr'>finxerunt:</span> <span class='ocrx_word' id='word_1_103' title='bbox 1172 1974 1216 2032; x_wconf 90' lang='lat' dir='ltr'>et</span> <span class='ocrx_word' id='word_1_104' title='bbox 1246 1965 1367 2031; x_wconf 89' lang='lat' dir='ltr'>Thes·</span> 
     </span>
     <span class='ocr_line' id='line_1_15' title="bbox 221 2074 1368 2159; baseline -0.004 -18"><span class='ocrx_word' id='word_1_105' title='bbox 221 2076 403 2141; x_wconf 85' lang='lat' dir='ltr'>selorum</span> <span class='ocrx_word' id='word_1_106' title='bbox 422 2077 477 2152; x_wconf 87' lang='lat'>(—</span> <span class='ocrx_word' id='word_1_107' title='bbox 496 2075 631 2139; x_wconf 88' lang='lat' dir='ltr'>omnia</span> <span class='ocrx_word' id='word_1_108' title='bbox 655 2075 881 2159; x_wconf 88' lang='lat' dir='ltr'>equitatus</span> <span class='ocrx_word' id='word_1_109' title='bbox 906 2081 1107 2158; x_wconf 89' lang='lat' dir='ltr'>speratus</span> <span class='ocrx_word' id='word_1_110' title='bbox 1131 2081 1226 2140; x_wconf 87' lang='lat' dir='ltr'>erat</span> <span class='ocrx_word' id='word_1_111' title='bbox 1244 2074 1368 2157; x_wconf 87' lang='lat' dir='ltr'>-)eet.</span> 
     </span>
     <span class='ocr_line' id='line_1_16' title="bbox 220 2182 1368 2267; baseline -0.003 -19"><span class='ocrx_word' id='word_1_112' title='bbox 220 2184 352 2262; x_wconf 85' lang='lat' dir='ltr'>Excidit</span> <span class='ocrx_word' id='word_1_113' title='bbox 374 2204 550 2265; x_wconf 90' lang='lat' dir='ltr'>quorum</span> <span class='ocrx_word' id='word_1_114' title='bbox 583 2189 659 2265; x_wconf 92' lang='lat' dir='ltr'>post</span> <span class='ocrx_word' id='word_1_115' title='bbox 693 2205 816 2249; x_wconf 88' lang='lat' dir='ltr'>orum.</span> <span class='ocrx_word' id='word_1_116' title='bbox 861 2183 933 2247; x_wconf 88' lang='lat' dir='ltr'>Hae</span> <span class='ocrx_word' id='word_1_117' title='bbox 956 2183 1111 2267; x_wconf 79' lang='lat' dir='ltr'>expedita</span> <span class='ocrx_word' id='word_1_118' title='bbox 1141 2190 1253 2267; x_wconf 88' lang='lat' dir='ltr'>parte,</span> <span class='ocrx_word' id='word_1_119' title='bbox 1284 2182 1368 2266; x_wconf 88' lang='lat' dir='ltr'>prior</span> 
     </span>
     <span class='ocr_line' id='line_1_17' title="bbox 121 2289 1368 2374; baseline -0.003 -17"><span class='ocrx_word' id='word_1_120' title='bbox 121 2351 124 2356; x_wconf 78' lang='grc'><strong><em>,</em></strong></span> <span class='ocrx_word' id='word_1_121' title='bbox 221 2293 321 2357; x_wconf 89' lang='lat' dir='ltr'>etiam</span> <span class='ocrx_word' id='word_1_122' title='bbox 343 2312 410 2356; x_wconf 93' lang='lat' dir='ltr'>non</span> <span class='ocrx_word' id='word_1_123' title='bbox 433 2289 609 2355; x_wconf 83' lang='lat' dir='ltr'>difficulter</span> <span class='ocrx_word' id='word_1_124' title='bbox 631 2289 813 2373; x_wconf 81' lang='lat' dir='ltr'>expeditur,</span> <span class='ocrx_word' id='word_1_125' title='bbox 836 2296 990 2374; x_wconf 89' lang='lat' dir='ltr'>totusque</span> <span class='ocrx_word' id='word_1_126' title='bbox 1012 2291 1105 2356; x_wconf 89' lang='lat' dir='ltr'>locus</span> <span class='ocrx_word' id='word_1_127' title='bbox 1121 2291 1171 2356; x_wconf 90' lang='lat' dir='ltr'>ita</span> <span class='ocrx_word' id='word_1_128' title='bbox 1188 2298 1278 2357; x_wconf 88' lang='lat' dir='ltr'>reete</span> <span class='ocrx_word' id='word_1_129' title='bbox 1298 2310 1368 2355; x_wconf 89' lang='lat' dir='ltr'>con·</span> 
     </span>
     <span class='ocr_line' id='line_1_18' title="bbox 220 2398 1369 2482; baseline -0.003 -17"><span class='ocrx_word' id='word_1_130' title='bbox 220 2401 384 2465; x_wconf 91' lang='lat' dir='ltr'>tinuatur:</span> <span class='ocrx_word' id='word_1_131' title='bbox 418 2398 652 2463; x_wconf 85' lang='lat' dir='ltr'>AEtolorum</span> <span class='ocrx_word' id='word_1_132' title='bbox 683 2398 757 2463; x_wconf 89' lang='lat' dir='ltr'>elae</span> <span class='ocrx_word' id='word_1_133' title='bbox 788 2400 911 2464; x_wconf 91' lang='lat' dir='ltr'>unius</span> <span class='ocrx_word' id='word_1_134' title='bbox 944 2400 1097 2476; x_wconf 89' lang='lat' dir='ltr'>instar,</span> <span class='ocrx_word' id='word_1_135' title='bbox 1128 2405 1369 2482; x_wconf 88' lang='lat' dir='ltr'>quantuma</span> 
     </span>
     <span class='ocr_line' id='line_1_19' title="bbox 219 2505 1367 2590; baseline -0.003 -18"><span class='ocrx_word' id='word_1_136' title='bbox 219 2514 314 2572; x_wconf 89' lang='lat' dir='ltr'>tota</span> <span class='ocrx_word' id='word_1_137' title='bbox 337 2513 460 2590; x_wconf 84' lang='lat' dir='ltr'>gente</span> <span class='ocrx_word' id='word_1_138' title='bbox 485 2507 673 2589; x_wconf 88' lang='lat' dir='ltr'>equitum</span> <span class='ocrx_word' id='word_1_139' title='bbox 696 2514 886 2585; x_wconf 86' lang='lat' dir='ltr'>venerat,</span> <span class='ocrx_word' id='word_1_140' title='bbox 922 2514 960 2571; x_wconf 91' lang='lat' dir='ltr'>et</span> <span class='ocrx_word' id='word_1_141' title='bbox 990 2505 1311 2585; x_wconf 87' lang='lat' dir='ltr'>Thessalorum,</span> <span class='ocrx_word' id='word_1_142' title='bbox 1339 2527 1367 2589; x_wconf 92' lang='lat' dir='ltr'>q.</span> 
     </span>
     <span class='ocr_line' id='line_1_20' title="bbox 221 2613 1367 2698; baseline -0.003 -18"><span class='ocrx_word' id='word_1_143' title='bbox 221 2637 250 2681; x_wconf 93' lang='lat'>0.</span> <span class='ocrx_word' id='word_1_144' title='bbox 275 2636 301 2679; x_wconf 90' lang='lat' dir='ltr'>e.</span> <span class='ocrx_word' id='word_1_145' title='bbox 327 2637 382 2698; x_wconf 89' lang='lat' dir='ltr'>sp.</span> <span class='ocrx_word' id='word_1_146' title='bbox 408 2634 445 2692; x_wconf 81' lang='lat' dir='ltr'>e,</span> <span class='ocrx_word' id='word_1_147' title='bbox 468 2635 548 2679; x_wconf 90' lang='lat' dir='ltr'>non</span> <span class='ocrx_word' id='word_1_148' title='bbox 571 2614 666 2697; x_wconf 90' lang='lat' dir='ltr'>plus</span> <span class='ocrx_word' id='word_1_149' title='bbox 691 2636 810 2697; x_wconf 89' lang='lat' dir='ltr'>quam</span> <span class='ocrx_word' id='word_1_150' title='bbox 834 2613 925 2679; x_wconf 88' lang='grc'>000</span> <span class='ocrx_word' id='word_1_151' title='bbox 949 2616 1114 2696; x_wconf 90' lang='lat' dir='ltr'>equites</span> <span class='ocrx_word' id='word_1_152' title='bbox 1138 2620 1259 2679; x_wconf 89' lang='lat' dir='ltr'>erant</span> <span class='ocrx_word' id='word_1_153' title='bbox 1279 2615 1320 2678; x_wconf 91' lang='lat' dir='ltr'>in</span> <span class='ocrx_word' id='word_1_154' title='bbox 1342 2633 1367 2676; x_wconf 90' lang='lat' dir='ltr'>o.</span> 
     </span>
     <span class='ocr_line' id='line_1_21' title="bbox 219 2722 1369 2803; baseline -0.003 -16"><span class='ocrx_word' id='word_1_155' title='bbox 219 2725 257 2788; x_wconf 88' lang='lat' dir='ltr'>R.</span> <span class='ocrx_word' id='word_1_156' title='bbox 303 2723 378 2787; x_wconf 92' lang='lat' dir='ltr'>Illa:</span> <span class='ocrx_word' id='word_1_157' title='bbox 414 2729 613 2803; x_wconf 88' lang='lat' dir='ltr'>quantum</span> <span class='ocrx_word' id='word_1_158' title='bbox 642 2759 684 2766; x_wconf 84' lang='lat'>—</span> <span class='ocrx_word' id='word_1_159' title='bbox 713 2731 886 2787; x_wconf 82' lang='lat' dir='ltr'>venerat</span> <span class='ocrx_word' id='word_1_160' title='bbox 926 2723 1055 2787; x_wconf 85' lang='lat' dir='ltr'>adiecta</span> <span class='ocrx_word' id='word_1_161' title='bbox 1088 2722 1281 2800; x_wconf 82' lang='lat' dir='ltr'>ostendunt,</span> <span class='ocrx_word' id='word_1_162' title='bbox 1314 2743 1369 2784; x_wconf 91' lang='lat' dir='ltr'>nu-</span> 
     </span>
     <span class='ocr_line' id='line_1_22' title="bbox 220 2832 1369 2914; baseline -0.003 -18"><span class='ocrx_word' id='word_1_163' title='bbox 220 2833 341 2897; x_wconf 88' lang='lat' dir='ltr'>merari</span> <span class='ocrx_word' id='word_1_164' title='bbox 364 2853 483 2910; x_wconf 75' lang='lat' dir='ltr'>omnes,</span> <span class='ocrx_word' id='word_1_165' title='bbox 509 2853 590 2914; x_wconf 86' lang='lat' dir='ltr'>quoa</span> <span class='ocrx_word' id='word_1_166' title='bbox 613 2836 685 2894; x_wconf 87' lang='lat' dir='ltr'>tota</span> <span class='ocrx_word' id='word_1_167' title='bbox 707 2851 784 2912; x_wconf 83' lang='lat' dir='ltr'>gens</span> <span class='ocrx_word' id='word_1_168' title='bbox 808 2832 942 2909; x_wconf 73' lang='lat' dir='ltr'>miserit,</span> <span class='ocrx_word' id='word_1_169' title='bbox 965 2852 1029 2895; x_wconf 90' lang='lat' dir='ltr'>nou</span> <span class='ocrx_word' id='word_1_170' title='bbox 1048 2832 1130 2895; x_wconf 91' lang='lat' dir='ltr'>alios</span> <span class='ocrx_word' id='word_1_171' title='bbox 1148 2839 1244 2895; x_wconf 78' lang='lat' dir='ltr'>extra</span> <span class='ocrx_word' id='word_1_172' title='bbox 1266 2839 1369 2894; x_wconf 85' lang='lat' dir='ltr'>eastra</span> 
     </span>
     <span class='ocr_line' id='line_1_23' title="bbox 220 2937 1368 3024; baseline -0.004 -18"><span class='ocrx_word' id='word_1_173' title='bbox 220 2940 329 3024; x_wconf 88' lang='lat' dir='ltr'>aliquo</span> <span class='ocrx_word' id='word_1_174' title='bbox 365 2941 481 3004; x_wconf 83' lang='lat' dir='ltr'>missos</span> <span class='ocrx_word' id='word_1_175' title='bbox 515 2939 626 3002; x_wconf 87' lang='lat' dir='ltr'>fuisse.</span> <span class='ocrx_word' id='word_1_176' title='bbox 677 2937 774 3001; x_wconf 86' lang='lat' dir='ltr'>Erat</span> <span class='ocrx_word' id='word_1_177' title='bbox 808 2938 956 3003; x_wconf 87' lang='lat' dir='ltr'>additum</span> <span class='ocrx_word' id='word_1_178' title='bbox 990 2939 1132 3018; x_wconf 72' lang='lat' dir='ltr'>uidetur,</span> <span class='ocrx_word' id='word_1_179' title='bbox 1175 2960 1275 3020; x_wconf 92' lang='lat' dir='ltr'>quum</span> <span class='ocrx_word' id='word_1_180' title='bbox 1308 2960 1368 3002; x_wconf 91' lang='lat' dir='ltr'>non</span> 
     </span>
     <span class='ocr_line' id='line_1_24' title="bbox 219 3046 1369 3129; baseline -0.004 -15"><span class='ocrx_word' id='word_1_181' title='bbox 219 3049 548 3124; x_wconf 79' lang='lat' dir='ltr'>animadverteretur,</span> <span class='ocrx_word' id='word_1_182' title='bbox 580 3046 621 3110; x_wconf 90' lang='lat' dir='ltr'>ad</span> <span class='ocrx_word' id='word_1_183' title='bbox 650 3053 823 3127; x_wconf 86' lang='lat' dir='ltr'>utrumque</span> <span class='ocrx_word' id='word_1_184' title='bbox 853 3047 1035 3111; x_wconf 85' lang='lat' dir='ltr'>membrum</span> <span class='ocrx_word' id='word_1_185' title='bbox 1058 3048 1278 3111; x_wconf 84' lang='lat' dir='ltr'>communitur·</span> <span class='ocrx_word' id='word_1_186' title='bbox 1301 3067 1369 3129; x_wconf 85' lang='lat' dir='ltr'>per·</span> 
     </span>
     <span class='ocr_line' id='line_1_25' title="bbox 219 3154 1369 3238; baseline -0.003 -17"><span class='ocrx_word' id='word_1_187' title='bbox 219 3159 323 3223; x_wconf 88' lang='lat' dir='ltr'>tinere</span> <span class='ocrx_word' id='word_1_188' title='bbox 359 3165 539 3221; x_wconf 78' lang='lat' dir='ltr'>extremum</span> <span class='ocrx_word' id='word_1_189' title='bbox 572 3154 668 3218; x_wconf 92' lang='lat' dir='ltr'>illud:</span> <span class='ocrx_word' id='word_1_190' title='bbox 700 3160 816 3218; x_wconf 88' lang='lat' dir='ltr'>erant</span> <span class='ocrx_word' id='word_1_191' title='bbox 849 3156 887 3218; x_wconf 90' lang='lat' dir='ltr'>in</span> <span class='ocrx_word' id='word_1_192' title='bbox 921 3178 946 3219; x_wconf 88' lang='lat' dir='ltr'>o.</span> <span class='ocrx_word' id='word_1_193' title='bbox 982 3156 1018 3218; x_wconf 86' lang='lat' dir='ltr'>R.</span> <span class='ocrx_word' id='word_1_194' title='bbox 1050 3154 1198 3238; x_wconf 82' lang='lat' dir='ltr'>[Rectius</span> <span class='ocrx_word' id='word_1_195' title='bbox 1232 3155 1369 3219; x_wconf 82' lang='lat' dir='ltr'>fortasse</span> 
     </span>
     <span class='ocr_line' id='line_1_26' title="bbox 218 3262 1370 3344; baseline -0.003 -15"><span class='ocrx_word' id='word_1_196' title='bbox 218 3265 393 3329; x_wconf 84' lang='lat' dir='ltr'>scribetur:</span> <span class='ocrx_word' id='word_1_197' title='bbox 419 3263 643 3327; x_wconf 81' lang='lat' dir='ltr'>AEtoloruur</span> <span class='ocrx_word' id='word_1_198' title='bbox 668 3262 738 3326; x_wconf 81' lang='lat' dir='ltr'>alae</span> <span class='ocrx_word' id='word_1_199' title='bbox 757 3264 874 3326; x_wconf 90' lang='lat' dir='ltr'>unius</span> <span class='ocrx_word' id='word_1_200' title='bbox 899 3265 1030 3328; x_wconf 87' lang='lat' dir='ltr'>instar</span> <span class='ocrx_word' id='word_1_201' title='bbox 1051 3264 1260 3344; x_wconf 87' lang='lat' dir='ltr'>(tantuma</span> <span class='ocrx_word' id='word_1_202' title='bbox 1284 3269 1370 3328; x_wconf 87' lang='lat' dir='ltr'>tota</span> 
     </span>
    </p>

    <p class='ocr_par' dir='ltr' id='par_1_3' title="bbox 218 3369 1126 3456">
     <span class='ocr_line' id='line_1_27' title="bbox 218 3369 1126 3456; baseline -0.002 -20"><span class='ocrx_word' id='word_1_203' title='bbox 218 3396 247 3456; x_wconf 84' lang='lat' dir='ltr'>g.</span> <span class='ocrx_word' id='word_1_204' title='bbox 273 3394 326 3453; x_wconf 88' lang='lat' dir='ltr'>eq.</span> <span class='ocrx_word' id='word_1_205' title='bbox 351 3372 533 3450; x_wconf 80' lang='lat' dir='ltr'>venerat)</span> <span class='ocrx_word' id='word_1_206' title='bbox 558 3378 597 3433; x_wconf 93' lang='lat' dir='ltr'>et</span> <span class='ocrx_word' id='word_1_207' title='bbox 620 3369 908 3433; x_wconf 81' lang='lat' dir='ltr'>Thessalorum</span> <span class='ocrx_word' id='word_1_208' title='bbox 932 3378 993 3435; x_wconf 88' lang='lat' dir='ltr'>oet.</span> <span class='ocrx_word' id='word_1_209' title='bbox 1020 3369 1126 3452; x_wconf 61' lang='lat'>1864]</span> 
     </span>
    </p>

    <p class='ocr_par' dir='ltr' id='par_1_4' title="bbox 215 3477 1370 4426">
     <span class='ocr_line' id='line_1_28' title="bbox 304 3477 1368 3562; baseline 0 -19"><span class='ocrx_word' id='word_1_210' title='bbox 304 3479 382 3562; x_wconf 88' lang='lat' dir='ltr'>Cap.</span> <span class='ocrx_word' id='word_1_211' title='bbox 408 3485 457 3556; x_wconf 78' lang='grc'>56,</span> <span class='ocrx_word' id='word_1_212' title='bbox 484 3484 521 3542; x_wconf 83' lang='grc'>10</span> <span class='ocrx_word' id='word_1_213' title='bbox 545 3479 734 3561; x_wconf 86' lang='lat' dir='ltr'>(postquam</span> <span class='ocrx_word' id='word_1_214' title='bbox 753 3477 874 3541; x_wconf 86' lang='lat' dir='ltr'>dictum</span> <span class='ocrx_word' id='word_1_215' title='bbox 894 3485 954 3559; x_wconf 79' lang='lat' dir='ltr'>est,</span> <span class='ocrx_word' id='word_1_216' title='bbox 976 3478 1095 3544; x_wconf 87' lang='lat' dir='ltr'>Persea</span> <span class='ocrx_word' id='word_1_217' title='bbox 1111 3479 1154 3543; x_wconf 86' lang='lat' dir='ltr'>ad</span> <span class='ocrx_word' id='word_1_218' title='bbox 1173 3499 1272 3560; x_wconf 82' lang='lat' dir='ltr'>agros</span> <span class='ocrx_word' id='word_1_219' title='bbox 1289 3479 1368 3543; x_wconf 93' lang='lat' dir='ltr'>Phe·</span> 
     </span>
     <span class='ocr_line' id='line_1_29' title="bbox 217 3587 1370 3670; baseline -0.001 -18"><span class='ocrx_word' id='word_1_220' title='bbox 217 3609 355 3652; x_wconf 87' lang='lat' dir='ltr'>raeorum</span> <span class='ocrx_word' id='word_1_221' title='bbox 378 3587 556 3652; x_wconf 81' lang='lat' dir='ltr'>vastandos</span> <span class='ocrx_word' id='word_1_222' title='bbox 580 3587 899 3665; x_wconf 85' lang='lat' dir='ltr'>misisse‚Rou1anos</span> <span class='ocrx_word' id='word_1_223' title='bbox 923 3587 996 3651; x_wconf 87' lang='lat' dir='ltr'>elici</span> <span class='ocrx_word' id='word_1_224' title='bbox 1013 3588 1142 3670; x_wconf 84' lang='lat' dir='ltr'>longius</span> <span class='ocrx_word' id='word_1_225' title='bbox 1167 3588 1322 3652; x_wconf 86' lang='lat' dir='ltr'>aoastris</span> <span class='ocrx_word' id='word_1_226' title='bbox 1339 3593 1370 3651; x_wconf 87' lang='lat' dir='ltr'>et</span> 
     </span>
     <span class='ocr_line' id='line_1_30' title="bbox 218 3693 1370 3779; baseline -0.003 -19"><span class='ocrx_word' id='word_1_227' title='bbox 218 3696 418 3779; x_wconf 87' lang='lat' dir='ltr'>deprehendi</span> <span class='ocrx_word' id='word_1_228' title='bbox 440 3717 534 3779; x_wconf 85' lang='lat' dir='ltr'>posse</span> <span class='ocrx_word' id='word_1_229' title='bbox 558 3695 695 3776; x_wconf 87' lang='lat' dir='ltr'>ratum):</span> <span class='ocrx_word' id='word_1_230' title='bbox 731 3695 836 3772; x_wconf 84' lang='lat' dir='ltr'>Quos</span> <span class='ocrx_word' id='word_1_231' title='bbox 860 3717 976 3776; x_wconf 88' lang='lat' dir='ltr'>quum</span> <span class='ocrx_word' id='word_1_232' title='bbox 1000 3717 1044 3760; x_wconf 89' lang='lat' dir='ltr'>eo</span> <span class='ocrx_word' id='word_1_233' title='bbox 1069 3695 1247 3761; x_wconf 90' lang='lat' dir='ltr'>tumultu</span> <span class='ocrx_word' id='word_1_234' title='bbox 1270 3693 1370 3759; x_wconf 90' lang='lat' dir='ltr'>nihil</span> 
     </span>
     <span class='ocr_line' id='line_1_31' title="bbox 217 3803 1370 3887; baseline -0.001 -19"><span class='ocrx_word' id='word_1_235' title='bbox 217 3813 346 3868; x_wconf 87' lang='lat' dir='ltr'>motos</span> <span class='ocrx_word' id='word_1_236' title='bbox 381 3804 761 3882; x_wconf 82' lang='lat' dir='ltr'>animadvertisset,</span> <span class='ocrx_word' id='word_1_237' title='bbox 796 3804 967 3886; x_wconf 76' lang='lat' dir='ltr'>praedam</span> <span class='ocrx_word' id='word_1_238' title='bbox 1009 3803 1168 3884; x_wconf 91' lang='lat' dir='ltr'>quidem</span> <span class='ocrx_word' id='word_1_239' title='bbox 1203 3810 1370 3887; x_wconf 72' lang='lat' dir='ltr'>praeter-</span> 
     </span>
     <span class='ocr_line' id='line_1_32' title="bbox 217 3910 1368 3995; baseline -0.002 -18"><span class='ocrx_word' id='word_1_240' title='bbox 217 3935 335 3995; x_wconf 91' lang='lat' dir='ltr'>quam</span> <span class='ocrx_word' id='word_1_241' title='bbox 358 3912 559 3976; x_wconf 89' lang='lat' dir='ltr'>hominum</span> <span class='ocrx_word' id='word_1_242' title='bbox 585 3948 620 3955; x_wconf 95' lang='lat'>-</span> <span class='ocrx_word' id='word_1_243' title='bbox 647 3912 790 3976; x_wconf 77' lang='lat' dir='ltr'>divisit</span> <span class='ocrx_word' id='word_1_244' title='bbox 814 3911 863 3976; x_wconf 85' lang='lat' dir='ltr'>ad</span> <span class='ocrx_word' id='word_1_245' title='bbox 886 3910 1132 3992; x_wconf 86' lang='lat' dir='ltr'>epulandum</span> <span class='ocrx_word' id='word_1_246' title='bbox 1155 3912 1368 3977; x_wconf 81' lang='lat' dir='ltr'>militibus</span> 
     </span>
     <span class='ocr_line' id='line_1_33' title="bbox 215 4020 1369 4104; baseline 0 -20"><span class='ocrx_word' id='word_1_247' title='bbox 215 4020 258 4084; x_wconf 89' lang='lat' dir='ltr'>Et</span> <span class='ocrx_word' id='word_1_248' title='bbox 289 4020 451 4104; x_wconf 81' lang='lat' dir='ltr'>particula</span> <span class='ocrx_word' id='word_1_249' title='bbox 480 4020 639 4101; x_wconf 88' lang='lat' dir='ltr'>quidem</span> <span class='ocrx_word' id='word_1_250' title='bbox 668 4021 776 4103; x_wconf 89' lang='lat' dir='ltr'>inepte</span> <span class='ocrx_word' id='word_1_251' title='bbox 800 4021 910 4102; x_wconf 88' lang='lat' dir='ltr'>posita</span> <span class='ocrx_word' id='word_1_252' title='bbox 933 4027 965 4083; x_wconf 88' lang='lat' dir='ltr'>et</span> <span class='ocrx_word' id='word_1_253' title='bbox 993 4021 1242 4101; x_wconf 74' lang='lat' dir='ltr'>perversissima</span> <span class='ocrx_word' id='word_1_254' title='bbox 1264 4039 1369 4084; x_wconf 81' lang='lat' dir='ltr'>rerum</span> 
     </span>
     <span class='ocr_line' id='line_1_34' title="bbox 217 4126 1369 4212; baseline -0.003 -20"><span class='ocrx_word' id='word_1_255' title='bbox 217 4129 405 4193; x_wconf 81' lang='lat' dir='ltr'>coniunctio</span> <span class='ocrx_word' id='word_1_256' title='bbox 431 4128 592 4207; x_wconf 76' lang='lat' dir='ltr'>declarat,</span> <span class='ocrx_word' id='word_1_257' title='bbox 616 4127 669 4191; x_wconf 88' lang='lat' dir='ltr'>hio</span> <span class='ocrx_word' id='word_1_258' title='bbox 692 4149 824 4211; x_wconf 90' lang='lat' dir='ltr'>quoque</span> <span class='ocrx_word' id='word_1_259' title='bbox 848 4126 999 4208; x_wconf 83' lang='lat' dir='ltr'>quaedam</span> <span class='ocrx_word' id='word_1_260' title='bbox 1030 4149 1050 4191; x_wconf 89' lang='lat' dir='ltr'>a</span> <span class='ocrx_word' id='word_1_261' title='bbox 1077 4127 1215 4192; x_wconf 89' lang='lat' dir='ltr'>librario</span> <span class='ocrx_word' id='word_1_262' title='bbox 1240 4135 1369 4212; x_wconf 78' lang='lat' dir='ltr'>prater·</span> 
     </span>
     <span class='ocr_line' id='line_1_35' title="bbox 216 4235 1368 4320; baseline -0.003 -21"><span class='ocrx_word' id='word_1_263' title='bbox 216 4238 316 4300; x_wconf 87' lang='lat' dir='ltr'>missa</span> <span class='ocrx_word' id='word_1_264' title='bbox 340 4258 419 4315; x_wconf 83' lang='lat' dir='ltr'>esse,</span> <span class='ocrx_word' id='word_1_265' title='bbox 443 4259 543 4320; x_wconf 86' lang='lat' dir='ltr'>quum</span> <span class='ocrx_word' id='word_1_266' title='bbox 566 4236 752 4300; x_wconf 86' lang='lat' dir='ltr'>huiusmodi</span> <span class='ocrx_word' id='word_1_267' title='bbox 775 4235 893 4300; x_wconf 86' lang='lat' dir='ltr'>fuisset</span> <span class='ocrx_word' id='word_1_268' title='bbox 916 4237 1052 4318; x_wconf 70' lang='lat' dir='ltr'>integrae</span> <span class='ocrx_word' id='word_1_269' title='bbox 1071 4237 1232 4301; x_wconf 87' lang='lat' dir='ltr'>orationis</span> <span class='ocrx_word' id='word_1_270' title='bbox 1254 4236 1368 4301; x_wconf 82' lang='lat' dir='ltr'>forma:</span> 
     </span>
     <span class='ocr_line' id='line_1_36' title="bbox 216 4343 1368 4426; baseline -0.002 -19"><span class='ocrx_word' id='word_1_271' title='bbox 216 4343 320 4420; x_wconf 81' lang='lat' dir='ltr'>Quos</span> <span class='ocrx_word' id='word_1_272' title='bbox 345 4366 374 4426; x_wconf 85' lang='lat' dir='ltr'>q.</span> <span class='ocrx_word' id='word_1_273' title='bbox 399 4367 425 4410; x_wconf 88' lang='lat' dir='ltr'>e.</span> <span class='ocrx_word' id='word_1_274' title='bbox 449 4352 472 4408; x_wconf 88' lang='lat' dir='ltr'>t.</span> <span class='ocrx_word' id='word_1_275' title='bbox 496 4368 526 4409; x_wconf 91' lang='lat' dir='ltr'>n.</span> <span class='ocrx_word' id='word_1_276' title='bbox 550 4366 591 4408; x_wconf 86' lang='lat' dir='ltr'>m.</span> <span class='ocrx_word' id='word_1_277' title='bbox 622 4344 999 4423; x_wconf 84' lang='lat' dir='ltr'>animadvertisset,</span> <span class='ocrx_word' id='word_1_278' title='bbox 1034 4365 1131 4409; x_wconf 90' lang='lat' dir='ltr'>suos</span> <span class='ocrx_word' id='word_1_279' title='bbox 1166 4346 1204 4409; x_wconf 92' lang='lat' dir='ltr'>in</span> <span class='ocrx_word' id='word_1_280' title='bbox 1235 4350 1368 4409; x_wconf 87' lang='lat' dir='ltr'>eastra</span> 
     </span>
    </p>
   </div>
   <div class='ocr_carea' id='block_1_3' title="bbox 0 0 1502 5108">
    <p class='ocr_par' dir='ltr' id='par_1_5' title="bbox 0 0 1502 5108">
     <span class='ocr_line' id='line_1_37' title="bbox 0 0 1502 5108; baseline 0 1"><span class='ocrx_word' id='word_1_281' title='bbox 0 0 1502 5108; x_wconf 95' lang='lat' dir='ltr'> </span> 
     </span>
    </p>
   </div>
  </div>
 </body>
</html>
