2994 5108
201 454 368 557 niarrxv.
749 483 810 545 362

202 681 278 757 post
301 692 326 753 e,
354 677 424 737 tum
446 671 485 734 in
508 669 665 735 additum.
700 668 823 734 Eodem
846 669 956 752 capite
980 667 1011 752 [ἐ
1037 672 1086 748 14,
1109 667 1167 733 ubi
1183 665 1359 732 scribitur:

203 781 310 846 haud
344 778 469 845 dubia
495 800 575 844 res.
601 786 674 859 est,
703 778 889 843 necessario
917 777 1099 859 requiritur
1125 781 1223 842 erat.
1266 779 1359 841 1862.

203 885 342 970 Deinde]
367 886 384 970 ἕ
409 893 447 953 15
472 888 526 968 (de
549 910 668 972 pugna,
692 907 758 971 qua
776 883 954 951 Centenius
977 885 1020 950 ab
1043 883 1232 950 Hannibale
1253 885 1361 950 rictus

202 1019 278 1062 cum
306 998 451 1062 exercitu
480 995 619 1078 interiit)
648 994 803 1062 scribitur
824 995 859 1058 in
881 993 922 1059 P:
957 995 1184 1076 Pugnatum
1210 1000 1360 1073 tamen,

203 1111 247 1170 ut
274 1107 313 1170 in
336 1105 451 1169 nulla
472 1106 563 1189 pari
586 1125 642 1183 re,
672 1102 769 1168 duas
792 1102 962 1186 amplius
985 1101 1121 1182 horas,
1149 1103 1361 1169 concitata

204 1219 250 1292 et,
274 1212 400 1278 donec
423 1213 500 1276 dux
522 1212 737 1276 stetitsset
760 1211 976 1276 Romanam
999 1212 1137 1276 aciem.
1170 1209 1358 1276 Edebatur:

204 1322 414 1386 concitata
447 1326 500 1399 et,
534 1319 664 1385 donec
700 1320 777 1383 dux
812 1319 1017 1399 stetisset,
1051 1319 1228 1383 Romana
1262 1321 1360 1400 acie,

203 1429 282 1494 vitio
322 1429 356 1494 in
394 1428 559 1511 particula
597 1435 638 1493 et
677 1426 832 1509 verbique
865 1426 962 1492 modo
995 1426 1179 1492 manifesto.
1240 1427 1359 1513 ltaque

202 1537 487 1602 Weissenbornius
521 1535 646 1619 Sigouii
679 1533 943 1618 Alschefskiique
983 1536 1192 1600 coniecturas
1226 1541 1360 1601 secutus

202 1646 348 1729 scripsit:
395 1644 608 1710 concitata
642 1651 693 1725 et,
742 1644 868 1708 donec
909 1643 986 1708 dux
1028 1643 1165 1723 stetit,
1205 1643 1360 1711 invicta

204 1756 382 1820 Romana
410 1753 507 1817 acie.
561 1751 625 1817 Sed
653 1753 723 1836 ipse
753 1751 932 1830 intellexit,
959 1752 1102 1816 minime
1120 1757 1197 1834 apte
1220 1755 1360 1818 conei-

202 1869 331 1928 tatam
363 1859 466 1926 fuisse
496 1862 678 1926 Romanam
712 1862 819 1924 aciem
848 1860 929 1940 dici;
963 1860 1092 1925 accedit
1119 1859 1277 1926 indicium
1306 1883 1360 1927 co·

204 1971 287 2035 dicis
314 1971 347 2034 in
377 1970 599 2035 stetitsset.
654 1969 847 2052 Requiritur
874 1974 1143 2050 monstraturque
1170 1968 1361 2035 huiusmodi

204 2079 364 2144 orationis
387 2076 509 2143 forma:
534 2082 797 2157 sustentante
817 2076 1116 2158 (concitantel),
1139 2076 1265 2143 donec
1283 2077 1360 2143 dux

204 2187 335 2264 stetit,
364 2207 405 2250 se
434 2187 611 2250 Romana
639 2187 735 2250 acie,
788 2183 956 2265 (Ceterum
985 2184 1159 2267 scrupulus
1186 2185 1220 2249 in
1249 2187 1359 2252 anime

203 2293 307 2358 haeret
330 2294 370 2358 de
392 2301 436 2359 ut
458 2295 638 2377 particula;
672 2300 762 2359 recte
786 2293 964 2359 diceretur:
1000 2300 1045 2359 ut
1072 2293 1112 2357 in
1135 2293 1250 2358 nulla
1271 2294 1360 2379 pari

203 2423 260 2480 re,
294 2424 372 2466 non
409 2401 640 2466 infeliciter
674 2402 876 2481 similiterve,
912 2401 1078 2485 particula
1109 2399 1280 2466 modulum
1312 2403 1361 2468 rei

205 2509 405 2574 aestimandae
435 2508 656 2591 significante3
690 2511 733 2575 ad
763 2511 861 2575 duas
892 2509 1068 2594 amplius
1095 2509 1218 2574 bures
1246 2510 1363 2596 inepta

203 2617 273 2682 haec
296 2615 493 2698 significatio
517 2617 626 2699 est.)¹)

289 2723 368 2809 Cap.
399 2731 453 2804 21,
489 2728 507 2788 7
543 2733 763 2811 praeterquam
793 2727 882 2809 quod
910 2748 984 2790 cum
1011 2726 1178 2791 veteribus
1207 2724 1362 2791 editioni-

203 2834 265 2898 bus
300 2833 508 2898 scribendum
544 2843 611 2899 est:
652 2856 900 2917 quacumque
934 2835 1127 2918 impetum
1159 2833 1362 2900 fecissent

109 2992 111 2999 .
203 2941 354 3021 hostes,
401 2949 672 3026 perruptures
714 2942 803 3025 (pr0:
848 2943 1022 3007 fecisset
1064 2941 1228 3022 hostis),
1278 2964 1360 3025 quc·

203 3051 292 3115 niam
323 3051 434 3114 Livius
461 3050 494 3112 in
524 3056 592 3114 tam
622 3051 711 3115 brevi
740 3057 773 3114 et
801 3052 980 3133 perspicua
1008 3051 1159 3116 oratione
1187 3072 1361 3116 numerum

203 3159 330 3223 variare
353 3179 419 3222 non
442 3159 568 3242 potuit,
598 3165 750 3242 apparet,
779 3157 848 3222 haec
870 3159 986 3224 verba:
1016 3159 1137 3237 nihil,
1166 3159 1276 3241 quod
1294 3180 1361 3225 sa·

202 3265 339 3332 lutare
362 3272 482 3345 esset,
505 3289 582 3330 non
606 3267 719 3331 modo
743 3267 792 3331 ad
809 3268 993 3346 animum,
1018 3268 1089 3332 sed
1109 3287 1156 3330 ne
1173 3267 1222 3330 ad
1242 3287 1361 3333 aures

203 3374 365 3457 quidem
387 3374 631 3438 admittebat
653 3374 749 3457 longe
771 3376 878 3439 minus
901 3375 1069 3439 commode
1087 3374 1204 3439 referri
1222 3375 1267 3439 ad
1285 3375 1361 3440 Ful-

204 3481 290 3544 vium
313 3483 423 3563 ipsum
446 3480 529 3544 nihil
552 3482 630 3546 boni
655 3491 856 3566 sperantem,
886 3482 944 3546 sed
973 3482 1110 3565 impetui
1139 3483 1282 3548 militum
1312 3504 1363 3549 ce·

203 3588 334 3652 dentem
372 3610 469 3670 quam
505 3590 546 3653 ad
576 3591 711 3669 milites,
747 3612 886 3674 querum
913 3589 1017 3654 libido
1047 3596 1080 3656 et
1109 3592 1282 3656 temeritas
1311 3613 1361 3656 re-

203 3696 431 3780 prehenditur.
484 3697 601 3780 Itaque
626 3699 696 3762 sine
720 3697 819 3762 dubio
844 3697 1054 3762 scribendum
1079 3704 1154 3763 est:
1173 3698 1362 3765 admitte·

202 3804 311 3869 bant.
357 3802 481 3885 (issa.)

209 3977 406 3987 ———„-—-

231 4077 255 4141 ¹)
275 4075 418 4144 captus
434 4077 480 4142 (ut
498 4082 596 4131 tanto
617 4077 832 4144 discrimine)
851 4096 909 4131 non
923 4078 1013 4131 solum
1028 4078 1180 4147 requiritur
1195 4080 1240 4147 in,
1261 4081 1310 4135 sed
1327 4084 1362 4135 ut

271 4162 373 4227 (ortum
397 4178 431 4213 ex
453 4164 582 4231 sequenti
606 4163 629 4228 t)
651 4181 666 4215 a
689 4164 743 4217 leci
767 4164 906 4217 sententis
929 4163 1048 4216 alienum
1074 4168 1131 4243 est,
1158 4165 1189 4219 in
1212 4184 1269 4234 qua
1293 4164 1363 4221 nihil

271 4251 348 4300 certo
367 4244 423 4299 fine
442 4249 690 4303 circumscribitur.
