3000 5116
222 483 284 538 Lib.
303 482 403 537 XXIII.
769 474 831 534 312

224 676 337 721 eorum
360 655 514 738 gaudere.
566 656 745 739 Aptissime
773 658 859 722 inter
888 678 922 722 se
945 655 1146 741 respondent
1167 656 1326 722 favisse
1348 662 1382 721 et

224 763 522 828 non‘invidere.
580 764 644 829 Sed
666 771 791 844 tamen,
826 765 941 830 addito
964 784 996 843 a,
1030 771 1205 848 praeterea,
1235 764 1325 848 qnod
1346 764 1382 829 in

225 869 394 935 codicibus
422 871 579 936 scribitur
607 871 738 947 fuisse
767 880 822 952 ut,
858 896 896 938 ex
926 894 965 938 eo
993 857 1195 951 faciendum,
1230 872 1383 937 adhibita

224 980 484 1062 transpositione
508 979 562 1059 (de
586 1000 651 1061 qua
674 978 742 1044 dixi
764 981 807 1045 ad
830 981 926 1046 huius
948 981 1025 1045 libri
1048 1002 1074 1043 o.
1099 984 1128 1058 2,
1152 980 1200 1060 iil:
1236 986 1307 1045 aut
1328 978 1382 1044 la·

225 1088 353 1166 visse,
386 1108 492 1170 neque
516 1087 603 1151 enim
625 1093 714 1153 recte
737 1088 830 1153 abest
852 1089 1017 1171 particula
1040 1088 1241 1152 disiunctiva
1262 1088 1297 1150 in
1319 1086 1383 1151 hac

226 1194 364 1260 duarum
398 1215 507 1260 rerum
542 1194 689 1278 diligenti
724 1197 947 1279 separatione,
982 1204 1019 1260 ut
1052 1203 1230 1278 utrumque
1259 1216 1319 1278 per
1346 1214 1382 1260 se

226 1302 373 1368 tollatur.
423 1301 468 1366 Ut
495 1302 549 1366 hic
577 1304 704 1367 fuisse
733 1325 793 1385 pro
816 1301 981 1379 favisse,
1016 1305 1063 1367 sic
1085 1303 1214 1367 fuerit
1237 1324 1299 1386 pro
1321 1301 1383 1367 fa·

226 1412 332 1475 verit
361 1409 517 1475 scribitur
545 1410 609 1489 Ill,
638 1416 694 1489 45,
726 1414 739 1472 l
765 1411 799 1475 in
822 1410 856 1475 M
878 1418 912 1476 et
934 1412 1023 1487 aliis,
1052 1410 1201 1475 fuimus
1231 1432 1291 1494 pro
1319 1408 1384 1475 la·

225 1520 353 1584 vimus
376 1518 470 1597 XLV,
494 1522 544 1595 22,
571 1523 610 1582 10
633 1519 665 1582 in
689 1518 826 1583 Vindob.
878 1519 1049 1585 Postremo
1073 1519 1147 1583 loco
1170 1539 1293 1601 ponam
1313 1538 1385 1582 rem
1426 1533 1430 1539 ·

226 1627 393 1691 minimam
417 1625 474 1690 sed
498 1631 637 1704 certam,
668 1625 684 1708 ξ
708 1630 747 1689 26
773 1627 900 1690 Livium
929 1628 962 1691 in
991 1626 1053 1691 hac
1076 1626 1236 1691 orationis
1258 1626 1384 1691 forma:

227 1736 349 1813 Quum
382 1754 593 1816 erumpere
623 1735 816 1799 ecastris
846 1741 1021 1818 oportet,
1056 1735 1308 1799 cunctamini
1337 1754 1387 1797 ac

226 1845 415 1922 manetis,
449 1862 566 1923 quum
601 1861 775 1919 manere,
813 1848 951 1907 castra
982 1843 1116 1907 tutari
1151 1843 1278 1907 armis
1313 1863 1388 1906 nc-

226 1973 339 2017 cesse
368 1958 445 2029 est,
479 1955 517 2013 et
545 1954 683 2013 castra
712 1956 751 2013 et
779 1970 888 2015 arma
916 1957 955 2015 et
981 1972 1050 2016 vos
1072 1951 1186 2033 ipsos
1208 1949 1388 2015 traditis
1462 2006 1471 2017 .

225 2060 346 2137 hosti,
368 2080 434 2123 non
457 2078 552 2121 usum
575 2077 646 2122 esse
669 2057 829 2140 asyndeto
853 2059 886 2122 in
909 2058 1016 2123 altera
1038 2059 1174 2142 protasi,
1199 2057 1258 2122 sed
1282 2058 1392 2141 scrip-

227 2170 321 2232 sisse:
345 2187 460 2248 quum
483 2185 643 2229 manere
666 2171 701 2226 ct
725 2172 866 2229 castra
888 2167 1026 2231 tutari.
1059 2166 1105 2230 Et
1123 2164 1247 2230 excidit
1265 2170 1344 2248 post
1361 2184 1389 2228 c.

228 2275 297 2358 [Sic
322 2275 394 2339 cod.
418 2269 609 2353 Haverc.]¹)

140 2517 210 2586 „,„
667 2464 758 2546 mo.
792 2465 944 2547 xxm.

314 2596 392 2681 Cap.
417 2602 446 2676 2,
476 2603 495 2661 6
520 2597 589 2677 (ubi
612 2599 746 2664 Pacuvii
769 2597 893 2663 Calavii
917 2599 950 2661 in
974 2604 1090 2662 senatu
1114 2595 1286 2680 Campano
1312 2618 1391 2662 ora·

226 2708 274 2772 tio
308 2705 480 2786 refertur):
522 2707 670 2790 quippe
710 2708 778 2790 qui
818 2707 977 2771 liberos
1012 2727 1057 2770 ex
1090 2706 1184 2789 App.
1220 2702 1391 2770 Claudii

227 2816 322 2880 filia
367 2814 539 2879 haberet
584 2814 798 2897 filiamque
844 2815 1000 2878 Romam
1048 2821 1221 2897 nuptum
1268 2812 1390 2878 Livio

227 2924 420 2988 dedisset.
476 2922 545 2986 Nec
580 2943 639 3004 per
667 2944 702 2986 se
730 2923 763 2985 in
792 2928 883 2986 certo
912 2921 1043 2985 homine
1073 2919 1294 3003 significando
1327 2940 1389 2985 nee

227 3038 303 3115 post
325 3032 419 3114 App.
445 3029 496 3095 cl.
522 3031 629 3094 omitti
653 3050 840 3112 praenomen
864 3035 1011 3112 poterat3
1041 3029 1119 3093 fuit:
1148 3036 1320 3111 nuptum
1344 3028 1390 3093 Μ.

226 3141 348 3204 Livio.

313 3245 392 3329 Cap.
418 3252 451 3321 3,
481 3251 500 3309 2
529 3246 576 3324 (in
605 3245 753 3310 eiusdem
781 3245 824 3309 ad
846 3244 976 3327 plebem
1000 3242 1182 3326 oratione):
1213 3240 1391 3308 Clausos

228 3375 362 3419 omnes
385 3353 581 3434 (senatores)
605 3355 643 3417 in
667 3354 819 3417 curiam
841 3353 1031 3435 accipite,
1055 3352 1177 3431 solos,
1198 3351 1392 3417 inermes.

227 3461 422 3526 Necessario
462 3462 669 3526 scribendum
709 3462 747 3524 in
782 3461 908 3539 ouria,
948 3460 1053 3524 multo
1086 3461 1191 3540 magis
1226 3459 1270 3540 (si
1307 3459 1393 3543 quid

227 3579 320 3636 recto
348 3571 469 3635 rectius
492 3568 555 3650 est)
578 3590 677 3653 quam
699 3569 733 3632 in
756 3588 827 3651 cap.
852 3572 885 3646 2,
916 3572 952 3632 9:
987 3567 1171 3633 claudam
1201 3568 1239 3631 in
1271 3569 1394 3632 curia

227 3700 313 3758 vos3
346 3679 400 3742 hic
434 3678 520 3742 enim
553 3678 618 3741 iam
654 3678 758 3740 clausi
792 3682 960 3754 tenentur,
993 3676 1309 3758 perversissimeque
1338 3676 1394 3756 (ut

228 3793 342 3870 aperte
372 3787 479 3851 dicam
510 3784 549 3849 de
571 3789 642 3849 toto
664 3783 727 3849 hoo
749 3805 867 3867 genere
891 3784 1049 3848 acuminis
1073 3782 1197 3863 obtusi)
1221 3782 1392 3849 Weissen-

227 3896 363 3961 bornius
397 3894 460 3960 hoc
494 3893 582 3971 loco,
616 3892 674 3957 ubi
707 3890 860 3956 Calavius
894 3891 1022 3956 clausos
1056 3897 1228 3957 senatores
1263 3892 1393 3977 populo

256 4082 282 4149 ¹)
299 4082 454 4137 infeliciter
481 4079 556 4135 hunc
582 4080 675 4133 locum
698 4078 820 4131 tentavit
843 4077 958 4132 Wexius
980 4077 1050 4132 Mus.
1069 4078 1121 4133 Ru.
1140 4078 1196 4132 vol.
1215 4076 1252 4144 (n.
1273 4076 1310 4145 a)
1334 4076 1393 4132 XII

296 4168 400 4236 pesa.
441 4163 470 4236 [ᾖ
494 4168 540 4232 23,
558 4165 607 4219 ubi
630 4164 660 4217 in
682 4163 746 4217 Put.
770 4167 824 4217 est:
858 4179 959 4231 quum
983 4164 1097 4218 omnis
1119 4161 1282 4217 subsidio
1304 4163 1393 4219 vita

297 4250 479 4320 abdesunt,
506 4249 655 4304 editur-
680 4249 845 4303 abessent
868 4252 917 4303 aut
940 4248 1117 4315 deessent,
1148 4249 1263 4304 subesse
1292 4253 1394 4318 potest

296 4336 585 4405 absumpsissent
617 4331 705 4401 1862]
