3000 5116
685 475 746 537 243

141 657 237 725 Frob.
277 662 356 723 1531
397 664 485 723 recte
513 660 606 725 initio
638 661 756 744 capitis
784 660 939 745 leguntur
966 660 982 744 ἓ
1013 666 1028 725 1
1060 668 1093 726 et
1122 666 1156 726 2:
1193 661 1292 730 Con-

139 766 249 833 sules
271 766 489 832 Atilius-
509 790 588 834 non
615 769 850 849 veniebant,
878 771 1083 855 transposita
1112 777 1145 836 et
1167 773 1293 838 inserta

139 880 216 941 sunt
242 882 321 960 post
343 873 360 959 ἓ
384 879 402 941 3
425 877 512 942 inter
539 876 689 943 bellum
719 885 909 961 gererent
939 884 972 943 et
995 878 1118 958 Quum
1147 880 1194 945 ad
1218 879 1292 946 Ge·

139 985 337 1064 reonium,
376 983 466 1050 nullo
501 975 612 1051 codice
648 984 849 1067 discedente)
883 987 1063 1071 stirpisque
1096 991 1292 1072 propagatio

140 1093 262 1159 sensim
284 1092 326 1158 ab
350 1093 475 1174 origine
499 1093 728 1178 degenerantis
752 1094 861 1178 qualis
884 1095 938 1174 sit,
966 1095 1109 1160 breviter
1132 1096 1293 1163 declarari

138 1208 266 1288 potest;
287 1208 360 1267 tots
382 1203 468 1266 enim
489 1224 543 1267 res
565 1224 668 1287 prope
691 1203 724 1267 in
748 1224 814 1268 uno
838 1223 940 1286 eoque
963 1203 1120 1271 facillimo
1143 1206 1291 1290 exemplo

138 1311 375 1397 perspicietur,
403 1310 493 1394 quod
511 1332 555 1389 ex
577 1310 662 1376 libro
686 1310 794 1391 XXII,
826 1314 881 1391 28,
912 1317 931 1375 4
955 1334 1091 1392 sumam,
1121 1315 1177 1396 qui
1199 1314 1292 1381 locus

139 1422 240 1486 etiam
273 1440 360 1484 nunc
392 1420 426 1483 in
460 1418 660 1485 editionibus
689 1418 887 1503 depravatus
916 1421 1152 1487 circumfertur.
1208 1423 1292 1488 Nam

139 1550 241 1614 quum
274 1527 387 1592 Livius
420 1528 467 1592 sic
501 1529 703 1612 scripsisset:
743 1548 902 1593 causam
936 1530 1173 1594 certaminis
1208 1552 1292 1595 cum

139 1636 335 1715 blinucio,
364 1657 477 1719 quem
500 1658 790 1721 procursurum
813 1636 862 1701 ad
885 1637 1165 1703 obsistendum
1189 1640 1292 1703 satis

139 1745 317 1824 sciebat,
346 1744 600 1825 contrahere,
632 1744 760 1810 delecto
784 1745 883 1810 verbo
907 1744 1226 1829 (procursurum)
1250 1747 1292 1811 ad

139 1854 313 1920 vehemens
335 1853 473 1918 Minucii
495 1855 660 1937 ingenium
684 1853 919 1918 declarandum
942 1860 1033 1938 apto,
1062 1855 1096 1917 in
1119 1854 1143 1917 P
1168 1854 1223 1935 (-
1246 1856 1292 1920 sic

141 1964 229 2028 enim
256 1962 410 2044 deinceps
440 1983 560 2027 nomen
588 1962 712 2028 notabo
736 1961 792 2042 -)
822 1967 881 2026 aut
908 1963 1006 2026 etiam
1031 1963 1062 2026 in
1086 1963 1198 2027 codice
1222 1965 1292 2028 eius

139 2077 294 2158 parente,
327 2069 442 2135 addita
477 2069 633 2136 facillimo
663 2091 772 2135 errore
802 2090 867 2135 una
893 2070 1019 2151 littera,
1054 2072 1214 2155 scriptum
1243 2078 1293 2136 est

139 2202 212 2267 per
253 2199 489 2246 ocursurum
528 2170 608 2259 (una
639 2179 753 2243 littera
786 2178 831 2260 c);
872 2177 989 2243 deinde
1022 2179 1055 2242 in
1090 2177 1292 2259 Colbertino,

140 2287 256 2353 addito
279 2286 384 2352 altero
408 2307 432 2365 c,
455 2285 572 2351 effecta
591 2286 710 2351 Latina
732 2309 794 2351 vox
818 2293 877 2365 est,
901 2288 1065 2352 sententia
1088 2295 1293 2352 structurave

141 2396 249 2462 nulla:
290 2415 363 2478 per
396 2415 673 2474 occursurum,
712 2396 789 2460 hinc
828 2396 860 2460 in
901 2381 1018 2461 ceteris
1053 2395 1202 2461 omnibus
1237 2395 1291 2478 (ab

139 2507 238 2571 unius
261 2503 403 2567 hominis
426 2504 642 2587 correctione)
666 2512 796 2583 natum,
824 2509 863 2568 ut
884 2504 996 2586 aliqua
1019 2511 1105 2569 esset
1128 2513 1294 2571 structura

140 2620 173 2680 et
213 2612 394 2678 sententia:
436 2631 591 2695 semper
624 2634 903 2692 occursurum,
938 2613 1025 2695 quod
1054 2635 1167 2678 ornnes
1196 2612 1293 2678 hodie

140 2742 274 2806 quoque
308 2727 435 2797 tenent,
468 2720 663 2804 pravissimo
698 2719 869 2800 adverbio,
903 2723 1058 2806 quoniam
1091 2743 1154 2785 non
1190 2722 1229 2785 de
1258 2743 1293 2786 re

138 2851 225 2916 saepe
260 2849 443 2913 semperve‚
479 2828 536 2893 sed
572 2828 687 2905 semel,
722 2850 822 2910 quum
850 2828 1016 2894 Hannibal
1050 2825 1213 2893 tumulum
1242 2851 1292 2895 ce-

139 2941 252 3024 pisset,
279 2936 393 3002 futura
415 2937 533 3019 agitur.
585 2934 626 3018 (A
648 2936 795 3001 Mediceo
820 2957 974 3022 semper
999 2936 1185 3016 „exsulare“
1211 2938 1293 3002 Dra·

138 3045 361 3112 kenborcbius
385 3044 480 3125 dicit;
513 3044 585 3109 fieri
608 3051 729 3129 potest,
758 3052 794 3110 ut
818 3045 973 3112 librarius
997 3046 1143 3110 omiserit
1165 3045 1293 3110 litteras

139 3176 239 3220 sensu
263 3161 431 3233 carentes;
462 3153 518 3217 sed
542 3153 645 3219 multo
670 3153 875 3238 probabilius
899 3159 958 3234 est,
987 3155 1021 3243 in
1045 3175 1092 3231 eo,
1124 3160 1160 3217 ut
1183 3156 1216 3217 in
1238 3175 1293 3236 ge-

137 3263 237 3329 mello
268 3259 308 3343 0,
344 3263 501 3345 scriptum
535 3260 635 3326 fuisse
672 3262 768 3345 per.)
823 3262 930 3347 Atque
965 3262 1018 3327 hic
1047 3284 1137 3327 error
1165 3262 1293 3345 longius

140 3392 274 3456 serpere
303 3377 397 3435 extra
424 3369 449 3432 P
472 3372 597 3453 coepit;
631 3376 746 3436 contra
773 3373 807 3434 in
835 3370 921 3437 libro
944 3369 1037 3450 XXI,
1072 3374 1130 3449 46,
1164 3376 1181 3432 6
1212 3370 1293 3434 inP

139 3480 368 3564 primamanu
392 3479 639 3562 scriptumest:
672 3479 749 3543 iam
777 3500 919 3561 magna
948 3500 992 3544 ex
1020 3487 1138 3562 parte
1169 3479 1292 3545 addes

139 3609 275 3673 pugna
298 3589 435 3653 iuerat
458 3586 589 3668 (Alsch,
611 3609 745 3672 pugna
767 3589 901 3652 uierat
923 3586 1048 3669 Gron.)‚
1071 3609 1136 3651 una
1159 3588 1293 3671 syllaba,

139 3703 176 3760 ut
210 3716 298 3779 saepe
333 3697 367 3759 in
400 3695 463 3760 hoc
496 3696 624 3774 codice,
660 3696 797 3772 omissa,
831 3715 930 3777 quam
965 3695 1121 3761 Gronovii
1155 3718 1293 3761 acumen

137 3805 279 3870 retraxit
307 3802 370 3884 (ad
398 3803 521 3887 pedes
549 3824 683 3888 pugna
710 3804 843 3868 iverat
866 3810 925 3868 aut
946 3803 1144 3886 venerat);
1179 3805 1293 3868 sedin

137 3914 211 3997 ipso
258 3910 371 3978 codice
412 3911 518 3977 altera
557 3933 673 3977 manus
712 3911 875 3977 infelicem
916 3913 1138 3978 coniecturam
1179 3919 1293 3976 secuta

137 4019 262 4086 effecit:
298 4040 449 4105 anceps
482 4042 617 4105 pugna
649 4021 792 4085 iverat.
848 4021 933 4085 Hinc
965 4023 1000 4085 in
1033 4021 1151 4085 ceteris
1180 4020 1293 4101 (etiam

136 4128 228 4212 MC),
268 4129 383 4193 addita
421 4130 590 4193 sententiae
629 4150 731 4193 causa
770 4128 875 4194 altera
915 4131 1119 4207 coniectura,
1159 4133 1288 4192 natum:
1308 4146 1377 4214 (201)

137 4258 288 4321 anceps
317 4257 452 4321 pugna
480 4243 579 4302 erat.
630 4236 717 4301 Alibi
747 4242 857 4301 autem
884 4238 919 4301 in
947 4237 1134 4301 recentibus
1165 4236 1294 4299 demum

136 4345 307 4412 codicibus
340 4345 577 4411 emendationis
611 4351 748 4410 conatus
782 4350 929 4430 apparet.
986 4343 1080 4420 Quod
1113 4349 1223 4408 autem
1256 4348 1290 4408 ct
1307 4350 1377 4417 (204)

1013 4461 1061 4515 16*

1235 4714 1395 4792 Α
