2994 5108
649 480 711 544 635
1090 496 1153 551 Lib.
1170 496 1254 551 XLII.

117 685 191 730 um:
215 674 374 730 ceteras
404 667 507 731 satis
536 664 658 745 fidas,
692 666 870 733 Rhodios
892 665 1155 734 fluctuantes.
1201 668 1250 734 Ex
1268 687 1339 756 (523)

117 772 283 838 ‚thodios
306 773 429 838 factum
454 773 634 855 socios.²)
1160 827 1162 831 .

192 881 269 966 Cap.
294 887 343 962 28,
367 887 400 947 8:
424 882 569 948 Eodem
593 883 656 947 die
675 881 859 947 decrevit
876 891 1052 964 senatus,
1071 883 1104 949 Ο.
1123 884 1255 969 Popil-

120 991 183 1055 iua
206 1011 280 1055 cos.
305 991 421 1055 ludos
444 1012 514 1074 per
536 990 621 1055 dies
643 990 673 1054 X
695 990 778 1056 Iovi
807 991 843 1057 Ο.
867 992 909 1056 Μ.
933 1000 1099 1058 voveret
1128 992 1254 1058 dona·

117 1121 179 1181 [ue
203 1102 311 1164 circa
343 1101 474 1163 omnia
495 1099 732 1183 pulvinaria
754 1099 857 1177 dari,
889 1102 922 1166 si
945 1122 1008 1166 res
1036 1101 1204 1185 publica
1225 1100 1255 1165 X

117 1229 229 1272 mnus
252 1209 290 1271 in
314 1207 450 1272 eodem
475 1215 590 1273 statu
613 1207 774 1273 fuisset.
819 1208 895 1287 Ita,
923 1218 965 1273 ut
993 1215 1254 1288 censuerant,

122 1337 144 1379 u
168 1314 375 1400 Capitolio
409 1317 520 1380 vovit
548 1316 689 1380 consul
722 1316 840 1382 ludos
873 1316 973 1382 fieri
1004 1318 1255 1400 donariaque

117 1425 203 1503 lari,
226 1433 382 1509 quanta
400 1445 443 1488 ex
466 1425 639 1507 pecunia
662 1424 873 1489 decresset
891 1434 1067 1504 senatus,
1087 1432 1148 1491 cet.
1172 1424 1256 1489 Mira

117 1556 137 1598 n
162 1535 271 1618 priore
294 1533 457 1597 sententia
479 1532 685 1613 inaequalitas
708 1539 773 1596 est:
796 1532 915 1597 ludos
934 1527 978 1577 -’
1004 1539 1170 1600 voveret
1193 1533 1255 1598 do·

117 1662 236 1724 taque
260 1641 356 1716 dari,
379 1642 497 1705 omisso
521 1639 611 1723 apud
632 1640 773 1705 alterum
795 1662 929 1720 nomen,
959 1641 1073 1706 addito
1094 1641 1186 1738 apud
1209 1640 1255 1706 al·

117 1771 212 1815 ‚erum
234 1749 350 1826 verb03
383 1750 416 1812 in
439 1747 544 1813 altera
567 1748 653 1812 enim
681 1750 828 1813 sentenia
856 1749 899 1813 ad
927 1757 1099 1831 utrumque
1123 1749 1256 1814 additur

117 1857 240 1940 ludos
273 1857 367 1921 fieri
401 1857 653 1939 denarioque
683 1855 795 1936 dari).
840 1856 877 1921 In
901 1857 1013 1922 codice
1043 1864 1106 1922 est:
1132 1857 1254 1922 dona·

117 1988 180 2051 pne
215 1967 326 2030 circa
359 1967 495 2030 omnia
517 1962 750 2047 pulvinaria
780 1964 868 2028 dari
890 1987 915 2029 r.
939 1989 970 2049 p.
994 1965 1024 2029 X
1047 1986 1170 2031 annos
1193 1973 1254 2030 cet.

117 2074 242 2156 {omisso
266 2073 324 2154 si).
370 2072 597 2138 Scribendum:
632 2072 871 2156 pulvinaria,
905 2073 956 2152 si;
988 2095 1063 2137 nam
1097 2073 1187 2138 dari
1216 2095 1256 2137 ex

117 2184 166 2248 tsi
189 2189 296 2248 ortum
318 2191 377 2246 est.
411 2181 508 2245 Aliud
531 2182 565 2245 in
588 2180 694 2245 altera
717 2183 880 2246 sententia
903 2181 1055 2246 mendum
1078 2189 1137 2246 est.
1171 2181 1256 2246 Nam
1299 2249 1301 2253 ,

117 2291 210 2357 lona
242 2290 292 2355 dis
314 2298 472 2354 vorentur
494 2296 528 2353 et
551 2289 681 2367 dantur,
704 2310 770 2354 nou
804 2288 991 2368 donaria,
1026 2289 1113 2373 quod
1136 2310 1255 2354 nomen

117 2407 140 2465 rt
161 2400 235 2484 ipsa
267 2398 372 2463 forma
395 2397 465 2479 (Gr.
491 2397 562 2467 Lat.
592 2395 608 2479 ᾗ
633 2401 703 2476 180,
728 2396 759 2478 3)
795 2406 827 2461 et
856 2399 1035 2463 auctoritas
1064 2397 1200 2481 Vergilii
1223 2405 1255 2464 et

117 2510 228 2573 lucani
253 2507 397 2582 deloco,
420 2506 476 2570 ubi
500 2505 586 2570 dona
608 2514 812 2589 reponantur
835 2505 1030 2587 (thesauro),
1060 2507 1123 2571 dici
1146 2514 1254 2571 osten·

117 2617 201 2695 lunt;
229 2637 305 2680 nam
328 2614 416 2697 apud
439 2614 588 2678 Tacitum
612 2615 693 2678 Ann.
712 2612 736 2693 I,
759 2620 800 2677 44
823 2615 889 2678 iam
911 2613 1038 2697 pridem
1055 2615 1256 2680 intellectum

117 2732 169 2804 nst,
193 2723 366 2788 donaria
393 2722 598 2786 militaria
626 2742 685 2804 pro
709 2721 801 2786 donis
826 2722 1036 2801 militaribus,
1071 2744 1144 2806 qua
1178 2745 1254 2788 con-

117 2833 205 2897 ,tanti
229 2841 262 2896 et
284 2832 429 2913 legitimo
452 2832 582 2895 nomine
607 2829 874 2913 appellabantur,
905 2839 977 2895 orta
1000 2853 1069 2895 esse
1092 2839 1256 2896 rectracta

117 2964 143 3004 ur
171 2940 333 3005 adiectivc
358 2940 597 3003 terminatione.
643 2937 752 3002 Livius
776 2938 923 3020 quidem,
949 2939 1006 3022 qui
1039 2940 1145 3003 tribus
1178 2948 1255 3003 ante

117 3048 253 3114 'ersibus
275 3054 366 3112 recto
380 3054 414 3111 et
424 3048 545 3110 usitato
562 3048 693 3110 nomine
710 3067 787 3110 usus
805 3056 890 3111 esset
908 3044 1039 3127 (ludos
1062 3083 1104 3091 —
1127 3046 1254 3127 dona),

116 3178 169 3222 ιοιι
192 3163 332 3240 poterat,
356 3177 457 3239 quum
480 3155 617 3218 eandem
639 3175 706 3219 rem
730 3156 849 3218 iterum
872 3154 1072 3237 significaret
1095 3156 1180 3235 (ita,
1210 3163 1255 3220 nt

117 3270 362 3343 tensuerant,
385 3262 528 3343 ludos),
552 3284 612 3346 pro
635 3263 740 3328 altero
764 3265 894 3328 nomine
917 3284 1035 3328 novum
1059 3269 1092 3328 et
1113 3264 1250 3327 inusita·
1270 3276 1339 3342 (524)

117 3394 174 3438 um
197 3373 404 3438 substituere.
449 3371 487 3436 ln
510 3371 620 3435 codice
645 3378 695 3435 est
718 3371 941 3455 donarique
965 3371 1061 3436 dari.
1096 3374 1253 3455 Apparet,

117 3503 206 3565 [num
229 3483 387 3564 scriptum
410 3487 499 3545 esset
521 3480 720 3561 donaque,
754 3480 840 3543 inter
869 3477 966 3545 fieri
989 3491 1022 3545 et
1045 3471 1140 3544 dari
1159 3479 1253 3545 effec-

117 3611 177 3654 um
199 3610 272 3654 esse
294 3590 430 3654 tertium
452 3588 657 3653 infinitivum.

192 3694 271 3781 Cap.
295 3701 345 3774 29,
371 3701 398 3776 3,
422 3696 479 3761 ubi
502 3696 542 3760 de
565 3696 689 3760 Prusiae
713 3695 856 3761 consiliis
886 3698 1011 3779 agitur,
1042 3697 1151 3762 editur
1178 3697 1254 3762 iude

117 3827 127 3871 ι
157 3804 312 3890 Grynaec:
349 3811 559 3870 statuerat
592 3804 805 3869 abstinere
840 3806 964 3869 armis
988 3814 1255 3889 eventumque

135 4009 155 4074 ¹)
173 4006 201 4077 [ἐ
220 4011 236 4064 9
255 4008 352 4063 eadem
370 4008 478 4062 lacuna
497 4009 661 4077 supplenda
679 4008 781 4070 forma,
801 4025 863 4076 quae
881 4007 1020 4062 Vahlenio
1043 4009 1161 4077 placuit,
1185 4009 1255 4063 mihi

177 4096 252 4161 1863,
270 4113 355 4164 quum
374 4095 498 4148 codicem
517 4093 681 4161 conferrem,
699 4096 729 4149 in
747 4103 870 4149 mentem
887 4093 982 4163 venit]
1012 4094 1076 4164 Cap.
1105 4097 1146 4161 27,
1165 4098 1189 4162 t,
1207 4095 1256 4149 ubi

175 4179 280 4234 editur:
309 4188 341 4235 et
368 4181 482 4234 socios
500 4180 625 4234 Latini
643 4182 795 4235 nominis
813 4181 852 4233 lv
870 4179 1168 4250 milliapeditum,
1190 4179 1255 4234 Gru·

175 4268 275 4320 novius
294 4273 386 4320 autem
405 4267 564 4335 requirebat
582 4268 720 4333 socium,
740 4266 829 4320 codex
848 4267 946 4322 habet:
967 4272 1002 4320 et
1020 4267 1128 4333 accis,
1148 4284 1181 4320 ex
1200 4284 1255 4335 quo

175 4350 223 4405 fit:
242 4358 277 4405 et
295 4368 310 4405 e
328 4353 446 4406 sociis.
