2994 5108
673 456 736 518 433
1114 468 1177 523 Lib.
1195 469 1282 523 XXX.

127 640 221 722 sunt)
250 638 268 723 ξ
297 644 332 705 9:
372 639 484 717 Quod
520 641 649 722 igitur
681 661 753 704 nos
786 640 953 704 maxime
988 640 1281 722 abominamur,

129 770 199 814 vos
222 754 357 831 autem
380 756 474 813 ante
498 750 631 812 omnia
654 749 866 831 optaretis,
895 749 934 812 in
957 748 1121 814 meliore
1144 756 1283 815 vestra

128 857 296 922 fortuna
325 857 371 922 de
398 877 497 941 pace
526 856 671 938 agitur.
724 854 966 920 condicionalis
993 856 1084 922 verbi
1111 858 1227 925 modus
1249 860 1283 923 in

128 966 335 1050 optaretis
363 965 487 1029 nullam
516 963 617 1028 habet
644 964 821 1044 rationem;
856 963 936 1028 nihil
965 966 1052 1029 enim
1081 967 1212 1031 omnino
1241 966 1284 1031 ad

128 1094 198 1139 rem
226 1074 385 1157 pertinet,
420 1072 499 1154 quid
527 1072 592 1136 alio
620 1078 768 1156 tempore
797 1071 927 1155 alioque
956 1094 1065 1138 rerum
1092 1079 1180 1139 statu
1210 1073 1281 1158 (qui
1298 1084 1370 1153 (858)

129 1203 195 1247 non
219 1180 437 1265 significatur)
462 1181 608 1264 optaturi
630 1181 769 1244 Romani
792 1179 931 1260 fuerint,
960 1182 994 1246 id
1018 1203 1120 1246 unum
1143 1182 1284 1247 alicuius

130 1290 288 1355 momenti
323 1296 376 1355 est
409 1290 520 1372 eique,
560 1288 650 1371 quod
692 1288 732 1352 de
764 1288 882 1353 Poenis
918 1291 1117 1354 contrarium
1151 1292 1286 1374 ponitur

131 1397 222 1480 (nos
244 1399 420 1463 maxime
443 1396 765 1476 abominamur),
797 1396 992 1481 respondet,
1022 1397 1094 1463 fieri
1116 1398 1166 1476 id,
1198 1399 1286 1482 quod

131 1511 191 1570 aut
213 1506 352 1571 Romani
382 1527 468 1570 nunc
498 1511 615 1588 optent
644 1510 702 1569 aut
731 1526 859 1587 semper
881 1507 1067 1589 optaverint
1089 1513 1148 1572 aut
1171 1514 1285 1591 optare

132 1634 188 1678 eos
212 1620 380 1698 oporteat,
410 1612 473 1678 boc
495 1621 562 1677 est:
592 1634 663 1677 vos
687 1619 828 1677 autem
850 1619 948 1677 ante
972 1615 1110 1679 omnia
1133 1621 1286 1699 optare

132 1721 313 1787 debetis.
383 1721 420 1785 In
454 1721 613 1805 proximis
655 1722 719 1785 tria
754 1741 774 1783 a
807 1720 1072 1786 Weissenbornio
1114 1729 1191 1805 post
1231 1722 1287 1786 Al·

132 1828 348 1909 schefskium,
380 1829 456 1893 dum
487 1828 654 1893 codicibus
686 1830 914 1913 superstitiose
938 1829 1182 1912 obsequuntur,
1212 1853 1286 1914 gra·

133 1938 218 2002 riter
247 1945 387 2022 peccata
416 1943 509 2016 suut;
551 1938 765 2019 omninoque,
799 1938 827 2000 si
856 1936 1081 2002 Alschefskius
1111 1937 1200 2002 hunc
1229 1941 1287 2003 tri·

133 2045 288 2110 cesimum
326 2045 446 2110 librum
484 2066 549 2108 non
587 2044 761 2121 edidisset,
795 2043 953 2108 nonnulla
984 2046 1287 2110 Weissenbornium

134 2158 320 2236 spreturum
353 2152 455 2218 fuisse
490 2152 604 2230 credo,
638 2174 711 2235 quae
745 2152 786 2216 ab
820 2153 877 2216 illo
907 2153 1039 2218 homine
1070 2174 1087 2217 e
1118 2153 1289 2219 codicibus

134 2267 268 2345 recepta
298 2261 415 2325 eiicere
443 2283 508 2325 non
538 2260 702 2325 sustinuit.
760 2260 843 2323 Nem
866 2261 1007 2343 primum
1031 2259 1062 2343 (ἓ
1088 2260 1140 2343 10)
1164 2261 1286 2325 Hanni·

136 2367 244 2433 belem
265 2368 392 2433 inducit
415 2368 454 2432 de
477 2390 513 2433 se
536 2369 582 2432 sic
604 2367 809 2451 loquentem:
841 2367 956 2444 Quod
980 2368 1029 2432 ad
1052 2390 1110 2433 me
1134 2371 1288 2434 attine-

122 2474 226 2569 abat,
265 2477 345 2541 iam
379 2482 481 2540 aetas
517 2497 654 2541 senem
688 2477 728 2539 in
762 2477 948 2558 patriam
981 2480 1289 2558 revertentem,

135 2583 244 2649 unde
266 2605 372 2668 puer
393 2583 619 2667 profectus
643 2605 745 2662 sum,
776 2584 855 2647 iam
879 2584 1081 2663 secundae,
1113 2585 1193 2649 iam
1216 2585 1289 2649 ad·

137 2712 266 2757 versae
295 2714 362 2757 res
392 2692 454 2756 ita
483 2689 816 2770 fraudaverunt,
848 2698 893 2755 ut
922 2692 1135 2757 rationem
1167 2694 1290 2776 sequi

136 2820 254 2881 quam
277 2799 492 2865 fortunam
516 2800 668 2864 malim.
721 2799 765 2863 Et
788 2801 821 2863 in
845 2799 1074 2878 attinebat,
1104 2800 1192 2881 quod
1215 2811 1290 2884 per·-

137 2909 246 2990 spicue
269 2928 405 2991 pravum
428 2913 479 2971 est
502 2905 575 2990 (pro
599 2906 785 2987 attinet),
809 2906 963 2990 quoniam
986 2906 1019 2971 id
1042 2908 1160 2990 agitur,
1184 2908 1290 2990 qualis

138 3034 223 3079 nunc
244 3014 413 3080 Hannibal
447 3017 489 3079 sit
521 3014 569 3094 (et
598 3017 748 3099 sequitur
778 3012 949 3094 malim),
984 3016 1169 3098 comparari
1199 3016 1291 3081 iubet

138 3120 295 3203 XXVIII,
324 3128 383 3201 44,
418 3128 472 3199 12,
508 3122 565 3186 ubi
596 3130 629 3187 et
658 3123 867 3187 manifestum
892 3128 925 3185 et
946 3122 988 3185 ab
1011 3122 1083 3206 ipso
1108 3125 1291 3207 expositum

136 3237 197 3309 est,
219 3229 469 3314 pertinebat
492 3229 532 3294 de
556 3229 621 3295 alio
644 3237 792 3314 tempore
816 3251 854 3294 ac
876 3229 1066 3294 condicione
1090 3230 1154 3295 dici
1178 3231 1227 3311 (si
1249 3265 1294 3276 -

140 3336 433 3420 perficeretur
462 3373 521 3417 —,
554 3338 837 3421 pertinebat),
879 3345 916 3401 ut
945 3359 985 3401 ne
1015 3338 1131 3402 umbra
1161 3339 1292 3420 quidem

137 3443 362 3509 similitudinis
386 3447 438 3510 sit.
483 3445 509 3508 F
518 3445 810 3510 raudaverunt
833 3453 943 3509 autem
965 3447 1104 3528 primum
1126 3448 1175 3510 ita
1197 3467 1292 3511 enar-

139 3557 207 3631 rat,
238 3553 333 3636 quasi
356 3552 444 3617 idem
466 3554 509 3617 sit
531 3560 632 3634 atque
655 3552 828 3631 fallere,
860 3574 879 3616 a
902 3555 994 3618 cuius
1017 3553 1106 3618 verbi
1130 3554 1293 3637 significa·

138 3659 230 3724 tione
259 3668 349 3724 certo
373 3659 438 3725 fine
460 3660 666 3725 fraudare
690 3662 889 3743 seinngitnr,
920 3682 994 3724 nam
1025 3660 1067 3725 ad
1096 3661 1292 3744 privandum

137 3771 172 3831 et
200 3766 409 3851 speliendum
432 3768 575 3853 aliquem
599 3789 728 3851 semper
750 3769 912 3851 pertinet,
943 3789 1048 3849 noque
1078 3770 1183 3832 minus
1214 3767 1293 3832 ridi-

133 3872 210 3939 cule
232 3872 349 3939 Latine
372 3875 506 3940 fortuna
529 3876 674 3959 aliquem
696 3874 850 3939 fraudare
876 3875 1009 3954 dicitur,
1040 3896 1135 3956 quam
1162 3875 1189 3939 si
1212 3875 1293 3940 Ger-

139 3982 265 4046 manice
303 3982 395 4048 dicas
432 3982 755 4063 berortheilen3
794 3982 911 4047 deinde
949 4004 1014 4046 non
1051 3982 1293 4063 animadvertit,

132 4085 274 4153 fallendi
303 4091 472 4156 notionem
507 4112 641 4174 prorsus
671 4113 738 4155 non
769 4112 866 4174 posse
891 4089 988 4155 simul
1011 4088 1053 4152 ad
1077 4090 1238 4154 secundas
1261 4096 1295 4154 et

123 4194 182 4261 ad
202 4196 360 4263 adversas
381 4220 435 4264 res
458 4198 709 4278 accommodari,
733 4198 852 4264 nedum
869 4197 912 4262 ad
931 4201 1061 4261 aetatem
1078 4196 1171 4278 (iam
1194 4204 1293 4262 aetas

122 4332 179 4349 -
200 4305 283 4369 iam
305 4326 393 4387 sec,
414 4307 496 4371 iam
518 4307 605 4371 adv.
628 4327 704 4386 res,
728 4328 800 4390 quae
823 4304 994 4389 particulae
1016 4305 1172 4389 repetitio
1195 4307 1297 4370 etiam

1031 4423 1066 4476 28
