2994 5108
219 472 280 527 Lib.
299 471 385 526 XXX
765 460 828 521 428

221 645 407 728 scripsisse:
447 642 624 708 lacerati
663 643 825 708 tandem
865 664 999 708 omnes
1037 650 1199 727 pontes.
1264 642 1378 709 Medio

222 755 329 837 capite
358 751 389 836 (ἓ
415 750 467 833 15)
495 771 631 835 pravam
653 751 866 834 scripturam:
896 750 1043 816 deinde
1073 756 1112 816 11
1139 772 1377 835 propugna-

220 861 383 926 toribus
423 880 582 944 quoque
616 858 902 923 Weissenbornius
940 860 1082 942 primum
1115 859 1207 924 inani
1241 859 1378 925 distine-

219 971 309 1034 tione
341 969 428 1034 tueri
462 974 614 1046 conatur,
654 967 750 1050 quasi
788 967 856 1030 alia
896 969 939 1032 sit
972 967 1211 1032 contrariorum
1244 966 1378 1048 relatio,

221 1097 320 1160 quam
348 1097 420 1158 quae
448 1076 481 1139 in
511 1095 576 1139 uno
598 1082 882 1158 propugnatorum
903 1076 1034 1140 nomine
1057 1082 1190 1140 notetur
1211 1077 1380 1160 particula

134 1203 205 1272 (349)
224 1206 397 1268 quoque,
431 1183 548 1247 deinde
577 1183 726 1273 exemplo
750 1184 968 1247 incertissimo
990 1183 1041 1247 vel
1062 1183 1173 1266 potius
1196 1185 1379 1252 certissime

222 1299 395 1376 corrupto,
424 1290 482 1356 lib.
506 1290 595 1370 XLI,
624 1295 680 1370 24,
711 1295 759 1355 16.
815 1290 888 1355 Hoc
914 1290 988 1356 loco
1017 1298 1056 1355 et
1078 1313 1117 1355 ex
1138 1291 1338 1374 praecedenti
1360 1312 1379 1357 c

221 1409 329 1466 ortum
363 1396 459 1479 est.¹)
516 1396 547 1481 [ἓ
580 1403 619 1462 18
648 1397 756 1463 editur
786 1397 960 1479 (videres
987 1397 1044 1480 -)
1078 1400 1223 1464 seriem
1255 1400 1380 1466 aliam

220 1510 340 1575 simul
377 1508 558 1592 plurium
597 1506 757 1571 navium
796 1506 918 1571 trahi.
980 1505 1095 1588 Neque
1131 1508 1270 1587 aliam,
1311 1529 1378 1592 quo

210 1618 399 1694 referatur,
439 1615 540 1680 habet
580 1620 615 1679 et
653 1614 835 1698 asyndeton
875 1615 1103 1698 pravissimum
1138 1621 1202 1680 est:
1242 1615 1378 1681 scindi

220 1725 392 1803 vincula,
416 1724 566 1787 seriem
588 1721 708 1787 aliam
732 1722 854 1786 trahi.
894 1721 996 1787 Recte
1019 1721 1207 1804 Ussingius:
1231 1725 1379 1790 seriem

220 1835 344 1899 etiam
366 1831 484 1896 simul
507 1830 683 1914 plurium
705 1830 865 1894 navium
888 1830 1010 1895 trahi.
1063 1827 1079 1912 ἓ
1103 1833 1144 1893 20
1167 1830 1379 1898 vehementer

220 1942 427 2006 desideratur
456 1938 590 2003 verbum
618 1944 695 2022 post
717 1938 869 2002 11111111
890 1937 1143 2021 videndumque,
1166 1958 1208 2002 ne
1231 1939 1378 2004 scriben-

221 2049 298 2113 dum
322 2049 380 2112 sit:
403 2047 556 2111 laetitia
578 2045 664 2122 1111,
689 2053 728 2110 11
751 2045 825 2129 (pro
850 2045 931 2128 sed)
956 2067 1000 2110 ec
1024 2047 1151 2110 maior
1172 2081 1225 2111 -.
1269 2045 1377 2130 leta]

307 2154 385 2239 Cap.
408 2159 456 2234 12,
481 2159 496 2216 1
522 2176 592 2237 sqq.
611 2154 712 2237 paulo
735 2153 834 2236 plura
856 2153 1076 2218 describenda
1097 2160 1181 2233 sunt,
1204 2161 1243 2218 ut
1259 2156 1377 2221 vitium

221 2269 398 2349 appareat:
432 2262 493 2327 Ibi
517 2261 692 2345 Syphax,
723 2261 813 2326 dum
840 2261 1057 2344 obequitat
1085 2261 1265 2327 hostium
1294 2271 1379 2328 tur·

219 2372 292 2436 mis
313 2407 370 2450 —,
399 2390 500 2454 equo
530 2370 713 2452 graviter
740 2371 823 2434 icto
852 2369 1009 2434 1111111
1038 2370 1291 2453 opprimitur
1312 2391 1379 2437 ca·

219 2482 411 2564 piturque
446 2482 485 2541 et
518 2479 644 2556 vivus,
678 2477 811 2541 laetum
844 2485 938 2542 ante
973 2498 1110 2541 omues
1144 2475 1377 2545 Masinissa

219 2585 471 2670 praebiturus
502 2585 797 2668 spectaculum,
831 2585 880 2650 ad
908 2584 1072 2649 Laelium
1100 2585 1376 2668 pertrahitur.

219 2691 334 2758 Oirta
364 2698 487 2775 caput
508 2694 624 2774 regni
648 2692 846 2776 Syphacis
870 2700 974 2769 erat,
1005 2713 1130 2774 eoque
1161 2714 1203 2758 se
1232 2694 1376 2777 ingens

218 2801 420 2867 hominum
443 2801 627 2864 contulit
649 2802 720 2865 vis.
773 2799 909 2866 Caedes
933 2802 970 2864 in
995 2821 1039 2865 eo
1063 2801 1223 2883 proelio
1247 2804 1378 2867 minor

219 2932 335 2992 quam
374 2909 551 2973 victoria
592 2907 682 2987 fuit,
730 2910 823 2990 quia
868 2909 1051 2990 equestri
1097 2909 1378 2975 tantummodo

219 3018 378 3101 proelio
402 3023 600 3081 certatum
623 3016 768 3081 fuerat.
816 3016 901 3081 Non
925 3016 1014 3100 plus
1032 3016 1060 3079 V
1078 3016 1208 3081 millia
1231 3019 1378 3096 occisa,

219 3127 348 3189 minus
372 3125 581 3189 dimidium
605 3126 690 3189 eius
713 3124 918 3188 hominum
941 3131 1103 3206 captum
1127 3130 1199 3203 est,
1222 3124 1378 3208 impetu

218 3236 258 3297 in
287 3233 578 3310 11111111111,
614 3253 689 3313 quo
717 3232 909 3314 perculsa
938 3253 1030 3313 rege
1054 3233 1203 3296 amisso
1231 3232 1379 3297 multi·

219 3341 316 3405 tudo
358 3362 397 3404 se
439 3340 682 3404 contulerat.
744 3340 965 3404 Masinissa
1004 3340 1084 3404 sibi
1119 3339 1284 3420 quidem
1319 3341 1379 3406 di·

219 3469 308 3512 cere
339 3454 400 3511 111.
457 3447 628 3529 (Sequitur
664 3448 835 3512 consilium
863 3447 963 3511 Laelio
992 3468 1012 3510 a
1040 3448 1218 3512 Masinissa
1249 3447 1378 3527 datum,

218 3562 255 3621 ut
283 3577 317 3619 se
346 3576 419 3618 oum
451 3553 599 3637 Syphace
628 3554 752 3619 Cirtam
787 3557 982 3637 praemittat,
1018 3555 1135 3618 deindc
1169 3553 1303 3639 reliqua
1338 3556 1379 3622 de

219 3669 319 3745 capta
351 3663 432 3727 urbe
467 3669 499 3726 11
532 3662 647 3744 regia.)
709 3663 771 3740 Qui
810 3662 879 3727 haec
912 3668 1039 3727 1111111
1072 3663 1204 3745 legerit,
1246 3665 1380 3744 sentiet,

248 3898 270 3966 ¹)
291 3897 346 3966 [Ad
364 3898 418 3953 hoc
438 3905 472 3954 11
490 3900 599 3967 (etiam)
619 3917 757 3967 quoque
777 3899 982 3953 defendendum
1000 3900 1127 3952 Haudius
1146 3898 1269 3953 Turul]
1288 3919 1316 3970 p.
1328 3904 1380 3957 528

288 4003 374 4038 unum
394 3983 538 4038 Ciceronis
557 3986 650 4038 locum
669 3987 785 4051 excitat,
809 4003 894 4038 unum
914 3985 1159 4054 corruptissimum
1176 3984 1266 4052 Livii,
1290 4004 1380 4040 unum

287 4069 387 4122 Velleii
412 4069 493 4123 aliter
510 4072 540 4123 in
559 4070 600 4124 od.
620 4069 710 4138 prima
729 4071 877 4138 scriptum,
904 4089 991 4123 unum
1010 4069 1187 4135 Columellae3
1217 4087 1287 4124 nam
1310 4087 1379 4125 con·

287 4154 381 4208 fictam
400 4173 416 4207 a
434 4154 547 4208 falsario
567 4154 715 4224 epistulam
733 4155 798 4208 XVI
816 4157 891 4209 inter
908 4153 1059 4209 Ovidianas
1077 4155 1227 4209 heroidum
1247 4173 1307 4210 1111
1326 4175 1379 4212 nu·

287 4257 373 4292 mero.
419 4239 661 4295 Weissenbornius
685 4248 791 4309 praeter
812 4240 918 4307 XXVI,
941 4244 987 4307 38,
1011 4242 1039 4306 7,
1064 4241 1098 4295 de
1123 4257 1179 4308 quo
1202 4258 1292 4310 supra
1310 4241 1380 4310 dixi,

288 4324 357 4377 duos
376 4325 445 4378 11111
465 4326 600 4395 adiungit,
620 4328 648 4380 in
667 4327 769 4394 quihus
789 4332 821 4380 st
840 4326 1015 4395 apertissime
1032 4342 1083 4395 pro
1102 4325 1204 4395 copula
1220 4326 1362 4397 ponitur]
