2994 5108
693 479 753 540 535
1076 490 1137 544 Lib.
1156 490 1296 544 XXXVII.

144 663 268 728 omisso
292 663 422 728 nomine
445 662 623 745 significari
645 685 709 727 non
733 664 855 746 potuit,
878 665 932 744 qui
956 664 989 727 in
1011 669 1083 728 toto
1106 662 1167 727 hoc
1190 665 1298 744 capite

143 777 420 835 commemoratus
454 770 694 853 significatusve
727 792 792 834 non
827 778 924 835 esset.
971 770 1035 835 Sed
1064 771 1183 834 iniuria
1206 777 1296 833 totus

144 877 236 953 locus
261 877 307 958 (in
331 898 396 958 quo
414 877 502 961 quod
520 884 592 941 erat
604 877 756 942 mendum
775 878 916 956 difficile,
937 878 1107 942 Rubenius
1125 879 1297 960 sagacissi-

145 1005 199 1049 ma
210 986 400 1050 coniectura
419 985 564 1055 sustulit,
581 1006 658 1068 pro:
676 991 918 1050 averterunt
936 985 1082 1049 famam
1096 987 1299 1050 restitutoza
1342 1065 1347 1076 .

144 1100 282 1157 vetere
303 1092 421 1174 fama)
444 1092 711 1157 Weissenbornio
735 1092 855 1158 dubius
878 1095 967 1157 visus
991 1101 1054 1170 est,
1085 1092 1175 1175 quod
1197 1094 1231 1157 in
1253 1092 1296 1170 M,

142 1201 310 1283 geminata
331 1201 437 1283 prima
460 1200 572 1263 littera
594 1200 685 1263 verbi
709 1208 888 1265 metuere
912 1208 945 1264 et
967 1202 1006 1263 in
1024 1208 1159 1283 propter
1178 1221 1297 1282 praece·

143 1307 225 1371 dens
243 1327 272 1368 ι
289 1309 419 1384 omisso,
444 1308 604 1390 scripturn
622 1315 710 1372 erat:
734 1310 881 1372 victam
898 1307 1087 1372 AEtoliam
1106 1315 1296 1372 metuere.

230 1413 310 1498 Cap.
334 1419 383 1493 56,
407 1419 426 1477 2
450 1436 505 1487 ea,
529 1435 602 1498 quae
631 1425 763 1479 senatus
787 1417 955 1480 Romanus
978 1425 1057 1501 post
1086 1416 1208 1480 bellum
1231 1416 1296 1478 An·

141 1522 246 1589 tiochi
258 1522 396 1586 Eumeni
414 1522 485 1585 dari
504 1523 609 1600 iussit,
629 1524 674 1586 sic
687 1531 935 1588 enumerantur:
961 1525 1203 1607 Lycaoniam
1216 1544 1295 1586 orn-

91 1624 105 1637 ’
142 1651 228 1695 nem
274 1636 312 1694 et
355 1629 566 1712 Phrygiam
601 1637 810 1711 utramque
855 1637 894 1695 et
939 1631 1120 1714 Mysiam,
1160 1632 1294 1711 regia-s

140 1738 268 1802 silvas
302 1745 342 1802 et
374 1737 508 1820 Lydiae
541 1737 746 1818 Ioniaeque
782 1744 899 1802 extra
933 1760 978 1803 ea
1012 1739 1176 1822 oppida,
1211 1758 1293 1819 quae

140 1844 276 1909 libera
297 1843 486 1923 fuissent,
510 1866 587 1927 quo
611 1844 672 1908 die
696 1866 779 1910 cum
802 1867 895 1928 rege
917 1846 1115 1911 Antiocho
1138 1866 1293 1928 pugna-

141 1959 224 2017 tum
247 1960 325 2025 cst,
349 1959 389 2017 et
412 1953 649 2017 nominatim
673 1953 918 2034 Magnesiam
947 1954 994 2016 ad
1025 1953 1206 2037 Sipylum
1229 1963 1288 2018 cet.
1309 1953 1379 2025 (43³)

140 2059 179 2124 In
201 2060 253 2124 his
272 2060 344 2124 duae
368 2067 445 2124 sunt
467 2060 576 2123 mendi
599 2062 800 2142 suspiciones
823 2081 1007 2143 pergraves,
1031 2061 1138 2126 altera
1160 2063 1224 2126 ianr
1249 2061 1290 2125 ab

139 2168 223 2247 aliis,
248 2168 353 2233 altera
382 2189 403 2232 a
425 2168 594 2231 nullodum
618 2178 716 2233 mota.
762 2168 846 2232 Nam
880 2172 1050 2250 genetivus
1080 2169 1135 2233 ille
1158 2170 1290 2252 Lydiae

140 2274 360 2359 Ioniaeque,
395 2277 451 2357 qui
480 2275 621 2357 pendere
652 2276 749 2339 debet
784 2297 823 2340 ex
853 2279 984 2341 notione
1007 2278 1134 2342 inclusa
1168 2278 1201 2340 in
1224 2276 1288 2340 his:

140 2390 256 2448 extra
279 2404 325 2448 ea
348 2385 498 2467 oppida
523 2383 667 2465 (Lydiae
690 2383 894 2466 Ioniaeque
917 2384 1080 2466 reliqua
1103 2391 1223 2448 extra
1247 2405 1291 2448 ea

139 2490 253 2573 opu),
281 2492 347 2554 iam
370 2490 537 2554 Dukerum
571 2497 605 2554 et·
633 2489 817 2554 Creverium
852 2492 1010 2570 advertit3
1043 2492 1122 2556 mihi
1157 2494 1289 2573 quidem

138 2597 199 2663 hoc
220 2597 377 2681 loquendi
389 2619 490 2680 genus
509 2599 556 2662 ita
573 2598 702 2662 ridetur
719 2599 922 2675 incredibile,
947 2607 985 2663 ut
1001 2601 1289 2682 transpositionem

136 2704 259 2770 factam
281 2712 395 2789 putam
417 2705 706 2788 scribendumque:
739 2706 872 2789 Lydiae
901 2707 1105 2788 Ioniaeque
1140 2707 1290 2789 oppida

136 2819 252 2877 extra
274 2834 334 2891 ea,
358 2834 440 2897 quae
464 2819 525 2877 cet.
550 2810 617 2893 [Sic
640 2811 843 2895 Rupertius]
867 2813 994 2879 Gentius
1017 2821 1126 2878 tamen
1150 2814 1289 2878 alterum

136 2920 289 2985 mondum
302 2942 373 2985 esse
386 2920 483 2985 credo
495 2921 527 2982 in
540 2919 619 2983 illis:
639 2920 1287 3003 Mysiam,regiassilvas,inquibus

135 3029 276 3111 primum
289 3035 479 3110 suspectum
493 3034 556 3106 est,
570 3027 659 3109 quod
679 3027 793 3110 Mysia,
807 3029 898 3092 nullo
912 3028 1025 3093 addito
1045 3028 1118 3106 fine,
1132 3035 1204 3092 tota
1223 3029 1288 3092 Eu·

135 3136 220 3200 meni
239 3135 441 3212 datu1·;nam
458 3156 498 3199 ex
510 3135 614 3199 altero
628 3134 709 3197 Livii
722 3135 794 3199 loco
808 3135 848 3199 de
861 3143 959 3200 aucto
972 3136 1128 3200 Eumenis
1141 3156 1241 3216 regno
1254 3137 1287 3199 in

134 3242 218 3308 libro
237 3242 418 3319 XXXVIII,
443 3247 492 3317 39,
517 3248 553 3305 15
573 3249 663 3306 etex
681 3242 816 3325 Polylrii,
836 3264 931 3326 quem
954 3244 1001 3307 ibi
1020 3244 1130 3307 Livius
1153 3251 1287 3308 secutus

134 3356 199 3429 est,
221 3350 306 3415 libro
326 3350 428 3429 XXII,
448 3355 499 3427 27,
516 3353 562 3427 10,
586 3370 785 3431 quamquam
808 3372 872 3415 non
891 3350 1005 3415 eodem
1025 3351 1121 3415 modo
1139 3351 1288 3416 scribunt

132 3457 218 3545 lille:
253 3457 438 3542 Mysiam,
473 3477 592 3538 quarn
625 3457 795 3522 Prusias
837 3478 906 3521 rex
946 3458 1177 3536 ademerat,
1218 3459 1284 3523 hic:

135 3574 263 3638 Μυσούς,
305 3574 350 3636 οὓς
386 3573 518 3645 πρότερον
559 3571 639 3634 αὐτὸς
672 3572 913 3645 παρεσκευάσατο,
954 3565 993 3631 de
1027 3566 1203 3647 Eumene),
1237 3574 1287 3631 ta·

138 3694 211 3737 man
230 3673 379 3754 intellegi
389 3674 527 3751 videtur,
550 3678 681 3737 tantum
706 3679 833 3755 partem
856 3673 1001 3756 aliquam
1017 3673 1130 3756 Mysiae
1148 3673 1286 3738 Eumeni

133 3779 261 3859 datam,
285 3781 344 3845 sed
363 3781 426 3846 hoc
437 3780 523 3859 leve3
547 3801 587 3843 ne
604 3779 687 3843 illud
700 3779 832 3862 quidem
845 3782 954 3862 magni
966 3802 1025 3864 per
1038 3802 1073 3845 se
1086 3783 1240 3846 momenti
1254 3789 1286 3845 et

134 3892 243 3952 umen
256 3889 472 3970 suspiciosum
484 3894 544 3959 est,
558 3887 646 3967 quod
658 3887 745 3950 inter
762 3895 872 3951 cetera
892 3887 1048 3971 copulata
1059 3888 1122 3952 hoc
1135 3894 1285 3959 ἀσυνδέτως

132 3994 354 4079 interponitur
377 3996 436 4076 (et
457 3995 638 4078 Mysiam,
662 3995 799 4075 regias
824 3994 949 4059 silvas
979 4002 1019 4059 et
1040 3995 1172 4078 Lydiae
1196 3997 1284 4076 cet).

135 4098 196 4168 Sed
219 4124 368 4187 quaenam
392 4110 468 4167 sunt
490 4102 555 4166 illae
577 4103 700 4184 regiae
731 4102 855 4180 silvae,
880 4123 951 4183 quae
981 4103 1050 4165 sine
1074 4102 1142 4167 ulla
1164 4102 1228 4166 loci
1252 4110 1285 4166 et

135 4210 273 4292 regionis
287 4209 524 4292 significatione
542 4210 628 4273 int-er
645 4210 887 4291 provinciarum
905 4217 1132 4289 terrarumque
1151 4209 1284 4272 nomina

132 4315 379 4417 interficiuntur,
393 4326 559 4398 tamquam
572 4316 641 4380 haec
653 4317 727 4400 ipsa
739 4317 852 4398 aliqua
863 4322 953 4381 terra
966 4316 1032 4379 sit?
1046 4314 1139 4392 Quod
1151 4314 1284 4379 illarum
