2994 5108
222 498 284 553 Lib.
303 497 413 552 xm.
769 485 831 547 510

223 675 366 752 gueret
394 689 527 734 coram
557 676 634 747 unt,
671 667 705 733 si
733 688 762 749 q.
786 690 814 730 v.
839 689 884 747 a,
918 669 1032 750 argui
1061 675 1211 752 posset.
1268 668 1376 750 Atque

223 776 308 841 idem
336 776 433 841 video
462 776 627 859 placuisse
658 774 825 853 creveno,
860 777 924 840 nisi
960 776 1048 859 quod
1083 776 1123 841 de
1157 796 1204 841 ne
1238 775 1375 840 restitu-

223 883 307 947 endo
330 903 395 947 nou
419 883 584 965 cogitavit.
636 881 735 965 Origo
765 884 885 967 prioris
914 882 1032 947 mendi
1050 889 1129 948 nata
1160 889 1211 949 est
1240 904 1281 947 ex
1304 902 1377 947 nea

221 1012 281 1074 pro
310 1012 358 1055 ue
388 1011 433 1055 ea
461 992 599 1073 scripto,
636 990 753 1055 deinde
781 1009 800 1052 n
829 992 964 1069 omisso,
1000 989 1136 1055 alterius
1165 1011 1205 1054 ex
1235 996 1273 1054 et
1301 995 1377 1073 post

223 1099 382 1163 diceret
404 1098 572 1177 omisso.¹)
1146 1081 1150 1088 ¹

308 1204 386 1289 Cap.
414 1209 466 1284 12,
495 1209 514 1269 8
542 1204 613 1286 (ubi
636 1206 845 1271 Damocritus
868 1205 1001 1271 AEtolus
1023 1204 1145 1269 Nabidi
1169 1204 1305 1283 suadet,
1338 1210 1375 1268 ut

221 1314 402 1378 maritimas
419 1312 675 1377 Lacedaemonia
699 1312 847 1378 civitates
871 1311 958 1377 bello
979 1311 1181 1395 recuperet):
1198 1310 1242 1375 -N
1249 1311 1376 1376 ullum

222 1421 445 1485 exercitum
475 1420 692 1485 Romanum
720 1422 760 1484 in
790 1419 947 1485 Graecia
975 1440 1077 1497 esse,
1107 1439 1178 1484 nec
1207 1424 1377 1503 propter

222 1527 409 1611 Gythium
455 1534 524 1591 aut
563 1528 789 1591 maritimos
831 1526 941 1593 alios
984 1527 1169 1592 Laconas
1215 1525 1377 1609 dignam

176 1680 180 1685 -
221 1656 382 1700 causam
417 1636 728 1699 existimaturos
761 1634 975 1714 Romanos,
1011 1656 1082 1699 cur
1114 1633 1301 1717 legiones
1335 1634 1377 1696 iu

222 1742 418 1807 Graeciam
459 1762 603 1806 rursus
645 1744 944 1808 transmittant.
1004 1742 1222 1807 vitiosissime
1255 1739 1377 1804 dicitur

221 1857 392 1933 propter
437 1848 593 1931 aliquid
633 1850 791 1932 dignam
831 1870 998 1914 causam
1038 1849 1281 1915 existimare
1322 1834 1377 1928 (ne

136 1965 207 2036 (410)
227 1957 339 2022 addito
374 1958 505 2039 quidem
540 1957 658 2036 esse),
700 1977 771 2021 cur
805 1957 962 2040 aliquid
997 1957 1146 2035 facias3
1184 1956 1310 2021 usitate
1344 1961 1378 2018 et

220 2072 310 2130 recte
333 2064 492 2149 aliquid
517 2065 687 2146 (aliquem)
712 2064 870 2147 dignam
894 2085 1052 2129 causam
1076 2064 1276 2139 existima
1306 2081 1379 2125 cur

131 2251 136 2261 Ι
220 2172 381 2252 laciam3
422 2181 522 2254 atque
556 2171 598 2235 ad
633 2171 717 2236 hanc
751 2171 889 2237 formam
924 2172 1035 2236 Livius
1070 2173 1264 2255 scripserat:
1307 2189 1378 2234 nec

221 2280 414 2364 Gythium
461 2287 530 2344 aut
569 2280 796 2344 maritimos
841 2280 949 2345 alios
987 2279 1172 2344 Laconas
1217 2277 1379 2359 dignam

222 2408 385 2452 causam
420 2389 732 2452 existimaturos
766 2394 827 2452 cet.
889 2386 1028 2452 Addidit
1058 2392 1226 2470 propter
1261 2383 1378 2448 eadem

220 2495 393 2572 sedulitas,
428 2515 500 2576 quae
522 2515 586 2558 non
611 2514 719 2577 pauca
741 2494 836 2573 alibi,
866 2516 1005 2577 quorum
1028 2514 1066 2559 ex
1089 2493 1151 2557 hac
1173 2490 1300 2556 decade
1322 2511 1378 2556 ex·

221 2603 330 2686 empla
353 2602 536 2683 collegiati
559 2600 711 2679 XXXIV,
742 2605 798 2679 23,
827 2606 856 2665 2.
913 2600 981 2684 [Sic
1009 2603 1075 2666 iam
1099 2597 1213 2682 Gron]
1270 2597 1375 2662 Paulo

221 2720 296 2793 post
325 2709 355 2792 (ξ
382 2708 433 2788 13)
463 2708 584 2773 nollem
609 2729 628 2772 a
652 2709 918 2774 Weissenbornio
948 2707 994 2791 [iu
1018 2708 1067 2772 ed.
1091 2704 1213 2791 priore]
1242 2726 1378 2770 revoca·

221 2826 290 2881 tum
315 2819 347 2880 in
372 2818 520 2880 oratione
545 2817 680 2900 obliqua
702 2816 872 2879 fuerunt
895 2838 953 2899 pro
978 2816 1149 2889 luerint,
1179 2835 1281 2896 quum
1305 2815 1378 2896 ipse

221 2926 253 2989 M
278 2926 323 3005 (in
349 2946 412 3007 quo
437 2930 488 2988 est
510 2922 706 3001 fuerant),
741 2944 837 3003 quam
866 2923 962 2988 facile
986 2926 1018 2987 in
1042 2924 1103 2987 hac
1125 2917 1160 2985 re
1184 2922 1377 2986 aberratum

222 3034 280 3110 sit,
308 3033 471 3096 ostendat.
523 3032 598 3094 Dixi
626 3032 690 3094 iam
721 3038 797 3093 ante
821 3030 865 3113 (p.
893 3036 949 3095 181
973 3015 1057 3110 not,
1089 3031 1132 3094 ad
1154 3029 1215 3107 lx,
1247 3034 1304 3107 25,
1335 3028 1378 3108 5),

222 3142 319 3203 aliam
348 3142 380 3202 in
411 3140 472 3202 hac
501 3160 536 3202 re
565 3137 748 3220 imperfecti
772 3145 805 3201 et
828 3138 1140 3221 plusquamperfecti
1162 3157 1202 3200 ex
1224 3139 1379 3202 oratione

221 3255 312 3312 recta
333 3248 455 3311 retenti
478 3245 581 3326 legem
605 3266 686 3309 esse.
722 3246 813 3310 idem
836 3246 991 3310 mendum
1013 3246 1137 3310 residet
1159 3245 1192 3309 in
1217 3264 1244 3307 c.
1267 3249 1379 3319 16,10

223 3355 449 3433 (venerunt3
488 3363 554 3417 tres
588 3353 849 3417 Drakenborchii
884 3353 977 3417 codd.
1013 3353 1218 3430 venerint3
1261 3358 1380 3415 contra

222 3461 319 3544 paulo
355 3468 430 3524 aute
464 3463 649 3525 necessario
688 3482 759 3525 cum
791 3461 923 3526 Dukerc
959 3460 1167 3525 scribendum
1197 3466 1379 3524 mutave·

251 3732 260 3762 ¹
266 3738 274 3795 j
294 3730 357 3798 Cap.
378 3733 406 3795 5,
432 3734 463 3782 14
487 3731 641 3784 tollendum
661 3739 705 3785 est
723 3730 850 3785 codicum
869 3729 1040 3784 auctoritate
1060 3734 1138 3783 aunt
1157 3735 1223 3783 ante
1242 3730 1379 3783 amissa

293 3813 369 3883 [Cap.
389 3818 413 3881 6,
434 3819 450 3868 6
469 3816 573 3869 editur:
598 3826 768 3880 senatum,
791 3816 824 3869 ni
842 3816 870 3869 is
888 3815 930 3881 (L.
951 3815 1100 3870 Cornelius
1118 3814 1228 3881 consul)
1248 3815 1290 3869 ad
1308 3832 1378 3869 ma·

291 3900 469 3968 gistratus
493 3901 737 3968 subrogandos
755 3900 891 3954 Romam
915 3903 1064 3967 veniret,
1091 3900 1209 3969 potius
1229 3916 1329 3968 quam
1348 3899 1377 3967 Q.

291 3985 478 4038 Minucium
502 4002 518 4037 a
541 3985 630 4038 bello
655 3986 795 4052 integro
819 3992 995 4052 avocaret,
1023 3985 1267 4054 interregnum
1295 3986 1378 4040 iniri

294 4087 478 4137 passurum.
520 4069 555 4122 In
574 4071 603 4122 Μ
622 4087 671 4138 pro
694 4071 729 4124 ni
752 4071 781 4125 is
804 4071 858 4125 fuit
875 4071 964 4126 velle
983 4078 1019 4125 ut
1036 4071 1077 4136 is;
1102 4070 1169 4125 inde
1187 4069 1263 4124 effici
1282 4071 1375 4125 debet:

292 4165 449 4209 senatum
474 4156 579 4221 velle,
599 4163 633 4207 ut
652 4156 678 4207 is
697 4184 732 4192 -
750 4159 894 4221 veniret3
924 4157 1115 4221 circuiret,
1139 4158 1376 4226 potiusquam

291 4246 343 4293 cet.
381 4240 470 4293 Multo
489 4241 594 4294 rectius
614 4240 653 4294 sic
672 4242 774 4308 gradus
793 4242 1013 4309 distinguuntur,
1042 4248 1070 4295 et
1087 4242 1179 4296 multo
1198 4241 1310 4296 facilius
1328 4257 1372 4296 ex·

292 4324 385 4377 cidere
403 4343 469 4378 non
488 4326 623 4377 veniret
641 4327 735 4395 potuit
754 4344 834 4394 quam
855 4326 920 4381 addi
939 4327 1035 4381 velle
1054 4332 1097 4380 ut.
1137 4324 1224 4393 1863]
