2994 5108
234 506 296 561 Lib.
314 504 441 560 XXVIII.
780 494 843 554 412

236 677 409 760 palmam
437 676 538 742 belli
566 677 710 741 Punici
739 678 897 760 patrati
926 678 1054 761 petis?
1086 677 1158 742 Iam
1180 678 1291 742 omnia
1312 685 1400 762 apta

237 785 309 849 duae
341 784 461 850 litterae
493 790 629 849 mutatoe
661 783 824 864 lecerunt,
864 785 897 849 in
937 786 1057 871 quibus
1092 791 1150 849 aut
1183 783 1399 867 neglegentia

236 892 425 957 aberratum
455 899 507 958 est
537 899 612 969 aut,
646 894 817 958 sententiae
849 893 956 959 forma
989 900 1022 958 et
1050 893 1297 958 continuatione
1324 914 1396 958 non

236 1000 414 1079 intellecta,
445 999 533 1065 mala
556 1001 769 1066 correctione.
819 1001 911 1066 Inter
933 1023 968 1066 se
991 1001 1194 1085 respondent
1215 1022 1288 1085 per
1311 1002 1396 1066 cir-

236 1109 374 1173 cuitus
408 1115 442 1173 et
474 1113 588 1172 recto
622 1109 792 1188 itinere3
826 1109 909 1173 illud
944 1109 1132 1194 declaretur
1160 1107 1297 1173 adiectis
1325 1107 1396 1174 his:

236 1221 288 1294 ut,
311 1236 432 1297 quum
455 1215 493 1279 in
516 1215 698 1279 Africam
720 1251 772 1296 —,
796 1238 946 1300 speres,
975 1217 1037 1281 hoc
1060 1216 1267 1301 appositione
1288 1218 1397 1299 parti·

236 1324 313 1407 cipii
336 1323 604 1404 intendens.¹)

322 1429 399 1514 Cap.
423 1435 481 1510 42,
512 1435 544 1494 3:
581 1432 793 1515 expositos
820 1431 977 1497 milites
1006 1454 1077 1515 per
1105 1432 1316 1497 tutissima
1343 1431 1395 1498 ad

237 1539 372 1604 socios
397 1545 435 1603 et
458 1538 609 1602 amicos
634 1539 777 1622 populi
800 1539 968 1604 Romani
987 1539 1260 1604 Tarraconem
1282 1539 1396 1605 duxi·

236 1648 298 1711 sti.
323 1646 375 1711 Sic
393 1646 498 1724 codd,
512 1668 595 1728 quos
613 1648 668 1727 qui
685 1668 789 1729 nuper
807 1653 940 1711 secutus
959 1654 1009 1712 est
1021 1646 1111 1728 (nam
1122 1652 1221 1711 antea
1231 1647 1398 1713 edebatur

236 1777 305 1839 per
327 1755 538 1819 tutissima
560 1754 713 1837 omnia),
737 1755 807 1837 ipse
830 1755 963 1818 omnia
984 1776 1044 1819 usu
1067 1753 1224 1838 loquendi
1246 1754 1394 1837 flagitari

235 1884 338 1946 prope
367 1862 531 1942 concedit3
559 1883 636 1925 nam
658 1861 747 1944 quod
770 1860 892 1940 XXIX,
923 1865 956 1941 2,
990 1867 1029 1927 10
1052 1862 1193 1927 advocat
1215 1861 1322 1944 (tuta
1344 1862 1394 1929 ab

235 1970 332 2034 laevo
356 1969 476 2050 esse),
505 1970 610 2034 simile
632 1992 699 2034 nou
722 1976 786 2049 est,
815 1969 994 2054 namquid
1018 1972 1062 2035 sit
1084 1971 1158 2049 tuti,
1187 1969 1397 2052 significatur

235 2079 343 2142 verbis
361 2077 408 2141 ab
426 2077 524 2141 laevo
537 2078 603 2159 (res
621 2078 654 2140 in
670 2077 751 2141 laevo
770 2098 872 2142 cornu
884 2083 975 2143 tutas
989 2077 1282 2162 esse),⁴e0demque
1294 2077 1395 2143 modo

237 2187 360 2251 (licitur
385 2187 486 2250 satis
505 2192 596 2249 tuta
614 2187 725 2249 circa
743 2185 768 2264 Ι,
783 2190 833 2265 58,
847 2191 876 2249 2.
913 2183 976 2250 Sed
994 2207 1059 2250 non
1077 2187 1185 2250 minus
1202 2185 1245 2250 ab
1264 2208 1329 2251 usu
1345 2185 1396 2252 lo·

236 2294 357 2377 queudi
382 2293 538 2358 abhorret
562 2293 792 2376 superlativus.
838 2292 955 2374 ltaque
981 2293 1083 2358 diviso
1103 2293 1277 2372 vocabulo,
1304 2293 1395 2377 quod

150 2414 223 2484 (5³8)
243 2424 283 2466 ex
306 2401 434 2466 duobus
457 2401 595 2480 coaluit,
624 2400 846 2465 scribendum:
876 2421 945 2484 per
967 2408 1056 2465 tuta
1079 2401 1220 2467 omnia.
1269 2401 1396 2467 Errare

235 2515 350 2573 uatum
373 2515 425 2573 est
446 2509 586 2591 primum
610 2509 820 2587 tutomniu‚
850 2514 918 2572 tum
942 2509 1161 2574 tutissima.
1212 2506 1244 2592 [ἓ
1267 2514 1287 2573 6
1311 2511 1347 2575 in
1368 2509 1395 2575 P

237 2622 301 2681 est:
337 2624 530 2681 ceterane
559 2615 774 2699 quaeelevo.
831 2614 970 2680 Videtur
996 2624 1134 2700 propter
1160 2618 1395 2700 repetitionem

237 2724 382 2789 eiusdem
411 2725 499 2788 vocis
525 2723 667 2788 altorum
690 2723 872 2788 membrum
896 2724 1072 2801 excidisse,
1108 2745 1209 2807 quum
1232 2725 1395 2808 scriptum

237 2839 338 2897 esset:
381 2830 526 2896 Cetera
568 2851 690 2907 neque
731 2832 902 2893 detracto
944 2854 1069 2915 neque
1105 2832 1236 2911 elev03
1276 2832 1394 2898 nullo

235 2949 371 3006 tamen
401 2941 514 3005 modo
542 2974 586 2983 -
615 2939 895 3021 comparanda.
951 2939 1035 3003 Nam
1063 2941 1096 3003 in
1124 2939 1257 3020 vulgata
1286 2941 1394 3025 scrip·

236 3057 313 3114 tura
346 3071 477 3132 nequo
512 3056 545 3112 et
578 3053 709 3112 tamen
745 3068 807 3111 nou
843 3047 995 3111 videntur
1027 3053 1117 3111 recte
1149 3048 1237 3111 int-er
1270 3069 1308 3112 se
1342 3071 1397 3114 re·

236 3136 323 3222 ierri.
372 3155 479 3237 lecu]

323 3264 401 3347 Cap.
431 3268 486 3341 43,
519 3268 551 3325 l:
594 3261 718 3337 Quum
753 3263 943 3326 oratione
982 3262 1029 3326 ad
1056 3268 1215 3344 tempus
1243 3272 1398 3345 parata

236 3373 388 3437 Fabius
423 3378 503 3435 tum
538 3370 796 3435 auctoritate
826 3376 864 3433 et
892 3371 1129 3433 inveterata
1157 3369 1397 3452 prudentiae

235 3480 339 3544 fama
368 3501 545 3561 maguam
568 3485 724 3560 partem
748 3485 980 3542 senatus-
1001 3479 1210 3556 movisset,
1239 3513 1285 3524 -
1309 3478 1398 3545 Soi-

236 3588 301 3670 pio
325 3589 384 3650 ita
405 3586 568 3650 locutus
590 3585 725 3649 fertur
748 3591 808 3649 cet.
856 3583 1084 3667 comparative
1107 3587 1193 3649 inter
1215 3607 1250 3650 se
1274 3586 1398 3653 referri

237 3717 356 3777 quum
390 3701 423 3758 et
457 3700 545 3772 tum,
581 3701 613 3757 et
642 3694 746 3757 omnis
775 3693 933 3757 orationis
962 3693 1068 3758 forma
1096 3701 1129 3757 et
1154 3693 1399 3761 vocabulorum

237 3803 317 3867 ordo
342 3823 526 3884 nomenque
549 3801 643 3865 Fabii
666 3802 773 3865 medio
797 3799 854 3865 illo
877 3801 950 3864 loco
974 3802 1117 3883 positum
1138 3802 1187 3866 ita
1210 3800 1400 3885 declarant,

236 3915 273 3973 ut
306 3909 451 3973 dubitari
484 3931 548 3972 non
584 3910 696 3991 possit.
753 3908 869 3991 Itaque
904 3909 996 3973 deest
1030 3909 1072 3972 ad
1107 3911 1289 3974 sententias
1323 3913 1400 3977 rin-

264 4177 290 4243 ¹)
310 4176 448 4246 [Eandem
467 4181 635 4234 sententiam
654 4180 811 4233 mutatione
829 4180 935 4233 leniore
950 4178 1036 4233 efficit
1049 4180 1175 4233 Halmius
1184 4178 1399 4250 (Sitzungsber.

305 4263 330 4315 d.
350 4263 445 4331 Bnyer.
465 4265 549 4318 Acad.
572 4264 684 4318 186911
702 4283 728 4332 p.
749 4267 799 4318 584
817 4270 874 4317 not.
895 4264 934 4331 5>z
962 4265 1132 4332 intendis,
1157 4265 1185 4317 si
1209 4267 1400 4335 egregiam

305 4347 408 4400 istam
425 4351 570 4416 palmam
590 4379 621 4386 —
640 4347 763 4418 petisl]
