2994 5108
214 456 276 510 Lib.
296 457 369 510 XXI.
763 446 825 508 258

215 629 490 712 hominesque,
515 636 789 697 et-eventus
812 630 924 710 belli,
947 631 1059 696 velut
1081 652 1218 714 oequus
1242 630 1374 712 index,

214 738 320 803 unde
342 738 405 803 ius
429 738 584 817 stabat,
615 739 651 802 01
674 739 890 803 victoriam
913 739 1041 818 dedit,
1071 760 1272 824 quamquam
1294 741 1373 819 scio,

128 856 200 922 (211)
219 867 318 928 quam
346 867 435 930 saepe
458 844 568 910 Livius
597 845 837 929 amplificanda
864 849 912 911 rei
943 868 1043 913 causa
1070 847 1133 912 hac
1156 846 1291 912 deorum
1313 848 1374 914 ho-

215 956 405 1038 minumque
428 953 638 1036 copulatione
661 959 791 1033 utatur,
826 974 927 1037 cogor
953 962 1063 1020 tamen
1092 956 1179 1020 tueri
1207 956 1374 1020 coniectu·

215 1083 284 1126 ram
314 1067 390 1126 ante
419 1062 557 1143 triginta
578 1083 681 1126 annos
704 1063 907 1147 propositam
929 1065 1172 1147 repetitamque
1194 1064 1228 1128 in
1251 1061 1373 1148 Opusc.

215 1170 328 1235 alteris
351 1192 383 1253 p.
407 1174 484 1249 3603
514 1191 590 1234 nam
613 1190 721 1251 neque
744 1170 909 1236 obiectum
931 1171 1047 1236 abesse
1069 1177 1178 1254 potest
1199 1191 1307 1254 neque
1330 1171 1373 1236 ab

216 1277 367 1343 omnibus
390 1279 520 1343 omnino
542 1278 619 1342 vieti
632 1276 921 1362 Carthaginienses
938 1284 1029 1344 recte
1047 1278 1214 1360 dicuntum
1237 1276 1375 1344 Cartha·

215 1386 378 1469 ginienses
401 1406 466 1450 non
489 1406 562 1450 cum
585 1386 663 1451 solis
687 1386 852 1466 Romanis,
876 1387 935 1452 sed
958 1408 1032 1451 cum
1055 1387 1104 1451 dis
1127 1388 1228 1451 etiam
1249 1385 1374 1452 bellum

214 1493 383 1573 habuisse,
412 1494 510 1558 aliter
540 1494 714 1558 dicendum
737 1500 817 1559 erat.
873 1495 975 1560 Recte
999 1494 1153 1560 dicuntur
1176 1493 1210 1558 di
1231 1493 1375 1560 foedaris

214 1603 303 1685 rupti
331 1601 456 1667 ultores
479 1601 629 1666 homines
653 1600 971 1684 (Carthaginienses)
996 1603 1121 1668 vicisse.
1177 1601 1373 1667 Tollendum

214 1711 316 1793 igitur
339 1715 390 1774 est
411 1731 497 1792 qne.

302 1816 399 1900 *Cap
426 1821 480 1897 13,
517 1823 531 1882 l
563 1823 597 1882 et
625 1821 644 1880 2
674 1817 720 1898 (in
744 1820 894 1882 oratione
917 1818 1044 1899 Aloroi,
1079 1819 1135 1902 qui
1158 1819 1375 1902 permittente

215 1926 401 1991 Hannibale
425 1926 468 1991 ad
490 1925 703 2009 Saguntinos,
733 1947 871 2009 quorum
892 1926 1026 2010 publice
1049 1927 1173 1991 amicus
1196 1933 1230 1990 et
1251 1910 1376 2011 hospes

216 2041 298 2114 erat,
327 2037 417 2118 pacis
441 2034 650 2099 condiciones
672 2033 891 2116 perferebatl:
921 2033 961 2098 Si
990 2035 1089 2098 civis
1116 2040 1254 2099 vester
1275 2032 1374 2099 Alco

216 2143 402 2226 —pacis
438 2141 699 2208 condiciones
734 2140 782 2206 ab
813 2140 1041 2207 Hannibale
1069 2142 1211 2206 advos
1239 2147 1374 2207 rettu-

216 2251 354 2330 lisset,
389 2270 736 2335 supervacaneum
764 2249 839 2314 hoc
866 2248 963 2313 mihi
991 2249 1143 2315 fuisset
1169 2250 1265 2330 iter,
1295 2271 1376 2334 quo

216 2379 289 2423 nec
318 2365 460 2423 orator
482 2356 729 2422 Hannibalis
750 2377 821 2422 nec
844 2357 1061 2440 transfuga
1082 2358 1131 2423 ad
1153 2380 1221 2423 vos
1242 2358 1375 2422 venis-

217 2487 314 2545 som;
344 2487 462 2548 quum
489 2465 560 2530 ille
589 2471 658 2529 aut
686 2471 821 2529 vestra
844 2471 915 2528 aut
937 2486 1009 2530 sua
1033 2465 1152 2549 culpa
1173 2466 1378 2531 manserit

217 2573 323 2656 apud
357 2573 515 2637 hostem
548 2609 606 2651 —,
641 2595 714 2657 ego
738 2580 799 2638 cet.
855 2573 1013 2652 Primum,
1048 2575 1105 2657 qui
1139 2574 1204 2638 iter
1237 2573 1376 2657 aliquod

217 2687 428 2765 suscepturus
456 2703 520 2745 non
549 2680 626 2759 fuit,
661 2683 770 2764 inepte
800 2681 908 2759 addit,
941 2701 976 2743 se
1005 2682 1038 2744 in
1066 2681 1123 2746 illo
1151 2679 1269 2747 itinere
1292 2680 1376 2764 (non

216 2788 382 2873 suscepto)
421 2789 506 2853 hanc
538 2788 589 2852 vel
624 2789 716 2852 illam
749 2808 923 2871 personam
957 2810 1022 2853 non
1056 2795 1222 2872 gesturum
1255 2789 1376 2869 fuisse3

216 2897 343 2975 deinde,
378 2899 434 2981 qui
466 2898 513 2961 sic
542 2896 637 2975 dicit,
672 2917 721 2973 se,
756 2897 784 2959 si
813 2896 893 2979 quid
922 2894 1011 2959 aliud
1041 2897 1228 2977 accidisset,
1262 2917 1375 2979 neque

217 3012 380 3070 oratorem
408 3004 603 3070 Hannibalis
636 3025 742 3086 neque
775 3002 981 3086 transfugam
1015 3005 1161 3069 futurum
1193 3004 1309 3084 fuisse,
1344 3006 1377 3071 is

215 3115 400 3178 necessario
432 3111 608 3195 significat,
642 3133 676 3175 se
710 3133 796 3176 nunc
830 3111 1084 3176 alterumutrum
1118 3133 1191 3177 esse
1225 3118 1259 3177 ct
1285 3110 1377 3177 hanc

215 3220 337 3285 habere
361 3221 504 3298 itineris,
540 3218 627 3302 qnod
656 3220 803 3302 alioquin
826 3241 1104 3302 supervacaneum
1126 3218 1258 3299 fuisset,
1293 3239 1376 3284 cau·

216 3349 295 3392 sam.
347 3329 447 3410 Atqui
474 3326 536 3392 hoc
564 3325 1203 3410 00110010011001100111000000030100,
1237 3333 1276 3393 ut
1296 3348 1376 3392 ora-

215 3438 297 3499 tioni
326 3436 535 3518 consiliisque
564 3437 633 3499 suis
664 3434 751 3517 apud
776 3433 972 3517 Saguntinos
1000 3435 1097 3500 fidem
1120 3435 1236 3515 faciat,
1265 3454 1300 3499 se
1324 3437 1377 3500 ait

215 3564 320 3627 neque
348 3550 512 3607 oratorem
535 3541 732 3606 Hannibalis
759 3563 864 3625 neque
888 3564 1001 3607 rursus
1024 3542 1228 3626 transfugam
1251 3543 1376 3623 uenire,

216 3651 425 3715 consiliorum
448 3649 645 3713 Hannibalis
668 3651 819 3731 ignarum
841 3671 902 3714 nec
925 3650 969 3714 ad
991 3672 1106 3734 pacem
1129 3649 1375 3717 conciliandam

215 3766 343 3842 aptum,
385 3759 441 3823 sed
476 3778 565 3835 euin,
605 3758 659 3839 qui
702 3763 735 3821 et
774 3758 960 3822 consultum
1000 3758 1191 3841 Saguntinis
1225 3758 1304 3823 uelit
1338 3766 1376 3825 et

214 3869 304 3950 pacis
338 3887 431 3931 veras
466 3863 675 3929 condiciones
710 3865 890 3946 adferat.¹)
951 3864 1069 3948 Itaque
1102 3867 1288 3931 necessario
1322 3867 1374 3932 in-

215 3975 355 4038 dicativa
377 3974 483 4038 oratio
507 3994 578 4037 esse
602 3972 714 4049 debet,
744 3972 864 4053 fietque
886 3973 1080 4053 rectissima,
1111 3995 1151 4037 ex
1173 3995 1239 4039 uno
1260 3974 1375 4055 verbo,

244 4228 265 4293 ¹)
284 4227 534 4296 [Quemadmodum
560 4225 806 4280 Weissenbornius
831 4243 907 4282 nunc
933 4227 1022 4292 (1870)
1049 4227 1135 4281 verba
1162 4235 1293 4296 enarrat,
1327 4229 1372 4284 in·

283 4315 376 4383 tellegi
395 4308 555 4381 nequeunt]
