2994 5108
678 470 740 532 275
1131 484 1195 541 Lib.
1213 484 1288 539 m
1318 462 1321 468 ’

130 660 247 738 parata
282 661 318 720 et
348 654 501 720 homines
527 675 589 738 per
616 654 768 738 speculas
798 654 969 739 dispositi3
1002 656 1116 740 itaque
1146 677 1206 739 pro
1237 657 1290 721 si-

130 760 218 827 mili
239 782 308 828 000
331 761 446 828 missi
468 761 696 840 scribendum,
725 768 764 826 ut
792 783 866 828 cnm
896 763 1031 828 teneri
1060 763 1287 847 coniungatur,

129 868 188 936 aad
220 870 377 950 missis,
408 875 448 934 ut
479 890 554 934 cum
583 869 722 934 edicto
752 871 979 954 proposito.
1035 871 1121 935 Nam
1149 871 1290 936 missis

129 981 190 1043 aut
211 977 330 1044 missi
352 976 487 1043 subesse
510 981 545 1042 et
565 976 608 1041 ab
630 974 777 1060 Itaque
798 998 918 1043 novam
939 977 1114 1062 periodum
1135 977 1290 1063 incipere,

128 1085 342 1170 perspicuum
374 1089 436 1150 est.
497 1084 603 1150 Totus
641 1084 743 1166 igitur
780 1084 876 1150 locus
909 1086 957 1151 sic
991 1085 1187 1151 scribendus
1222 1092 1289 1151 est:

129 1192 344 1277 Extemplo
374 1198 415 1258 et
442 1198 645 1273 spretore
674 1191 778 1255 elren
805 1191 991 1256 clvltrtes
1019 1193 1136 1260 missi
1163 1193 1291 1277 legati

130 1298 463 1385 tribunique‚qnl
480 1319 575 1364 suos
592 1298 641 1363 ad
656 1319 790 1365 curam
804 1298 1000 1365 custodia
1018 1299 1290 1401 intenderent,

129 1414 165 1472 ct
186 1413 281 1473 ante
306 1407 441 1473 omnia
456 1405 677 1490 Lilybaeum
700 1407 833 1471 teneri
852 1404 1090 1490 (streperet).
1106 1413 1289 1488 apparatu

33 1538 35 1543 ·
130 1514 232 1597 (Mn.
256 1517 285 1594 2,
309 1514 343 1595 3)
366 1513 484 1593 belli,
512 1513 649 1579 edicto
672 1514 900 1598 proposito,
927 1520 971 1578 ut
995 1515 1097 1579 socii
1119 1515 1290 1580 navales

130 1620 269 1687 decem
284 1619 440 1687 dierum
463 1626 583 1688 cocta
601 1621 761 1686 cibaria
778 1621 828 1686 ad
844 1642 967 1687 naves
985 1621 1204 1701 deferrent,
1222 1621 1290 1687 ubi

131 1730 292 1814 signum
314 1728 452 1793 datum
474 1735 594 1806 esset,
617 1749 665 1793 00
687 1727 778 1805 qnid
797 1727 1015 1811 (ceddrecc.)
1034 1750 1184 1794 moram
1203 1750 1290 1794 con·

130 1835 357 1904 scendendi
378 1834 548 1915 faceret,
572 1856 727 1920 perque
751 1857 899 1902 omnem
917 1856 1035 1916 oram,
1054 1837 1121 1919 qui
1144 1858 1189 1902 ex
1207 1858 1291 1920 spe-

130 1942 239 2010 culis
266 1943 559 2029 prospicerent
585 1943 875 2009 adventantem
903 1943 1082 2008 hostium
1105 1943 1288 2022 classem,

132 2050 268 2116 nicola.
315 2050 350 2134 [a
372 2058 482 2135 praet
506 2051 620 2116 circa
657 2051 767 2115 civit.
791 2053 892 2116 etiam
914 2050 1096 2117 Weissenb.
1120 2050 1210 2135 apud
1232 2050 1288 2115 Al·

132 2156 358 2241 schefskium.]
391 2157 480 2223 Illud
497 2158 596 2237 addo,
614 2164 747 2242 etpost
763 2158 1031 2224 intenderent
1047 2157 1206 2224 excidisse
1222 2180 1289 2223 non

131 2265 333 2350 infrequenti
361 2266 508 2349 exemplo
537 2265 629 2349 (post
656 2271 714 2345 nt3
745 2265 803 2330 cfr.
832 2264 877 2344 11,
905 2268 963 2344 21,
993 2269 1021 2344 6,
1049 2265 1166 2344 XXIV,
1189 2272 1219 2345 4,
1243 2265 1287 2346 5),

132 2380 206 2457 post
246 2371 461 2457 deferrent
499 2371 649 2437 additum
687 2394 774 2451 esse,
816 2372 906 2455 quod
940 2373 1178 2438 sententiarum
1212 2392 1289 2437 con·

132 2480 259 2547 iunctio
293 2500 359 2546 non
392 2479 755 2561 animadverteretur.¹)
811 2478 925 2544 Potuit
954 2480 1054 2545 etiam
1082 2480 1196 2545 scribi:
1231 2486 1287 2559 ut,

132 2588 200 2655 ubi
220 2622 276 2667 -,
298 2608 345 2651 ne
368 2585 466 2671 qnid
488 2593 550 2651 cet.

217 2692 298 2780 Gap.
319 2690 470 2774 51,-3'et
491 2701 525 2758 4:
548 2715 622 2760 nec
644 2695 856 2781 quisquam
878 2694 1062 2759 hostium
1086 2696 1199 2761 circa
1220 2717 1287 2761 eas

134 2802 295 2870 insulas
318 2799 485 2883 (Vulcani)
506 2803 712 2882 inventus;
739 2802 815 2867 iam
837 2801 947 2867 forte
970 2803 1288 2868 transmiserant

134 2910 181 2977 ad
213 2908 456 2976 vastandam
489 2907 623 2975 Italiae
657 2930 775 2975 oram,
837 2908 1053 2975 Scribendum
1086 2930 1157 2974 esse
1190 2930 1288 2989 nam,

134 3017 243 3102 ipsum
277 3015 471 3083 adverbium
505 3013 522 3079 f
526 3023 617 3081 orte
645 3016 863 3096 demonstrat,
899 3017 987 3100 quod
1014 3037 1083 3081 rem
1113 3036 1192 3081 casu
1219 3014 1287 3081 fac-

133 3130 215 3206 tam,
254 3144 321 3189 non
354 3123 482 3189 consilii
515 3130 593 3189 ante
627 3125 717 3207 capti
750 3126 995 3189 exsecutionem
1029 3122 1207 3207 significat,
1246 3124 1287 3190 de

134 3252 199 3316 qua
226 3231 299 3297 sola
327 3232 408 3315 poni
435 3232 513 3296 iam
536 3236 683 3315 poterat;
717 3232 780 3296 etsi
802 3230 853 3296 vel
877 3231 925 3296 sic
948 3231 1059 3297 Livius
1083 3233 1286 3315 scripsisset:

134 3338 208 3405 iam
230 3338 364 3405 enim..

217 3442 299 3529 Cap.
323 3447 380 3524 52,
410 3449 444 3509 9:
479 3444 743 3530 Sempronius
765 3481 809 3491 -
831 3445 1029 3510 censebat
1051 3467 1136 3511 cum
1160 3445 1288 3512 colle·

136 3571 219 3638 gam
240 3557 501 3619 cunctantem
524 3554 752 3637 equitatum
776 3574 887 3618 suum
909 3588 953 3597 —
974 3553 1113 3619 mittit.
1152 3554 1203 3623 Ex
1224 3552 1288 3619 hac

138 3660 298 3745 scriptume
318 3658 445 3724 factum
466 3666 555 3726 erat:
585 3659 681 3726 Tum
710 3661 870 3744 collega
898 3666 1136 3740 cunctante,
1164 3663 1287 3727 incom-

140 3764 231 3833 moda
257 3767 416 3851 temporis
438 3769 618 3834 notatione.
670 3768 771 3833 Recte
795 3766 967 3850 Ussingius
990 3770 1108 3848 sensit,
1140 3768 1287 3833 scriben-

143 3870 211 3939 dum
231 3879 378 3940 tantum:
402 3870 574 3958 Collega
595 3881 822 3941 cunctante.
860 3873 983 3956 (1862.)
1022 3872 1209 3956 Tum§10
1226 3894 1287 3957 pro

144 3997 183 4061 eo,
202 3980 292 4064 quod
314 3981 446 4048 codices
468 3989 502 4047 et
524 3981 685 4048 editiones
709 3982 847 4048 habent:
882 3982 1056 4067 Sparsos
1078 3987 1118 4045 et
1139 3980 1285 4045 incom-

167 4164 187 4233 ¹l
202 4166 270 4222 Haec
296 4166 387 4222 totius
404 4168 472 4222 loci
498 4166 659 4222 emendatio
686 4168 743 4222 iam
771 4168 847 4238 apud
864 4167 1066 4238 Ingerslevium
1088 4164 1217 4235 exposita
1235 4169 1286 4233 est,

200 4252 263 4308 0101-
274 4251 352 4321 quod
368 4251 409 4307 ibi
427 4251 467 4307 ad
484 4257 690 4322 apparatum
708 4253 795 4308 belli
813 4253 931 4308 edicto
944 4251 1132 4322 proposito
1147 4248 1283 4304 scribitur.

199 4335 255 4391 Pro
273 4335 390 4391 simili
406 4335 654 4392 Weissenbornius
671 4338 767 4408 posuit
784 4338 884 4393 missi
903 4355 920 4393 a
937 4355 967 4393 00
985 4338 1138 4392 inventum.

1006 4420 1054 4475 18*
