2994 5108
230 478 292 535 Lib.
310 479 411 535 XXXI.
775 467 838 528 466

230 651 364 718 lacere
394 657 433 716 et
459 671 625 734 regnum
653 631 978 715 et'Macedonum
1006 672 1146 716 nomen
1176 649 1284 716 haud
1314 653 1391 718 mi·

229 782 303 824 nus
333 780 448 842 quam
476 758 700 823 Romanum
730 757 867 822 nobile
897 759 1100 823 sentietis.
1157 759 1210 825 Sic
1238 766 1272 825 et
1299 759 1388 827 Bet

229 868 380 952 vulgares
403 865 551 944 codices,
585 865 649 930 nisi
679 865 767 947 quod
795 865 828 928 in
857 864 923 929 illis
946 865 1071 944 bello,
1106 867 1194 948 quod
1223 868 1388 935 editiones

229 978 316 1041 inter
351 973 487 1039 nobile
523 978 556 1037 et
590 973 782 1037 sentietis
818 973 1046 1057 interponunt,
1087 975 1196 1040 omitti
1235 975 1385 1042 Draken-

228 1083 383 1149 borchius
407 1102 471 1145 non
495 1079 673 1144 adnotavit.
718 1080 804 1144 Hinc
827 1080 1056 1164 interpolando
1080 1088 1205 1162 natum,
1229 1083 1319 1168 quod
1340 1085 1386 1150 ad

228 1197 376 1257 nostrum
416 1195 545 1270 tempus
584 1190 617 1252 in
658 1186 856 1254 editionibus
896 1188 974 1253 fuit:
1014 1188 1110 1253 mihi
1151 1211 1311 1274 quoque
1344 1193 1384 1256 in

229 1300 361 1364 animo
390 1302 453 1360 est
475 1295 629 1375 facere,
662 1301 704 1360 ut
732 1316 894 1378 regnum
915 1297 1010 1361 Mac.
1033 1318 1255 1380 nomenque
1282 1298 1316 1364 h.
1339 1322 1384 1365 m.

229 1428 258 1489 q.
289 1408 327 1471 R.
357 1403 493 1469 nobile
526 1403 636 1468 bello
671 1404 883 1482 sentiatis,
918 1424 1020 1488 prava
1053 1407 1235 1486 sententia3
1274 1428 1384 1491 neque

228 1516 315 1581 enim
336 1534 453 1578 nomen
476 1511 657 1576 adversarii
678 1510 765 1576 bello
789 1512 900 1577 nobile
922 1519 1089 1596 tamquam
1108 1513 1242 1596 aliquod
1260 1515 1388 1582 malum

210 1623 371 1693 ‚sentitur
394 1619 496 1701 (esse
520 1618 627 1683 audiri
650 1620 780 1700 nequit3
802 1640 909 1702 neque
931 1621 964 1684 in
988 1642 1026 1685 eo
1049 1642 1167 1703 magno
1191 1642 1292 1706 opere
1314 1623 1384 1690 ela·

226 1728 411 1796 borandum
435 1733 520 1805 erat,
557 1733 594 1790 ut
621 1726 759 1791 Romani
783 1726 998 1792 Macedonum
1028 1750 1148 1794 nomen
1176 1729 1288 1795 nobile
1311 1752 1385 1798 esse

227 1836 373 1919 scirent).
424 1834 708 1899 Weissenbornius
733 1834 864 1898 codices
888 1844 1020 1900 secutus
1043 1842 1101 1915 est,
1125 1837 1283 1904 semicolo
1305 1847 1390 1922 post

226 1949 364 2013 lacere
388 1943 515 2027 posito;
549 1942 582 2005 iu
611 1963 677 2025 qua
705 1943 871 2024 scriptura
894 1941 1128 2026 (praeterquam
1153 1944 1241 2026 quod
1265 1946 1384 2012 eadem

227 2063 279 2122 est
302 2052 470 2119 sententiae
493 2048 720 2132 reprehensio)
744 2050 822 2131 quid
846 2050 890 2114 sit
911 2049 1063 2129 lacere,
1093 2053 1224 2116 omnino
1248 2054 1385 2136 ignoro;
1412 2056 1417 2063 '

128 2162 131 2173 '
226 2166 278 2228 vix
301 2161 406 2226 audeo
430 2158 606 2239 suspicari,
640 2155 805 2221 hominem
834 2157 967 2222 doctum
998 2165 1134 2241 putasse
1163 2160 1197 2222 in
1220 2159 1285 2225 bac
1308 2183 1386 2226 ora·

226 2273 316 2337 tione
337 2268 475 2333 iacere
498 2285 558 2347 pro
582 2286 635 2342 eo,
666 2265 753 2346 quod
778 2263 933 2329 Germani
962 2264 1076 2331 dicunt
1103 2266 1295 2347 handeln,
1326 2289 1382 2334 ac·

226 2380 291 2462 cipi
315 2396 426 2459 posse;
461 2371 500 2434 de
530 2370 672 2436 barbaro
695 2370 752 2435 illo
776 2373 908 2437 animo
932 2373 1026 2437 mihi
1051 2380 1112 2438 est
1134 2373 1274 2439 lacere
1296 2375 1381 2441 nihil

226 2488 314 2564 dico,
348 2480 437 2566 quod
462 2500 499 2543 eo
523 2477 716 2556 defendunt,
753 2479 842 2561 quod
872 2501 937 2545 uno
968 2488 1002 2545 et
1024 2480 1127 2545 altero
1150 2481 1224 2547 loco
1249 2481 1382 2549 codices

223 2601 282 2660 aut
310 2612 387 2676 pars
415 2587 565 2652 codicum
593 2586 718 2650 habent
741 2587 871 2650 animo
894 2588 1059 2665 habere,
1093 2590 1214 2654 extrito
1237 2591 1277 2654 in
1302 2595 1382 2656 ante

223 2724 270 2767 an
301 2697 403 2782 (apud
427 2695 554 2759 Livium
583 2692 683 2758 semel
714 2694 816 2758 codex
838 2694 1100 2759 Vindobonensis
1123 2694 1234 2775 XLIV,
1259 2700 1310 2775 25,
1337 2695 1379 2780 l).

222 2810 270 2873 Ex
306 2805 453 2872 codicum
488 2803 651 2884 scriptura
684 2804 795 2884 prodit
827 2801 981 2865 facillime
1018 2809 1050 2865 et
1080 2804 1277 2868 certissime:
1315 2806 1378 2870 sin

220 2915 328 2983 bello
369 2910 596 2986 lacessitis,
636 2909 731 2971 mihi
772 2930 927 2993 quoque
968 2910 1113 2971 sulinos
1153 2908 1296 2976 lacere
1338 2919 1379 2977 et

220 3044 383 3106 regnum
402 3015 716 3082 etblacedouum
733 3036 873 3079 nomen
893 3016 997 3080 haud
1019 3019 1146 3079 minus
1167 3019 1379 3098 quamRo-

219 3151 371 3197 inanum
407 3124 546 3189 nobile
582 3124 784 3186 sentietis.
843 3123 883 3187 Se
920 3146 1052 3207 quoque
1082 3131 1184 3187 etex
1215 3147 1321 3208 regno
1345 3134 1380 3192 et

134 3254 207 3322 (371)
227 3261 265 3303 ex
294 3235 467 3301 nobilitate
495 3232 601 3314 gentis
630 3230 781 3294 fiduciam
811 3230 957 3312 aliquam
987 3233 1036 3296 sui
1066 3232 1186 3295 habere
1219 3255 1380 3300 sensuros

218 3346 371 3410 minatur.
424 3340 587 3404 Animos
618 3336 747 3401 alicui
777 3338 915 3401 facere
945 3339 1065 3401 iterum
1094 3338 1157 3403 hoc
1181 3342 1292 3424 capite
1316 3341 1378 3425 §9

218 3452 338 3516 dicitur
361 3455 395 3513 et
418 3468 444 3510 c.
466 3451 514 3524 14,
540 3451 556 3509 5
581 3466 687 3527 neque
711 3444 890 3527 quidquam
914 3444 1001 3528 apud
1021 3445 1147 3509 Livium
1170 3447 1379 3532 frequentius

218 3560 255 3640 (Ι,
279 3562 329 3628 34,
353 3563 382 3636 4,
413 3555 465 3631 VI,
489 3559 516 3630 7,
543 3558 570 3631 5,
598 3552 727 3629 XXXV,
752 3557 800 3631 36,
826 3558 854 3629 7,
879 3552 1040 3632 XXXVII,
1065 3557 1114 3631 37,
1140 3557 1168 3632 9,
1193 3554 1379 3640 XXXVIII,

218 3667 265 3743 15,
290 3665 321 3741 9,
343 3658 442 3736 XLII,
468 3665 516 3739 50,
541 3665 568 3739 7,
593 3660 759 3724 simillimo
782 3658 879 3739 loco).

302 3766 380 3852 Cap.
412 3773 466 3847 21,
496 3774 514 3829 4
546 3767 601 3847 (de
626 3768 660 3830 L.
686 3768 783 3831 Furio
814 3766 926 3830 Gallos
957 3766 1151 3831 Cremonam
1182 3769 1380 3839 obsidentes

214 3898 277 3940 non
303 3877 424 3955 statim,
453 3882 488 3938 ut
513 3875 653 3952 advenit,
683 3874 869 3958 agg1·esso):
906 3874 1169 3939 Lassitudini
1194 3877 1376 3944 militnm

214 3982 368 4062 timuit,
404 3982 508 4067 quod
544 3983 694 4065 raptim
731 3982 892 4045 ductum
922 4003 1060 4065 agmen
1091 3990 1188 4046 erat.
1246 3984 1303 4050 Sic
1331 3987 1375 4051 ab

214 4090 375 4168 omnibus
399 4092 455 4170 qui
475 4090 601 4153 Livium
624 4089 807 4168 ediderunt,
832 4090 901 4153 sine
924 4089 992 4153 ulla
1014 4090 1174 4154 varietate
1199 4092 1377 4176 scribitur;

212 4216 274 4258 nec
297 4202 373 4259 ante
396 4203 542 4260 nostram
568 4204 699 4261 aetatem
722 4197 900 4278 quidquam
925 4197 965 4260 de
984 4196 1152 4261 codicibus
1173 4198 1375 4265 adnotatum

212 4307 269 4365 est.
326 4302 457 4383 ltaque,
492 4303 580 4383 quod
616 4310 705 4367 certo
741 4304 898 4366 sermonis
927 4302 1037 4367 Latini
1075 4304 1148 4367 usui
1178 4325 1239 4369 nec
1269 4305 1372 4371 ullam
