3000 5116
222 477 283 532 Lib.
302 474 425 529 XXXIV.
765 464 827 525 498

222 669 322 729 quum
360 654 519 712 tantum
553 646 596 710 ed
630 666 702 709 nec
736 653 780 710 ut
812 648 893 710 vivi
928 650 1093 732 pertinere
1128 673 1194 716 non
1229 653 1381 717 animad-

222 755 451 834 verteretur.¹)

308 862 385 946 Cap.
412 864 465 938 13,
495 868 514 923 4
544 859 597 940 (de
619 860 662 924 M.
687 858 811 925 Catone
835 864 968 927 consule
990 864 1025 928 in
1046 864 1211 947 Hispania
1233 888 1303 931 rem
1325 889 1377 951 ge·

221 972 343 1051 rentel:
378 970 452 1036 Ubi
489 969 592 1033 satis
626 968 841 1033 admodum
870 977 909 1034 et
939 992 1100 1036 suorum
1129 979 1168 1037 et
1197 973 1376 1039 hostium

136 1097 207 1164 (399)
225 1081 381 1144 animos
405 1084 466 1143 est
488 1083 691 1161 expertus,
717 1079 933 1142 convocari
956 1078 1148 1145 tribunos
1172 1114 1218 1124 -
1240 1082 1374 1147 iussit.

221 1185 327 1262 Quum
356 1184 507 1250 Dukerns
536 1183 837 1263 animadvertisset,
872 1186 1031 1250 inusitate
1069 1187 1135 1251 dici
1170 1190 1279 1254 satis
1309 1189 1377 1254 ad·

221 1292 392 1370 modum,
422 1292 588 1369 Handius,
619 1293 667 1355 vir
695 1293 729 1355 in
757 1291 825 1355 hoc
842 1311 962 1374 genere
984 1293 1300 1376 interpretationum
1323 1318 1373 1362 ex·

220 1399 470 1480 cogitandarum
498 1420 564 1463 non
593 1397 804 1463 mediocriter
832 1400 1041 1478 exercitatus,
1074 1400 1169 1467 Turs.
1195 1402 1211 1467 I
1240 1426 1272 1488 p.
1301 1409 1373 1469 171:

222 1507 340 1586 „Verte
363 1507 478 1571 modo“
503 1507 611 1590 inquit
637 1506 720 1584 ,ista
739 1506 841 1570 verba
859 1506 1119 1590 hinliinglich
1142 1531 1284 1592 genug,
1306 1533 1373 1594 gar

220 1620 382 1698 genug·‘;
406 1613 600 1696 exemplum,
624 1613 681 1677 ubi
698 1614 746 1678 sic
771 1613 947 1693 diceretur,
970 1637 1037 1680 non
1059 1616 1199 1697 addidit,
1224 1638 1286 1683 nec
1307 1619 1372 1683 ad·

219 1723 376 1787 modum
398 1743 470 1787 esse
494 1720 754 1802 hinliinglich
776 1720 843 1786 ullo
867 1728 1059 1806 argumento
1083 1724 1253 1806 probavit3
1277 1747 1317 1791 ne
1339 1725 1371 1791 id

219 1830 352 1912 quidem
363 1829 529 1913 cogitavit,
539 1829 729 1892 dicturusne
742 1829 917 1912 quisquam
928 1850 1074 1913 unquam
1082 1829 1270 1897 Germanus
1278 1842 1371 1912 esset,
1394 1863 1397 1871 ·

219 1959 318 2021 quum
357 1937 399 2001 ad
432 1937 515 2001 Livii
548 1936 686 2000 formam
720 1935 893 2001 historiam
927 1945 1093 2015 narraret,
1136 1960 1208 2021 gar
1249 1960 1372 2023 genug

218 2046 377 2129 priifen.
435 2044 497 2110 Sed
530 2044 564 2107 in
591 2043 617 2106 B
648 2043 703 2125 (de
731 2042 764 2106 M
793 2042 922 2125 siletur)
956 2045 1082 2108 nullum
1117 2047 1293 2128 vestigium
1323 2053 1371 2112 est

218 2155 304 2217 vocis
328 2153 438 2217 satis.
484 2151 604 2215 Verum
627 2171 668 2215 ne
692 2150 899 2215 admodum
922 2151 1054 2233 quidem
1077 2150 1160 2218 Cato
1185 2175 1319 2221 suorum
1339 2162 1369 2218 et

218 2260 363 2325 hostium
392 2260 519 2324 animos
548 2266 702 2341 expertus
730 2278 800 2322 esse
827 2263 905 2341 apte
935 2258 1070 2338 dicitur;
1104 2282 1208 2324 unum
1230 2262 1294 2326 dici
1314 2282 1365 2345 po

218 2375 319 2444 terat,
355 2368 473 2445 satis,
507 2365 564 2430 sed
594 2387 694 2448 quum
717 2371 891 2448 expertum
914 2386 987 2430 esse
1010 2387 1086 2430 eum
1109 2369 1240 2434 animos
1263 2368 1364 2434 Livius

216 2483 383 2552 narraret,
411 2473 507 2537 facile
530 2472 791 2555 intellegebatur,
821 2475 924 2537 satis
948 2483 1128 2557 expertum.
1182 2476 1284 2542 Recte
1305 2475 1361 2540 Du·

217 2581 314 2646 lrerus
343 2581 501 2645 iudicavit
522 2580 650 2644 Livium
677 2581 861 2664 scripsisse:
896 2580 963 2644 ubi
997 2581 1045 2645 ad
1079 2581 1184 2646 hunc
1218 2583 1359 2649 modun

217 2690 294 2767 (nisi
323 2688 410 2769 quod
439 2690 483 2767 is,
518 2688 706 2753 omittendae
734 2688 871 2752 alterius
899 2689 989 2752 vocis
1018 2690 1254 2756 auctoritatem
1280 2692 1354 2774 igno

218 2817 305 2874 rans,
329 2797 432 2860 satis
456 2795 505 2859 ad
528 2796 631 2859 hunc
654 2795 808 2860 modum
831 2793 965 2877 posuit).
1007 2793 1132 2877 [Satis
1156 2818 1266 2864 errore
1286 2794 1351 2863 inli

217 2901 403 2986 omittitur]
461 2902 616 2986 Sequitur
645 2902 744 2986 paulo
774 2911 849 2985 post
878 2900 894 2984 ἓ
926 2907 944 2965 7
974 2903 1007 2965 in
1030 2900 1167 2968 Catonis
1198 2905 1283 2989 apud
1306 2905 1346 2968 tn'·

217 3012 324 3075 bunos
348 3009 584 3094 praefectosque
608 3017 641 3074 et
664 3016 792 3074 ceteros
816 3015 1012 3074 convocatos
1035 3012 1203 3077 oratione:
1228 3013 1345 3078 Patres

216 3120 347 3183 nostri
378 3139 495 3201 quum
518 3117 720 3199 Hispania
744 3116 1151 3198 Carthaginiensium
1181 3128 1220 3184 et
1246 3122 1342 3200 impe·

216 3233 377 3290 ratores
400 3225 459 3290 ibi
482 3231 521 3288 et
543 3226 752 3288 exercitus
776 3230 928 3299 essent,
962 3224 1045 3305 ipsi
1073 3226 1229 3291 nullum
1254 3229 1287 3290 in
1308 3240 1340 3283 ee

216 3333 385 3397 militem
423 3331 638 3407 haberent,
672 3338 805 3395 tamen
839 3330 986 3395 addere
1020 3331 1093 3395 hoc
1127 3334 1167 3398 in
1201 3331 1336 3398 foedere

217 3440 445 3518 voluerunt,
480 3446 523 3503 ut
557 3440 721 3520 imperii
755 3439 814 3502 sui
850 3437 1028 3502 Hiberus
1062 3438 1219 3506 fluvius
1255 3437 1336 3504 esset

216 3547 329 3611 finis.
385 3548 531 3611 Primum
567 3545 775 3611 vehementer
804 3545 940 3609 offendit
967 3546 1103 3611 verbum
1131 3546 1333 3613 substantivum

245 3797 268 3864 ¹)
288 3798 367 3866 Quod
391 3799 504 3866 qnidam
526 3815 615 3867 nuper
636 3799 681 3852 hic
705 3815 753 3851 sex
770 3798 856 3852 verba
872 3798 936 3852 tolli
954 3799 1105 3855 voluerunt
1122 3802 1190 3870 (hic
1207 3803 1330 3856 Rons‘

284 3884 461 3949 vicorum),
489 3884 645 3938 rectissime
663 3882 805 3950 Valerius,
834 3884 881 3950 qui
904 3882 1080 3938 coloniarum
1102 3893 1131 3940 et
1154 3883 1329 3954 mancipium

284 3969 466 4037 magistratus
485 3970 726 4035 commemoravit,
747 3968 815 4036 quid
835 3968 889 4021 hic
907 3965 1017 4022 Romoe
1036 3968 1096 4038 liat,
1117 3973 1252 4036 admonet,
1267 3972 1327 4029 mre
1406 4024 1408 4045 2

283 4054 372 4107 ullum
396 4054 511 4107 omnino
534 4054 564 4107 in
581 4053 653 4106 Livii
676 4053 822 4107 codicibus
845 4059 888 4106 est
911 4054 1062 4121 vestigium
1080 4056 1235 4111 huiusmodi
1250 4047 1326 4107 addin·
1404 4050 1408 4085 '¹

283 4146 443 4192 mentorum
465 4155 552 4192 noras
576 4155 691 4207 prorsus
714 4154 759 4191 res
778 4137 894 4204 adeas,
922 4155 990 4205 quas
1007 4139 1105 4195 Livius
1128 4129 1325 4196 commemoravit,

284 4222 504 4292 adiungentium.
546 4223 624 4278 Idem
642 4223 711 4276 mihi
729 4221 763 4276 de
782 4239 804 4276 c.
827 4224 866 4288 16,
893 4224 959 4276 1-8
977 4222 1086 4281 dictum
1104 4235 1173 4282 esto.
1210 4215 1328 4280 Perndw
1396 4242 1401 4299 j

284 4308 398 4363 lacunas
418 4315 576 4362 ceterorum
594 4306 722 4362 codicum
740 4309 837 4374 (etism
855 4308 890 4373 B)
910 4308 985 4362 solus
1003 4309 1034 4364 Μ
1051 4312 1154 4381 explet
