2994 5108
225 478 286 537 Lib.
305 479 378 539 VIII.
771 473 830 534 194

224 656 257 721 16
299 658 413 722 eadem
447 657 608 722 communi
642 677 714 722 sese
748 657 934 723 devorantis
968 680 1110 743 persona
1143 658 1216 725 6611
1250 656 1376 742 aliquid

226 764 380 848 addit.]¹)

310 873 454 958 (16612,
480 879 518 937 14
532 896 606 958 sqq:
631 874 682 957 (Q.
695 874 853 940 Publilius
864 875 959 940 Philo
983 875 1138 958 dictator)
1161 882 1246 941 tres
1261 875 1375 958 leges

224 984 542 1053 secundissimas
566 985 713 1069 plebei,
744 985 940 1049 adversas
963 986 1177 1051 nobilitati
1199 984 1310 1063 tulit,
1331 1019 1376 1026 —

222 1128 265 1137 —
281 1119 339 1174 -3
357 1095 529 1174 tertiam,
554 1101 595 1159 ut
618 1095 723 1160 alter
745 1095 887 1178 utique
913 1116 957 1159 ex
980 1094 1105 1179 plebe,
1130 1115 1213 1159 cum
1230 1091 1374 1177 (quum)

224 1208 449 1268 661661616
472 1205 539 1283 sit,
573 1210 615 1269 ut
637 1210 852 1287 utrumque
876 1203 1076 1288 plebeium
1097 1201 1193 1267 fieri
1215 1202 1373 1280 liceret,

224 1333 366 1377 censor
404 1319 628 1377 crearetur.
691 1312 744 1377 Sic
784 1314 941 1395 scripturn
974 1311 1097 1377 habent
1130 1311 1260 1377 codices
1293 1311 1373 1376 boni

222 1420 378 1503 malique,
413 1420 475 1485 nisi
509 1421 597 1503 quod
631 1421 781 1504 Sigonius
814 1423 847 1485 in
882 1443 940 1486 suo
975 1421 1086 1486 codice
1121 1442 1190 1485 6666
1224 1419 1373 1498 tradidit,

223 1529 310 1613 quod
339 1535 455 1612 postea
478 1551 579 1612 prope
602 1552 727 1609 616666,
760 1531 787 1594 61
809 1529 1048 1595 Alschefskium
1072 1537 1108 1595 61·
1127 1530 1295 1595 llertzium
1318 1551 1374 1593 ex-

223 1640 338 1723 cipias,
372 1645 564 1703 tenuerunt:
604 1647 645 1705 ut
678 1646 893 1722 utrumque
929 1638 1134 1723 plebeium
1168 1636 1371 1702 consulem

221 1747 317 1812 fieri
345 1747 506 1827 liceret,
535 1749 601 1812 sive
624 1749 650 1810 is
674 1768 767 1812 suam
791 1749 1013 1813 coniecturam
1036 1747 1141 1812 codici
1165 1747 1281 1812 tribuit
1304 1747 1373 1811 sive

222 1856 545 1939 interpolatissimum
585 1857 728 1920 omnium
766 1856 890 1922 habuit.
956 1856 1147 1922 Addendum
1187 1864 1297 1921 auteur
1338 1855 1372 1919 id

222 1965 414 2030 vocabulum
444 1964 676 2046 (consulem)
707 1967 848 2043 censuit,
880 1967 1066 2049 quicunque
1089 1965 1211 2048 primus
1233 1963 1374 2044 addidit,

221 2075 309 2159 quod
337 2074 377 2138 de
400 2080 539 2156 utroque
564 2094 708 2138 censura
731 2074 803 2139 loco
826 2075 964 2158 plebeiis
987 2073 1153 2157 patefacto
1177 2073 1259 2137 nihil
1282 2071 1374 2156 apud

221 2183 345 2248 Livium
368 2183 529 2247 hacteuus
553 2183 710 2247 traditum
734 2189 798 2262 est,
830 2183 869 2248 de
899 2183 1072 2248 consulatu
1095 2183 1157 2246 hoc
1180 2202 1374 2246 concessum

219 2293 292 2375 1636
322 2292 467 2357 (1666616
495 2292 628 2374 scripsit
657 2291 809 2356 dubitans
832 2292 905 2371 Vll,
935 2296 990 2370 423
1018 2313 1093 2356 nam
1121 2288 1374 2368 Alschefskium,

221 2401 372 2465 liceret
396 2400 435 2464 dc
460 2422 513 2479 66,
542 2400 628 2483 quod
653 2402 722 2465 sine
745 2399 816 2483 lege
839 2400 908 2464 fieri
933 2408 1051 2483 posset,
1080 2401 1107 2464 si
1131 2399 1223 2492 plebs
1246 2397 1374 2463 viribus

219 2512 286 2576 suis
320 2516 481 2591 uteretur,
520 2509 777 2592 intellegentem,
815 2509 951 2573 refutari
985 2508 1064 2574 nihil
1099 2530 1179 2592 opus
1213 2514 1264 2571 661
1296 2504 1372 2589 (616.

220 2618 362 2697 Becker,
395 2617 650 2683 1161616616.
680 2616 773 2695 11,.a
805 2640 834 2700 p.
866 2621 922 2680 191
954 2626 1020 2682 not.
1045 2617 1150 2698 61116).
1208 2615 1272 2680 Sed
1302 2616 1372 2681 sire

220 2727 352 2792 additur
381 2726 584 2790 consulem
613 2728 680 2790 sive
704 2748 768 2789 non
791 2726 936 2803 additur,
965 2732 1056 2791 16166
1079 2726 1171 2789 16666
1195 2746 1372 2808 perversus

220 2844 252 2902 61
280 2837 470 2919 6636166166
499 2841 548 2899 661
577 2843 610 2898 61
637 2857 672 2898 66
696 2842 728 2899 61
752 2837 909 2900 6661161116
932 2835 1045 2899 fornia.
1103 2835 1168 2898 (1116
1191 2836 1276 2898 66116
1302 2855 1372 2898 om·

220 2949 311 3023 nino,
342 2967 439 3029 quum
469 2952 536 3008 tres
563 2944 652 3027 leges
681 2952 912 3008 enumerentur
940 2967 1117 3028 earumque
1141 2952 1371 3024 argumentum

134 3073 204 3141 (165)
224 3057 366 3121 breviter
395 3054 571 3131 indicetur,
606 3054 639 3116 in
672 3052 734 3116 hac
767 3054 867 3117 tortia
900 3054 970 3134 lege
1005 3075 1102 3117 causa
1131 3053 1207 3116 latae
1237 3053 1308 3116 eius
1337 3058 1373 3117 et

219 3169 364 3247 acceptae
406 3162 537 3226 additur
577 3161 624 3242 (et
663 3161 796 3226 additur
836 3163 868 3225 in
911 3162 1016 3226 medio
1050 3162 1131 3243 legis
1166 3167 1370 3244 argumento,

220 3274 314 3356 quasi
342 3272 423 3354 16316
452 3271 556 3352 ipsius
584 3269 654 3334 haec
684 3292 760 3352 pars
790 3270 861 3351 sit),
891 3269 1071 3335 cuiusmodi
1100 3269 1181 3334 nihil
1204 3271 1237 3333 in
1261 3270 1371 3352 prima

220 3390 252 3445 et
274 3383 374 3447 tertia
396 3380 468 3463 1636
492 3379 719 3460 significatur?
753 3379 878 3444 Deinde
908 3379 999 3443 nulla
1022 3381 1152 3444 omnino
1175 3377 1244 3442 hac
1268 3397 1372 3442 causa

220 3496 286 3570 est,
309 3511 395 3567 narn,
419 3490 446 3553 si
471 3488 639 3571 Sigoniuru
662 3489 835 3571 sequimur,
861 3488 948 3571 quod
970 3487 1159 3552 consulatus
1182 3489 1369 3570 promiscue

220 3600 293 3682 oapi
322 3598 362 3661 ab
393 3599 563 3680 utriusque
592 3597 716 3662 ordinis
738 3596 924 3662 hominibus
947 3603 1093 3680 poterat,
1127 3597 1169 3661 ad
1193 3617 1369 3661 censuram

219 3707 454 3774 nihilomnino
479 3706 673 3789 pertinebat,
697 3708 747 3770 sin
771 3707 906 3785 codices,
930 3727 969 3769 ne
993 3707 1040 3769 sic
1063 3705 1192 3790 quidem
1216 3710 1367 3788 apparet,

219 3839 291 3895 cur,
332 3814 418 3897 quod
459 3814 622 3879 sublatum
662 3837 755 3878 omne
795 3815 918 3879 ordinis
952 3815 1125 3879 discrimen
1157 3814 1189 3877 iu
1225 3832 1368 3879 censura

220 3924 329 3989 danda
358 3931 456 4002 esset,
491 3923 531 3987 ob
567 3945 638 3987 earn
673 3944 805 3987 causam
829 3924 1040 3987 sanciendum
1068 3922 1181 4001 fuerit,
1216 3930 1252 3986 ut
1281 3921 1368 3986 alter

219 4036 332 4117 utique
356 4055 373 4096 e
398 4031 492 4115 plebe
516 4031 618 4097 fieret.
670 4033 761 4111 Tum,
790 4033 913 4097 utiam
936 4031 1013 4113 diri,
1036 4053 1142 4096 causae
1166 4031 1221 4095 illa
1243 4029 1368 4113 signifi-

219 4144 305 4207 catio
335 4141 629 4207 incommodissime
658 4144 705 4206 sic
735 4143 966 4225 interponitur,
1000 4148 1036 4205 ut
1064 4140 1150 4205 hac:
1186 4148 1227 4204 ut
1260 4139 1370 4210 alter

226 4304 238 4310 —
245 4305 340 4311 ..ι-η..
352 4304 440 4311 -----.-

247 4374 270 4442 ¹)
290 4373 330 4426 Ι)6
349 4375 449 4427 lacuna
466 4375 496 4427 in
514 4375 641 4445 proximo
660 4375 751 4444 capite
768 4375 819 4443 (Il,
833 4376 859 4442 6)
873 4375 998 4428 notanda
1017 4374 1075 4428 dixi
1093 4374 1122 4428 in
1139 4375 1286 4443 prooemio
1300 4392 1328 4447 p.
1343 4376 1368 4431 6.
