2994 5108
219 488 280 544 Lib.
300 489 332 543 V.
769 475 829 536 134

220 660 378 727 Claudius
400 660 492 740 dixit,
515 659 677 743 tempore)
702 659 951 743 stipendium
974 665 1222 742 extorquere
1243 655 1379 722 volue-

219 775 323 851 runt,
347 789 445 832 nune
467 767 697 833 consultum
718 773 888 851 repente
911 767 1061 833 volunt.
1107 765 1175 848 (Sic
1197 765 1270 833 cod.
1296 765 1375 831 Lov.

222 878 264 960 1.)
319 878 357 943 ln
389 876 547 961 proximis
580 876 689 942 verbis
724 876 819 941 valde
849 874 982 955 dubito,
1017 876 1229 960 scripseritne
1255 873 1380 953 Livius,

220 985 310 1069 quod
338 995 425 1050 nuno
454 984 663 1050 ecodicibus
692 984 816 1049 editur:
850 982 1004 1048 vallum
1032 983 1283 1066 fossamque,
1315 982 1378 1047 in·

100 1115 102 1120 ·
219 1095 354 1176 gentis
382 1101 599 1175 utrumque
626 1113 707 1157 rem
737 1093 875 1176 operis
904 1112 964 1175 pro
987 1097 1215 1176 utramque,
1247 1090 1378 1174 potius-

220 1224 283 1286 que
318 1202 477 1280 arbitror,
517 1202 558 1267 ab
600 1202 670 1266 eius
703 1221 804 1265 manu
838 1220 910 1264 esse
943 1200 1125 1283 ingentis
1158 1205 1380 1283 utrumque

220 1310 370 1394 operis,
399 1309 549 1374 additum
571 1330 651 1373 rem
674 1309 715 1374 ab
739 1309 867 1393 aliquo,
896 1309 954 1392 qui
976 1313 1193 1392 utrumque
1215 1328 1278 1392 pro
1301 1305 1380 1372 sub·

171 1426 174 1440 “
219 1418 361 1482 stantivo
384 1418 464 1501 poni
486 1439 550 1481 non
573 1416 820 1499 meminisset.¹)
865 1414 896 1499 (ἓ
920 1421 949 1496 8,
973 1416 1033 1481 ubi
1055 1418 1180 1482 editur:
1216 1415 1381 1497 Loquor

219 1525 264 1590 de
294 1546 412 1608 opere
435 1531 474 1590 st
497 1525 544 1589 de
567 1526 761 1609 temporis
785 1525 963 1604 iactura,
992 1525 1083 1590 Ver:
1108 1526 1154 1590 ds
1179 1544 1304 1608 opera
1326 1529 1378 1588 et

220 1634 321 1699 Recte
343 1632 535 1715 Ussingius:
559 1633 605 1698 de
629 1653 754 1717 opere
778 1639 818 1697 et
841 1632 887 1698 de
910 1639 933 1698 t.
957 1633 977 1697 i.
1026 1632 1132 1707 1873.)

305 1738 425 1824 (lapd,
446 1746 501 1805 15:
522 1741 721 1824 quidquid
738 1741 929 1806 tribunus
948 1739 1060 1823 plebi
1076 1739 1273 1822 loquitur,
1292 1738 1378 1805 etsi
1411 1758 1416 1765 ·

219 1849 434 1932 prodendae
464 1850 608 1933 patriae
637 1848 988 1931 dissolvendasque
1016 1850 1076 1913 rei
1104 1847 1279 1932 publiea
1308 1854 1381 1927 est,

220 1957 431 2022 adsuestis
461 1959 562 2041 aequi
586 1957 738 2022 audire.
785 1957 985 2022 inusitatum
1008 1978 1145 2040 aequus
1168 1956 1292 2021 audio
1316 1976 1379 2040 pro

220 2085 330 2147 aequo
354 2065 496 2130 animo.
538 2064 639 2131 Codd.
663 2066 741 2148 qui.
775 2065 894 2130 Fuitne
917 2065 1069 2149 quieti?
1093 2063 1163 2147 [Sic
1185 2061 1359 2147 Welzius]

130 2199 204 2269 (113)
310 2171 388 2256 (lap.
415 2178 463 2253 10,
487 2177 522 2238 5:
559 2179 751 2256 quantum
781 2180 915 2252 autem
943 2173 1175 2255 augebatur
1203 2171 1384 2237 militum

219 2302 423 2362 numerus,
469 2287 587 2347 tanto
633 2279 787 2348 maiore
828 2280 1005 2365 pecnnia
1044 2282 1084 2345 in
1124 2279 1384 2366 stipendium

221 2409 321 2472 opus
361 2396 465 2468 orat,
513 2410 644 2475 eaque
683 2391 843 2456 tributo
883 2388 1191 2469 conferebatur,
1230 2388 1382 2457 invitis

219 2495 545 2576 conferentibus,
592 2498 659 2581 qui
706 2498 811 2562 domi
848 2497 1132 2577 remanebant,
1177 2498 1275 2580 quia
1314 2504 1380 2564 eet.

219 2604 290 2668 Non
314 2605 447 2687 elegans
471 2604 617 2689 profecto
639 2605 710 2670 haec
733 2606 854 2671 oratio:
891 2604 1200 2686 conferebatur,
1228 2607 1382 2673 invitis

220 2712 541 2792 conferentibus,
572 2715 640 2796 qui
662 2750 713 2793 -,
743 2736 843 2798 quum
864 2715 1050 2798 praesertim
1071 2712 1266 2779 facillimum
1289 2721 1384 2781 esset

221 2819 434 2886 offensionem
468 2823 573 2886 vitare
602 2821 761 2903 (invitis
790 2821 1067 2902 solventibus,
1103 2822 1382 2906 querentibus

219 2929 277 3008 iis,
313 2929 492 3012 similiter);
533 2930 591 2994 sed
630 2951 672 2995 ne
710 2936 836 2995 rectum
875 2931 1010 3014 quidem
1043 2937 1103 2996 aut
1136 2931 1293 2996 Latinum
1329 2937 1384 2997 est

220 3038 430 3119 pecuniam
459 3039 646 3104 conferre
676 3038 849 3119 tribut03
883 3061 960 3103 nam
988 3046 1047 3104 aut
1075 3041 1252 3123 pecunia
1281 3060 1383 3106 oon-

219 3143 366 3223 fertur,
399 3147 522 3211 omissa
548 3147 665 3212 tributi
688 3148 869 3227 mentione,
904 3153 964 3212 aut
986 3147 1195 3212 tributum.
1252 3146 1385 3232 Opinon

219 3251 345 3316 Livium
378 3255 562 3337 scripsisse:
603 3275 729 3337 eaque
767 3255 927 3320 tributo
961 3255 1285 3335 conficiebatur,
1320 3257 1382 3322 in·

220 3360 317 3423 vitis
352 3361 675 3441 coniterentibus,
709 3364 777 3444 qui
811 3370 872 3427 cet.
930 3361 1197 3429 Commemorata
1229 3365 1383 3448 pecuniae

219 3468 424 3546 necessitate,
453 3469 570 3534 deindo
594 3470 705 3535 Livius
729 3470 901 3552 siguificat,
930 3494 1003 3555 quae
1026 3473 1098 3537 eius
1120 3473 1279 3556 parandae
1303 3494 1382 3540 oon·

220 3573 429 3657 ficiendaeque
463 3578 514 3642 ria
548 3599 569 3642 a
595 3599 630 3643 re
654 3578 787 3662 publiea
810 3580 892 3644 inita
915 3581 973 3659 sit,
1008 3585 1080 3644 tum
1103 3580 1147 3645 ad
1169 3582 1382 3665 privatorum

220 3681 369 3747 solvendi
397 3683 614 3767 (conferendi)
642 3686 844 3751 uoluntatem
872 3688 969 3752 venit.
1026 3687 1217 3754 Refioere
1246 3694 1282 3755 et
1315 3712 1383 3756 re·

219 3789 326 3855 ferre
349 3799 550 3858 commutata
571 3794 712 3859 vidimus
735 3795 820 3860 libro
845 3795 885 3873 Π,
909 3800 960 3874 65,
985 3799 1013 3860 5.
1058 3796 1232 3878 (Extremo
1256 3799 1381 3883 capite,

219 3896 236 3981 ξ
269 3903 321 3977 ll,
356 3916 554 3983 quamquam
587 3909 713 3967 certum
746 3903 890 3982 videtur,
924 3902 1029 3986 legem
1064 3904 1104 3970 ds
1138 3905 1285 3971 tribunis
1313 3927 1383 3973 non

219 4008 414 4089 cooptandis
452 4030 517 4073 non
556 4011 703 4092 potuisse
742 4009 847 4093 legis
881 4010 1117 4076 tribuniciae
1150 4013 1383 4097 appellatione

220 4113 413 4194 significari,
447 4136 520 4197 quae
553 4117 596 4181 ad
631 4138 835 4182 communem
867 4118 1047 4183 multarum
1077 4120 1189 4202 legum
1216 4122 1384 4207 originem

250 4299 271 4364 ¹)
292 4298 328 4368 [V
345 4300 428 4368 plane
447 4301 555 4354 omittit
572 4318 678 4369 quum,
696 4310 726 4358 et
742 4311 837 4374 potest
856 4306 961 4359 abesse
992 4305 1072 4360 Idem
1091 4314 1273 4376 utramque
1295 4325 1382 4377 rom,

288 4384 364 4452 quod
384 4387 450 4439 1873
469 4394 581 4439 secutus
600 4403 669 4440 sum.
