2994 5108
710 468 772 528 289
1148 477 1211 532 Lib.
1229 476 1318 530 xxss.

158 655 224 729 est,
259 650 531 732 estimabant)
566 651 654 715 inter
684 652 915 716 sentiretur
943 656 976 713 et
1004 654 1249 731 aggravaret
1276 683 1320 692 -

159 764 334 840 possent
361 756 439 822 ferri
466 758 610 822 medium
632 759 867 841 interpositum
889 757 1103 834 inciderit,
1138 755 1197 821 sed
1220 777 1319 820 unam
1373 786 1376 790 ·

159 863 308 929 litteram
331 864 523 931 mutandam
546 886 634 945 esse,
663 872 702 930 ut
725 867 769 931 sit
791 865 1011 943 incideret,
1042 873 1197 947 apparet3
1226 864 1318 947 inep-

158 973 287 1039 tissime
310 973 345 1037 in
367 972 431 1038 hoc
453 994 518 1038 nno
540 973 688 1038 membro
711 971 819 1056 figura
841 973 955 1055 aliqua
976 971 1121 1055 fingitur.

246 1078 328 1164 (lap.
354 1084 382 1160 9,
404 1085 424 1144 2
447 1078 501 1162 (de
520 1080 707 1146 Hanniba-le
730 1103 751 1145 a
769 1080 927 1164 spoletio,
950 1080 1039 1162 quod
1062 1085 1318 1165 oppugnaverat,

160 1209 236 1253 cum
257 1208 380 1272 magna
401 1209 534 1253 suorum
557 1188 645 1254 cade
668 1189 832 1272 repulso):
868 1189 1107 1254 coniectans
1131 1209 1177 1252 ex
1199 1189 1319 1253 unius

160 1296 333 1362 colonias
378 1295 486 1362 haud
529 1297 649 1362 nimis
694 1317 891 1381 prospere
937 1302 1107 1361 tentatae
1151 1295 1317 1375 uiribus,

159 1411 319 1485 quanta
346 1404 471 1469 moles
493 1405 678 1470 Romanae
704 1406 821 1470 urbis
849 1410 966 1469 esset.
1019 1404 1141 1486 Figura
1163 1423 1217 1482 ea,
1246 1424 1318 1485 quse

159 1518 264 1588 λιτότης
292 1510 496 1596 appellatur,
532 1512 660 1579 Livium
695 1534 791 1579 nsum
824 1518 957 1596 putant,
991 1532 1065 1594 quae
1093 1513 1127 1575 in
1155 1511 1217 1575 hoo
1244 1511 1318 1576 loco

161 1626 267 1697 esset,
312 1620 340 1685 si
374 1641 435 1704 pro
468 1619 583 1684 valde
616 1620 849 1685 infeliciter
891 1620 1031 1684 dixisset
1063 1620 1194 1682 minus
1227 1639 1319 1700 pro-

159 1747 301 1810 spere;
336 1748 438 1810 quum
471 1748 512 1792 ea
539 1728 634 1805 urbs,
668 1748 689 1792 a
717 1729 880 1813 qusquis
903 1749 976 1792 cum
999 1747 1118 1809 magna
1142 1724 1230 1790 caede
1253 1723 1318 1790 dis·

161 1835 276 1913 cessit,
310 1833 416 1900 haud
443 1837 564 1901 nimis
593 1857 790 1919 prospere
819 1842 949 1901 tentata
972 1835 1107 1913 dicitur,
1141 1833 1263 1898 acerba
1285 1838 1319 1898 et

91 1990 98 2000 .
160 1963 265 2028 prope
287 1943 436 2029 scurrilis
457 1944 568 2009 irrisio
592 1951 653 2022 est,
676 1964 793 2027 parum
815 1943 898 2008 Liuii
921 1943 1105 2008 narrationi
1128 1948 1218 2025 alita.
1253 1940 1319 2006 Sed

161 2051 329 2134 scriptura
350 2050 477 2116 nullum
499 2051 743 2143 babetqtestem
767 2051 978 2136 locupletem,
1007 2071 1084 2114 nam
1106 2051 1141 2113 in
1163 2048 1215 2113 PC
1238 2049 1318 2114 scri·

161 2157 271 2243 bitur:
315 2156 763 2242 haudminueprospere
805 2159 852 2240 (in
882 2157 906 2223 C
935 2180 956 2223 a
984 2178 1048 2222 sec.
1078 2179 1177 2222 manu
1212 2156 1318 2222 haud

158 2265 283 2331 minu‘
311 2266 540 2355 prospere),
574 2268 607 2331 in
637 2267 671 2331 M
698 2266 922 2348 (Harl.,·L0v.
947 2265 1027 2349 3[‘?])
1056 2264 1167 2331 haud
1188 2267 1318 2329 minus

159 2395 373 2457 prospere;
400 2375 432 2438 in
462 2375 701 2439 recentioribus
729 2374 858 2458 longius
886 2375 1070 2440 aberratur.
1122 2375 1244 2438 Verum
1266 2380 1319 2438 est

157 2483 297 2547 minus
347 2503 549 2566 prospere
598 2488 785 2559 tentatae,
843 2483 901 2547 sed
952 2482 1058 2547 hand
1102 2483 1317 2566 praepositum

155 2588 322 2669 ostendit,
362 2589 489 2655 Livium
523 2591 566 2655 ad
598 2590 684 2655 hanc
715 2589 857 2655 formam
890 2591 1078 2673 scripsisse:
1120 2611 1165 2653 ex
1197 2590 1316 2654 unius

157 2696 332 2762 colonias
361 2695 466 2762 haud
495 2698 656 2760 narina
678 2699 806 2763 minus
830 2698 894 2779 (vel
916 2700 1028 2781 potius
1052 2721 1125 2762 eum
1147 2696 1225 2763 Lon.
1251 2695 1316 2780 3[?]

155 2805 340 2884 minime,
370 2804 414 2870 ad
441 2825 510 2869 rem
534 2806 645 2888 aptius
669 2813 702 2870 et
724 2808 870 2889 vestigiis
893 2804 918 2869 P
941 2805 1092 2888 propius)
1116 2825 1316 2888 prospere

152 2919 333 2979 tentata
365 2913 541 2992 viribus,
575 2915 745 2997 aptissime
780 2913 823 2978 ad
851 2913 1046 2978 Hannibalis
1080 2914 1311 2981 coniecturam.
1331 2922 1401 2989 (236)

154 3016 309 3102 [Minime
346 3019 567 3105 probabiliter
604 3021 734 3087 deletur
767 3020 926 3103 minus]
983 3021 1086 3086 Paulo
1121 3027 1195 3103 post
1223 3019 1254 3103 (ἓ
1283 3020 1316 3101 6)

152 3134 247 3192 recte
271 3127 457 3194 Gronovius
485 3130 519 3193 in
548 3130 655 3212 prima
683 3136 837 3194 notarum
860 3130 1004 3193 editione
1029 3129 1128 3194 scribi
1150 3128 1315 3193 voluerat:

153 3234 320 3301 levibus
343 3237 518 3320 proeliis
539 3270 584 3281 —
606 3236 733 3301 factis
756 3259 816 3320 pro
840 3238 956 3301 actis.
1001 3236 1086 3301 Nam
1108 3236 1316 3320 proelium,

152 3362 332 3426 pugnam
359 3363 480 3426 agere
510 3344 544 3407 in
567 3365 668 3437 prosa
691 3345 841 3410 oratione
863 3366 958 3409 nemo
981 3345 1088 3410 bonus
1111 3351 1170 3409 aut
1192 3343 1328 3426 medios

151 3450 221 3515 oris
254 3451 398 3534 scriptor
432 3451 515 3515 dixit
551 3451 631 3532 (non
665 3453 771 3535 magis
799 3474 897 3533 quam
926 3452 1076 3517 bellum
1105 3474 1241 3536 agere,
1275 3452 1316 3517 do

153 3578 224 3642 quo
249 3557 408 3624 admonui
429 3558 574 3624 breviter
595 3582 627 3643 p.
654 3564 714 3624 108
739 3559 829 3640 not),
853 3561 1002 3641 quamvis
1025 3561 1244 3626 corrodantur
1266 3561 1317 3642 (ut

152 3686 177 3731 a
198 3664 475 3751 Drakenborohio
498 3667 541 3732 ad
563 3667 631 3732 Liv.
655 3669 734 3751 epit.
757 3667 812 3749 49)
835 3669 932 3751 pauci
954 3668 1163 3734 librariorum
1186 3671 1220 3732 in
1242 3690 1315 3751 per-

147 3774 339 3838 mutatione
355 3794 423 3839 non
440 3794 519 3839 rara
539 3773 699 3855 (iaetus,
720 3775 851 3856 actus)
870 3796 997 3840 errores
1009 3783 1068 3840 aut
1079 3776 1171 3841 locus
1184 3798 1269 3840 unus
1283 3783 1316 3840 et

156 3916 246 3925 —..—...
253 3917 274 3923 -
297 3918 359 3923 ......
367 3916 390 3925 υ

223 3984 371 4055 suffragiis
388 3987 487 4056 populi
504 3980 665 4057 praetorem,
691 4008 776 4058 quum
794 3991 856 4059 ipse
874 3992 996 4045 comitiis
1014 3997 1156 4060 praesset,
1181 3992 1235 4045 hoc
1253 3991 1315 4059 ipso

220 4075 352 4146 tempore
374 4071 488 4126 consule
510 4072 628 4128 absente
651 4076 819 4131 dictatorem
842 4094 952 4131 creasse
974 4079 1034 4146 ipse
1052 4078 1147 4131 Liuius
1167 4077 1314 4146 significat.

221 4155 427 4211 Mommsenius
449 4156 540 4227 (Gorp.
559 4159 649 4215 Inser.
668 4162 731 4215 Lat.
752 4162 764 4214 l
787 4181 813 4232 p.
834 4165 897 4229 288,
921 4164 1017 4217 Roem.
1037 4162 1216 4217 Staatsrecht
1232 4162 1275 4229 ll,
1301 4168 1314 4217 1

223 4258 252 4311 p·
274 4239 335 4308 1³1)
361 4242 456 4297 omnia
476 4242 552 4298 hoeo:
579 4262 639 4300 nec
663 4246 877 4303 dictatorem
901 4248 1046 4316 populus
1069 4248 1220 4318 (populo)
1245 4266 1317 4304 cre·

219 4342 280 4380 are
297 4331 438 4394 poterat
454 4329 539 4397 tollit,
557 4348 673 4399 prorsus
692 4334 831 4411 violenter
849 4339 878 4386 et
897 4335 957 4387 sine
975 4335 1031 4387 nlla
1050 4332 1273 4403 probabilitate]

1054 4440 1085 4489 19
