2994 5108
208 490 270 545 Lib.
288 489 373 542 XLII.
753 474 815 537 636

210 669 468 745 exspectare;
491 660 604 726 sedin
628 660 738 725 codice
773 659 943 724 scribitur:
966 694 1008 703 —
1032 660 1155 724 armis
1179 638 1360 739 equitum

209 778 397 836 eventum
420 775 672 853 exspectare,
696 769 730 833 in
750 789 815 850 quo
832 765 1041 832 manifestum
1058 774 1110 832 est
1132 766 1238 831 lutere
1261 786 1357 849 copu-

207 877 273 942 lam
308 884 341 942 et
374 897 485 942 vocem
519 877 562 941 ad
590 877 787 942 sententiam
821 877 1023 959 aptissimam
1057 884 1090 940 et
1123 897 1215 959 paene
1249 895 1357 939 neces·

208 987 344 1066 sariam3
368 986 546 1069 scripserat
569 985 654 1050 enim
677 984 801 1049 Livius:
833 984 1043 1050 abstinere
1066 985 1189 1049 armis
1212 988 1253 1048 et
1276 985 1358 1067 qui·

208 1103 297 1160 etus
321 1101 507 1159 eventum
527 1099 780 1176 exspectare.
811 1093 959 1158 Accedat
981 1095 1081 1176 igitur
1099 1094 1161 1158 hoc
1179 1092 1361 1177 exemplum

207 1208 436 1285 corruptarum
462 1200 588 1266 abhoc
616 1201 751 1267 librario
780 1222 895 1265 vocum
929 1203 1097 1284 quiesco
1131 1209 1164 1266 et
1198 1202 1361 1285 quietus

206 1312 257 1389 iis,
282 1332 355 1393 quae
378 1332 408 1392 p.
433 1314 494 1373 602
524 1317 557 1374 et
584 1332 615 1393 p.
641 1313 701 1373 617
726 1308 865 1373 collecta
899 1318 988 1389 sunt,
1012 1311 1278 1394 adiungaturque
1310 1309 1359 1373 his

208 1417 321 1497 XLIV,
346 1422 374 1497 3,
399 1421 426 1497 3,
448 1417 506 1482 ubi
529 1438 568 1481 ex
590 1419 805 1500 posuerint
835 1420 1166 1502 quieverintque,
1190 1417 1280 1500 qnod
1301 1438 1359 1500 ego

207 1525 425 1591 etVahlenius
437 1527 642 1591 restituimus
651 1525 772 1609 (neque
785 1528 869 1590 enim
884 1535 942 1604 est,
951 1548 1010 1591 cur
1022 1547 1064 1592 re
1076 1526 1176 1591 verbo
1188 1547 1360 1610 praepona·

208 1633 306 1716 mus),
331 1644 437 1727 ortum
461 1641 512 1699 est
535 1634 750 1716 posuerint
772 1633 1011 1717 fuerimque.
1046 1633 1204 1716 (1864.)¹)
1237 1634 1359 1699 Deinde

205 1742 254 1826 §6
278 1763 349 1825 quae
373 1743 413 1808 de
437 1742 598 1807 Antiocho
619 1741 719 1825 Syriae
742 1764 818 1825 rege
837 1744 1039 1808 scribuntur:
1064 1751 1103 1808 et
1121 1743 1358 1824 ambigendo

206 1851 254 1916 de
278 1849 400 1916 Coelo
430 1851 545 1934 Syria
568 1871 729 1915 causam
752 1849 852 1915 belli
883 1873 923 1915 se
953 1851 1192 1916 habiturum
1216 1851 1359 1916 existi-

204 1959 341 2024 mabat
363 1966 653 2042 gesturumque
677 1959 761 2023 sine
791 1958 877 2023 ullo
906 1959 1210 2043 impedimento,
1245 1979 1359 2025 occu-

205 2069 314 2152 patis
338 2067 527 2133 Romanis
562 2067 601 2131 in
634 2066 898 2133 Macedonico
921 2067 1045 2146 bello,
1075 2067 1115 2132 id
1137 2066 1305 2147 bellum,
1328 2072 1360 2131 et

204 2181 340 2260 propter
362 2196 555 2240 concursum
578 2175 794 2257 inelegantem
814 2183 1034 2240 extremorum
1052 2175 1170 2241 horum
1187 2175 1359 2240 verborum

208 2285 323 2367 (quum
345 2285 527 2367 praesertim
550 2283 590 2347 id
613 2282 765 2347 bellum
793 2284 883 2348 aliud
906 2285 948 2348 sit
978 2304 1017 2348 ac
1039 2282 1304 2364 Macedonicum)
1328 2287 1359 2348 et

204 2399 342 2475 propter
359 2391 525 2456 obiectum
543 2391 596 2473 (id
612 2390 776 2473 bellum)
802 2392 883 2456 mire
906 2393 939 2456 in
957 2398 1139 2457 extremum
1157 2391 1269 2456 locum
1285 2396 1358 2476 post

204 2499 367 2565 ablativos
390 2501 548 2565 reiectum
564 2499 771 2564 vehementer
789 2498 967 2578 offendunt,
987 2498 1121 2564 confirm
1130 2507 1233 2584 atque
1251 2498 1357 2565 mendi

206 2609 433 2691 suspicionem,
468 2607 556 2690 quod
589 2608 622 2672 in
647 2607 757 2672 codice
787 2629 852 2673 non
879 2598 997 2673 'bello
1032 2608 1072 2672 id
1106 2607 1267 2687 bellum,
1300 2605 1355 2672 scd

205 2716 314 2780 bello
349 2716 453 2800 quod
487 2715 638 2780 bellum
672 2716 838 2781 scribitur.
883 2717 1097 2799 Perspicuum
1121 2724 1181 2791 est,
1217 2717 1353 2800 primum

202 2827 399 2889 seutentiam
422 2826 591 2888 terminari
620 2824 668 2887 his
690 2824 812 2888 verbis:
848 2826 1061 2907 occupatis
1091 2825 1283 2889 Romanis
1315 2826 1353 2887 in

201 2932 463 2998 Macedonico
494 2931 616 3008 bello,
644 2941 681 2996 ut
710 2933 752 2996 ad
775 2941 987 3013 gesturum
1011 2933 1177 2998 obiectum
1201 2933 1353 2997 audiatur

203 3063 242 3104 ex
265 3043 433 3124 superiore
457 3041 557 3105 belli
582 3040 757 3121 (causam
781 3040 835 3121 b).
883 3040 1006 3104 Deinde
1036 3041 1248 3106 scribendum
1270 3040 1353 3104 vide·

202 3157 273 3213 tur:
297 3153 374 3220 buu
398 3151 547 3214 uellent
570 3156 716 3225 tamen,
740 3151 874 3214 omnia
897 3151 1108 3214 -eximie
1138 3150 1352 3233 pollicitus

204 3266 301 3320 erat.
348 3257 710 3339 (Cf1·.xx1v,40‚8.)
744 3257 792 3321 Ex
816 3279 899 3341 quae
928 3257 1080 3329 uellen,
1107 3257 1207 3322 semel
1233 3259 1352 3340 scripto

203 3372 224 3440 1,
248 3364 343 3428 facile
368 3368 444 3430 oriri
469 3374 600 3450 poterat
629 3366 735 3447 quod
763 3365 922 3430 bellum.
968 3365 1076 3430 L'nurn
1099 3376 1211 3430 tamen
1233 3372 1352 3442 rest-ct3

115 3482 185 3552 (525)
204 3492 279 3534 nam
298 3495 356 3555 pro
376 3475 518 3538 eximie
536 3476 568 3537 in
586 3474 696 3538 codice
717 3480 768 3537 est
786 3476 911 3549 enine,
931 3473 992 3537 hoc
1011 3481 1071 3552 est,
1092 3475 1218 3540 enixe.
1239 3494 1351 3555 magno

1393 1997 1479 3522 QUQQlamrsnmuuuh.

204 3643 419 3653 n———-—.

228 3743 250 3801 ¹)
270 3742 356 3796 Initio
377 3748 476 3814 cupitis
497 3743 522 3813 (ξ
541 3744 569 3808 2)
597 3744 673 3798 eius
703 3750 863 3814 corruptum
888 3751 941 3807 est,
970 3746 1024 3800 nisi
1041 3746 1138 3800 Livius
1166 3749 1239 3801 miro
1263 3762 1352 3801 errore

268 3828 389 3881 Persei
411 3848 511 3883 nomen
531 3838 596 3883 ante
615 3848 643 3882 se
662 3831 788 3899 posuisse
807 3832 923 3900 putavit.
957 3831 1012 3885 Sed
1031 3834 1127 3902 regis
1147 3834 1280 3887 substitui
1298 3851 1352 3887 non

269 3913 373 3981 debuit,
402 3934 464 3984 quus
493 3915 648 3984 appellatio
675 3933 731 3970 non
759 3916 851 3970 Persei
872 3918 960 3984 magis
990 3936 1074 3985 quarn
1092 3919 1228 3972 Eumenis
1247 3926 1350 3974 cetero·

268 4016 385 4066 rumque
405 4007 471 4054 erat.
507 4002 575 4054 Post
602 4003 739 4054 scelere
762 4019 819 4055 non
838 4003 878 4054 ita
896 4002 1047 4056 difficulter
1066 4004 1185 4058 Persei
1211 4002 1351 4074 depravari

269 4086 369 4151 potuit.
407 4088 542 4141 Extremo
562 4089 653 4155 capite
673 4085 761 4154 (§12:
783 4086 996 4154 Odrysarum
1016 4107 1075 4141 rex
1092 4096 1126 4142 et
1144 4089 1184 4142 nd
1199 4088 1350 4143 Macedo·

268 4187 345 4221 num
373 4173 486 4238 partis
514 4180 602 4237 erat;
631 4173 669 4225 sic
698 4174 771 4226 enim
799 4174 827 4225 in
852 4172 949 4225 codice
968 4174 1115 4239 scribitur)
1135 4176 1204 4242 quid
1222 4175 1307 4228 latest
1324 4175 1351 4226 in

268 4259 301 4307 et
320 4256 367 4321 od,
386 4258 497 4323 nesci03
517 4258 581 4309 iam
601 4273 657 4309 non
676 4259 779 4310 subest.
816 4258 976 4324 (AdMac.
1001 4265 1124 4327 portes
1153 4262 1350 4328 ieratneqne

268 4337 398 4393 Latinum
417 4360 506 4410 noque
526 4348 621 4410 aptum
641 4359 700 4395 esse
718 4343 852 4408 videtur.)

1401 3735 1484 4291 meg-5222
