3000 5116
191 482 254 537 Lm.
271 478 395 536 XXXIV.
735 471 796 531 506

190 655 418 719 adtentum
447 675 533 719 non.
579 651 643 717 afr.
666 653 709 718 ad
733 656 785 731 23,
807 658 836 717 2.
883 654 951 737 (Sic
974 656 1039 720 iam
1061 657 1096 722 P.
1121 659 1159 722 R.
1183 656 1347 722 Miillerus

186 762 305 827 Philol.
328 763 391 828 XII
413 785 445 846 p.
470 761 571 843 59.)¹)

109 863 119 880 ”
273 871 352 956 Cap.
384 875 440 952 52,
475 876 493 935 5
530 869 584 951 (de
619 869 789 952 triumpho
817 870 852 934 T.
882 869 1059 950 Quinctii):
1093 871 1248 939 Infeoti
1283 893 1346 937 ar·

187 980 297 1064 genti
319 980 401 1045 fuit
423 979 561 1044 decem
584 983 624 1042 et
652 984 744 1042 octo
772 977 909 1042 millia
937 978 1069 1062 pondo
1098 985 1136 1044 et
1166 979 1346 1044 ducenta

188 1088 457 1172 septuaginta
479 1086 598 1165 facti3
629 1104 724 1149 vasa
746 1084 874 1149 multa
896 1086 1022 1150 omnis
1046 1088 1223 1168 generis,
1254 1108 1344 1152 cae·

186 1195 272 1260 lata
294 1195 512 1279 pleraque,
546 1192 722 1277 quaedam
751 1193 905 1257 eximiae
928 1195 1043 1258 artis.
1100 1195 1204 1260 Recte
1228 1193 1343 1260 Creve-

185 1305 255 1368 rius
282 1304 379 1368 nimis
408 1303 563 1384 exignum
591 1300 672 1365 facti
701 1300 829 1383 argenti
857 1300 987 1383 pondus
1015 1302 1155 1366 miratus
1184 1309 1253 1378 est,
1285 1304 1342 1369 mi·

185 1411 272 1477 nime
306 1409 471 1475 sufficiens
500 1409 587 1473 vasis
615 1406 728 1472 multis
760 1408 865 1472 omnis
893 1409 1039 1491 generis;
1072 1417 1209 1492 poterat
1236 1413 1342 1496 auspi·

186 1520 312 1583 cionem
346 1538 467 1599 augere
503 1515 665 1580 rotundus
693 1535 848 1580 numerus
874 1514 1032 1580 librarum
1062 1515 1176 1582 infecti
1205 1519 1342 1600 argenti,

92 1670 95 1677 -
185 1633 255 1691 tum
279 1627 408 1690 numeri
431 1626 478 1691 sio
502 1623 719 1689 substantivis
741 1622 943 1706 interpositi,
971 1630 1009 1688 ut
1032 1631 1283 1705 concurrerent,
1310 1632 1342 1692 et

187 1732 396 1798 substantiva
423 1731 590 1816 particula
617 1737 656 1795 et
679 1730 851 1814 copulata,
884 1729 996 1795 Livius
1026 1733 1111 1796 enim
1137 1733 1341 1817 scripsisset:

185 1840 319 1905 XVIII
342 1839 457 1904 milia
479 1838 624 1923 pondo,
658 1836 762 1902 facti
785 1835 959 1902 CCLXX.
1016 1838 1165 1922 Apparet
1187 1862 1339 1906 numeros

186 1946 426 2013 continuandos
455 1968 524 2011 esse
553 1952 587 2010 et
614 1945 715 2010 verba
743 1947 790 2010 sic
818 1945 1065 2027 distinguenda:
1100 1946 1251 2012 infecti
1279 1970 1339 2013 ar-

185 2055 295 2137 genti
333 2054 417 2119 fuit
450 2053 582 2119 XVIII
621 2053 737 2117 milia
774 2052 907 2136 pondo
941 2059 980 2118 et
1014 2051 1196 2133 CCLXX,
1236 2056 1339 2122 facti

185 2167 280 2226 rasa
311 2161 436 2226 multa
470 2162 597 2226 omnis
631 2161 793 2244 generis
827 2164 889 2225 cet.
943 2160 1041 2226 Facti
1070 2165 1201 2242 argenti
1230 2163 1338 2230 Livius

185 2270 314 2353 copiam
347 2270 535 2334 universam
568 2275 601 2334 et
633 2288 736 2351 genus
769 2266 942 2350 significat,
976 2267 1104 2350 pondus
1138 2291 1205 2335 uon
1238 2273 1388 2355 ponit..

185 2375 458 2458 quemadmodum
485 2378 519 2440 in
540 2375 593 2440 M?
645 2375 742 2440 Acilii
764 2375 956 2442 Glabrionis
983 2376 1151 2460 triumpho
1174 2377 1388 2459 xxxvn.

183 2487 234 2564 46,
258 2487 292 2548 3:
323 2504 420 2549 vasa
449 2489 647 2566 argentea
670 2483 833 2547 caelata
855 2481 984 2547 multa
1006 2485 1222 2568 magnique
1245 2509 1388 2571 pou—

184 2591 304 2656 deris.
360 2591 423 2655 Hic
454 2589 697 2656 subsistendum
729 2596 814 2670 erat,
849 2590 877 2654 si
905 2589 987 2654 nihil
1016 2599 1104 2656 esset
1132 2600 1229 2658 erma
1256 2593 1388 2661 Livii

181 2698 285 2763 libros
307 2698 350 2762 ad
372 2697 459 2763 hunc
480 2698 592 2764 locum
613 2698 824 2763 tractandum
847 2697 1001 2776 subsidii3
1029 2720 1117 2763 nunc
1140 2699 1388 2769 Plutarcho-2,

183 2807 217 2870 in
244 2807 313 2870 rita
340 2806 517 2870 Flaminini
547 2827 574 2870 c.
601 2811 640 2870 14
664 2827 681 2870 e
705 2805 888 2889 Sempronii
912 2805 1068 2871 Tuditani
1098 2807 1277 2874 annalibus
1304 2830 1388 2878 ee

182 2915 254 2978 auri
288 2911 367 2978 facti
398 2920 432 2978 et
460 2913 710 2996 Philippeorum
740 2913 871 2978 eosdem
901 2934 1069 2997 numeros,
1105 2935 1190 2997 quos
1218 2916 1388 2981 Livius.—

183 3022 278 3105 ponit
303 3019 389 3102 (auri
405 3027 516 3085 tamen
534 3019 799 3086 MMMDCCXIII
818 3040 879 3103 pro
898 3019 1187 3103 MMMDCCXIV),
1210 3042 1351 3107 orgen·-

183 3134 293 3193 autem
313 3137 404 3210 λίτρας
420 3137 644 3210 τετρακισμυρίας
661 3137 813 3209 τρισχιλίας
831 3133 972 3196 ὃιαιιοσ”ιις
992 3133 1180 3207 ἑβδομήκοντα.
1221 3130 1388 3213 Ibam:

182 3235 271 3319 apud
290 3235 417 3300 Livium
441 3258 501 3320 pro
519 3236 627 3300 XVIII
646 3235 857 3301 scribendum
874 3234 993 3313 XLIII,
1012 3235 1388 3320 intellegendumq—

183 3345 282 3407 etiam
306 3365 345 3408 ex
367 3342 431 3408 hoo
453 3343 541 3422 looo,
575 3345 607 3407 in
636 3344 782 3426 antiquis
808 3341 890 3407 Livii
921 3341 1089 3406 codicibus
1111 3346 1201 3409 notis
1224 3344 1375 3416 buir—

209 3562 233 3630 ¹)
252 3562 328 3633 [Cep.
347 3566 396 3628 48,
420 3565 436 3617 5
460 3562 579 3617 fortasse
603 3579 655 3616 ser.
683 3558 802 3613 Omnia
820 3575 895 3613 cum
913 3561 1174 3629 approbatione
1192 3563 1356 3631 ingen
1376 3582 1388 3620 ι

249 3653 331 3702 sunt
353 3648 485 3714 audita,
512 3653 744 3717 preterquam
769 3661 866 3712 quum
890 3644 931 3697 ad
954 3646 1168 3699 mentionem
1186 3645 1273 3701 Nobi
1303 3651 1388 3708 di,

248 3740 385 3788 ventum
416 3739 471 3786 est
499 3733 562 3801 (pro
589 3730 699 3795 esset).
742 3727 807 3797 Cap.
831 3731 877 3795 49,
905 3731 936 3791 b,
963 3729 1011 3782 ubi
1035 3730 1076 3783 aie
1101 3732 1247 3785 scribitur:
1279 3731 1381 3787 Li·

248 3821 386 3873 bertate
408 3816 542 3871 modice
565 3821 725 3881 utantur3
752 3819 981 3882 temperatam
1009 3830 1078 3867 eam
1104 3815 1292 3869 salubrem
1333 3828 1368 3874 ot

249 3903 397 3972 singulis
416 3907 449 3956 et
467 3901 679 3956 civitatibus
697 3915 783 3964 esse,
810 3898 952 3953 nlmIam
975 3901 1009 3951 et
1032 3898 1115 3952 aliis
1138 3914 1281 3969 gravem
1316 3907 1351 3954 et

247 3988 349 4057 ipsis,
374 3987 429 4056 qui
451 3987 616 4051 habeant,
640 3983 844 4039 effrenatam
864 3987 898 4037 et
914 3983 1139 4052 praecipitem
1157 4001 1240 4048 aare,
1266 3982 1337 4036 rnal-

247 4073 302 4126 lem
330 4074 442 4127 abesset
468 4074 502 4123 et
528 4068 732 4124 effrenatam
759 4075 809 4123 aut
835 4068 1018 4122 scriberetur:
1047 4069 1188 4123 nimiam
1217 4072 1250 4121 et
1277 4064 1322 4119 ef·.

247 4156 419 4211 frenatam
447 4160 480 4209 et
507 4155 588 4208 aliis
618 4170 752 4222 gravem
782 4160 815 4207 et
841 4152 943 4222 ipsis,
971 4153 1027 4220 qui
1051 4153 1214 4217 habeant,
1238 4165 1309 4220 pra·

247 4242 387 4311 cipitem
410 4256 491 4293 esse.
531 4237 638 4292 Vitium
663 4239 752 4293 sensit
775 4239 860 4292 etiam
883 4235 1054 4291 Ritacbelins
1074 4238 1145 4291 Mur.
1164 4237 1213 4291 Ru
1231 4231 1305 4289 XVIII

247 4344 275 4395 p.
293 4329 352 4382 rra.
392 4321 477 4391 mea]
