<?xml version="1.0" encoding="UTF-8"?>
<!DOCTYPE html PUBLIC "-//W3C//DTD XHTML 1.0 Transitional//EN"
    "http://www.w3.org/TR/xhtml1/DTD/xhtml1-transitional.dtd">
<html xmlns="http://www.w3.org/1999/xhtml" xml:lang="en" lang="en">
 <head>
  <title>
</title>
<meta http-equiv="Content-Type" content="text/html;charset=utf-8" />
  <meta name='ocr-system' content='tesseract 3.04.00' />
  <meta name='ocr-capabilities' content='ocr_page ocr_carea ocr_par ocr_line ocrx_word'/>
</head>
<body>
  <div class='ocr_page' id='page_1' title='image "./emendationesliv00madvgoog_0439.png"; bbox 0 0 2994 5108; ppageno 0'>
   <div class='ocr_carea' id='block_1_1' title="bbox 226 468 836 536">
    <p class='ocr_par' dir='ltr' id='par_1_1' title="bbox 226 468 836 536">
     <span class='ocr_line' id='line_1_1' title="bbox 226 468 836 536; baseline -0.013 0"><span class='ocrx_word' id='word_1_1' title='bbox 226 482 288 536; x_wconf 88' lang='lat' dir='ltr'>Lib.</span> <span class='ocrx_word' id='word_1_2' title='bbox 308 480 394 536; x_wconf 71' lang='lat' dir='ltr'>XXX</span> <span class='ocrx_word' id='word_1_3' title='bbox 773 468 836 529; x_wconf 80' lang='lat'>430</span> 
     </span>
    </p>
   </div>
   <div class='ocr_carea' id='block_1_2' title="bbox 225 650 1385 2787">
    <p class='ocr_par' dir='ltr' id='par_1_2' title="bbox 226 650 1385 1816">
     <span class='ocr_line' id='line_1_2' title="bbox 226 650 1382 736; baseline -0.001 -18"><span class='ocrx_word' id='word_1_4' title='bbox 226 655 328 734; x_wconf 26' lang='lat' dir='ltr'>,ceteri</span> <span class='ocrx_word' id='word_1_5' title='bbox 362 653 491 718; x_wconf 91' lang='lat' dir='ltr'>codices</span> <span class='ocrx_word' id='word_1_6' title='bbox 524 659 612 717; x_wconf 84' lang='lat' dir='ltr'>recte</span> <span class='ocrx_word' id='word_1_7' title='bbox 647 658 710 717; x_wconf 89' lang='lat' dir='ltr'>est</span> <span class='ocrx_word' id='word_1_8' title='bbox 742 650 1087 733; x_wconf 86' lang='lat' dir='ltr'>(intercessiost),</span> <span class='ocrx_word' id='word_1_9' title='bbox 1122 653 1210 736; x_wconf 89' lang='lat' dir='ltr'>quod</span> <span class='ocrx_word' id='word_1_10' title='bbox 1239 652 1309 736; x_wconf 85' lang='lat' dir='ltr'>ipse</span> <span class='ocrx_word' id='word_1_11' title='bbox 1332 651 1382 717; x_wconf 90' lang='lat' dir='ltr'>W.</span> 
     </span>
     <span class='ocr_line' id='line_1_3' title="bbox 227 758 1383 843; baseline 0 -18"><span class='ocrx_word' id='word_1_12' title='bbox 227 763 394 826; x_wconf 86' lang='lat' dir='ltr'>revocavit</span> <span class='ocrx_word' id='word_1_13' title='bbox 424 762 471 842; x_wconf 84' lang='lat' dir='ltr'>(in</span> <span class='ocrx_word' id='word_1_14' title='bbox 500 760 550 826; x_wconf 89' lang='lat' dir='ltr'>ed.</span> <span class='ocrx_word' id='word_1_15' title='bbox 574 758 713 841; x_wconf 87' lang='lat' dir='ltr'>Teubn.)</span> <span class='ocrx_word' id='word_1_16' title='bbox 748 766 782 824; x_wconf 93' lang='lat' dir='ltr'>et</span> <span class='ocrx_word' id='word_1_17' title='bbox 815 761 864 824; x_wconf 87' lang='lat' dir='ltr'>ita</span> <span class='ocrx_word' id='word_1_18' title='bbox 893 759 1019 824; x_wconf 83' lang='lat' dir='ltr'>Livium</span> <span class='ocrx_word' id='word_1_19' title='bbox 1044 759 1141 843; x_wconf 77' lang='lat' dir='ltr'>&#39;loqui</span> <span class='ocrx_word' id='word_1_20' title='bbox 1170 760 1263 826; x_wconf 83' lang='lat' dir='ltr'>dixit.</span> <span class='ocrx_word' id='word_1_21' title='bbox 1318 759 1383 841; x_wconf 89' lang='lat' dir='ltr'>(Si-</span> 
     </span>
     <span class='ocr_line' id='line_1_4' title="bbox 229 867 1382 953; baseline 0.002 -20"><span class='ocrx_word' id='word_1_22' title='bbox 229 869 314 934; x_wconf 89' lang='lat' dir='ltr'>milis</span> <span class='ocrx_word' id='word_1_23' title='bbox 343 890 436 935; x_wconf 90' lang='lat' dir='ltr'>error</span> <span class='ocrx_word' id='word_1_24' title='bbox 463 875 539 953; x_wconf 87' lang='lat' dir='ltr'>post</span> <span class='ocrx_word' id='word_1_25' title='bbox 567 868 695 933; x_wconf 91' lang='lat' dir='ltr'>donec</span> <span class='ocrx_word' id='word_1_26' title='bbox 722 867 826 948; x_wconf 88' lang='lat' dir='ltr'>XLV,</span> <span class='ocrx_word' id='word_1_27' title='bbox 856 872 891 946; x_wconf 84' lang='grc'>7,</span> <span class='ocrx_word' id='word_1_28' title='bbox 920 874 940 932; x_wconf 84' lang='grc'>4</span> <span class='ocrx_word' id='word_1_29' title='bbox 976 868 1099 934; x_wconf 88' lang='lat' dir='ltr'>codicis</span> <span class='ocrx_word' id='word_1_30' title='bbox 1127 869 1231 953; x_wconf 87' lang='lat' dir='ltr'>ipsius</span> <span class='ocrx_word' id='word_1_31' title='bbox 1259 869 1382 935; x_wconf 89' lang='lat' dir='ltr'>indicio</span> 
     </span>
     <span class='ocr_line' id='line_1_5' title="bbox 228 974 1385 1060; baseline 0 -18"><span class='ocrx_word' id='word_1_32' title='bbox 228 976 446 1060; x_wconf 75' lang='lat' dir='ltr'>coarguitur.)</span> <span class='ocrx_word' id='word_1_33' title='bbox 492 974 694 1060; x_wconf 80' lang='lat' dir='ltr'>[Imperfecti</span> <span class='ocrx_word' id='word_1_34' title='bbox 734 976 933 1040; x_wconf 75' lang='lat' dir='ltr'>conjunctivi</span> <span class='ocrx_word' id='word_1_35' title='bbox 972 983 1050 1060; x_wconf 91' lang='lat' dir='ltr'>post</span> <span class='ocrx_word' id='word_1_36' title='bbox 1089 998 1166 1042; x_wconf 91' lang='lat' dir='ltr'>non</span> <span class='ocrx_word' id='word_1_37' title='bbox 1205 983 1300 1042; x_wconf 86' lang='lat' dir='ltr'>ante</span> <span class='ocrx_word' id='word_1_38' title='bbox 1339 1012 1385 1023; x_wconf 94' lang='lat'>—</span> 
     </span>
     <span class='ocr_line' id='line_1_6' title="bbox 228 1084 1384 1168; baseline 0.001 -19"><span class='ocrx_word' id='word_1_39' title='bbox 228 1106 352 1166; x_wconf 89' lang='lat' dir='ltr'>quam,</span> <span class='ocrx_word' id='word_1_40' title='bbox 388 1105 462 1150; x_wconf 90' lang='lat' dir='ltr'>oum</span> <span class='ocrx_word' id='word_1_41' title='bbox 496 1084 689 1149; x_wconf 84' lang='lat' dir='ltr'><strong>obscuriore</strong></span> <span class='ocrx_word' id='word_1_42' title='bbox 723 1084 867 1168; x_wconf 87' lang='lat' dir='ltr'>quadam</span> <span class='ocrx_word' id='word_1_43' title='bbox 902 1085 1002 1148; x_wconf 86' lang='lat' dir='ltr'>animi</span> <span class='ocrx_word' id='word_1_44' title='bbox 1036 1092 1069 1150; x_wconf 88' lang='lat' dir='ltr'>et</span> <span class='ocrx_word' id='word_1_45' title='bbox 1102 1085 1230 1150; x_wconf 88' lang='lat' dir='ltr'>consilii</span> <span class='ocrx_word' id='word_1_46' title='bbox 1259 1084 1384 1168; x_wconf 86' lang='lat' dir='ltr'>signifi·</span> 
     </span>
     <span class='ocr_line' id='line_1_7' title="bbox 228 1191 1381 1277; baseline 0 -20"><span class='ocrx_word' id='word_1_47' title='bbox 228 1193 357 1257; x_wconf 86' lang='lat' dir='ltr'>catione</span> <span class='ocrx_word' id='word_1_48' title='bbox 385 1193 489 1276; x_wconf 86' lang='lat' dir='ltr'>positi</span> <span class='ocrx_word' id='word_1_49' title='bbox 518 1191 667 1276; x_wconf 86' lang='lat' dir='ltr'>exempla</span> <span class='ocrx_word' id='word_1_50' title='bbox 695 1192 784 1277; x_wconf 87' lang='lat' dir='ltr'>apud</span> <span class='ocrx_word' id='word_1_51' title='bbox 806 1191 934 1257; x_wconf 90' lang='lat' dir='ltr'>Livium</span> <span class='ocrx_word' id='word_1_52' title='bbox 961 1193 1171 1277; x_wconf 85' lang='lat' dir='ltr'>reperiuntur</span> <span class='ocrx_word' id='word_1_53' title='bbox 1194 1192 1230 1273; x_wconf 87' lang='lat' dir='ltr'>V,</span> <span class='ocrx_word' id='word_1_54' title='bbox 1262 1197 1312 1272; x_wconf 82' lang='lat'>19,</span> <span class='ocrx_word' id='word_1_55' title='bbox 1344 1198 1381 1257; x_wconf 93' lang='lat' dir='ltr'>ll</span> 
     </span>
     <span class='ocr_line' id='line_1_8' title="bbox 229 1299 1384 1382; baseline 0.001 -17"><span class='ocrx_word' id='word_1_56' title='bbox 229 1300 450 1382; x_wconf 81' lang='lat' dir='ltr'>(lacerent),</span> <span class='ocrx_word' id='word_1_57' title='bbox 479 1299 535 1380; x_wconf 91' lang='lat' dir='ltr'>IX,</span> <span class='ocrx_word' id='word_1_58' title='bbox 564 1305 613 1380; x_wconf 80' lang='lat'>34,</span> <span class='ocrx_word' id='word_1_59' title='bbox 643 1299 947 1381; x_wconf 73' lang='lat' dir='ltr'>2(obruerent),</span> <span class='ocrx_word' id='word_1_60' title='bbox 976 1300 1072 1380; x_wconf 86' lang='lat' dir='ltr'>XLV,</span> <span class='ocrx_word' id='word_1_61' title='bbox 1098 1306 1146 1381; x_wconf 95' lang='grc'>11,</span> <span class='ocrx_word' id='word_1_62' title='bbox 1170 1304 1189 1365; x_wconf 88' lang='grc'><strong>3</strong></span> <span class='ocrx_word' id='word_1_63' title='bbox 1212 1301 1384 1382; x_wconf 62' lang='grc' dir='ltr'>(οοιιῐίτὲ</span> 
     </span>
     <span class='ocr_line' id='line_1_9' title="bbox 229 1407 1381 1491; baseline 0.001 -18"><span class='ocrx_word' id='word_1_64' title='bbox 229 1407 387 1490; x_wconf 78' lang='lat' dir='ltr'>maret),</span> <span class='ocrx_word' id='word_1_65' title='bbox 420 1430 496 1472; x_wconf 89' lang='lat' dir='ltr'>nam</span> <span class='ocrx_word' id='word_1_66' title='bbox 524 1407 658 1489; x_wconf 85' lang='lat' dir='ltr'>XXXV,</span> <span class='ocrx_word' id='word_1_67' title='bbox 694 1413 750 1488; x_wconf 80' lang='lat'>25,</span> <span class='ocrx_word' id='word_1_68' title='bbox 784 1412 802 1472; x_wconf 82' lang='lat'><strong>3</strong></span> <span class='ocrx_word' id='word_1_69' title='bbox 832 1409 1057 1473; x_wconf 88' lang='lat' dir='ltr'>coniunctivus</span> <span class='ocrx_word' id='word_1_70' title='bbox 1082 1408 1381 1491; x_wconf 84' lang='lat' dir='ltr'>(revertissent)</span> 
     </span>
     <span class='ocr_line' id='line_1_10' title="bbox 227 1515 1384 1600; baseline 0.002 -20"><span class='ocrx_word' id='word_1_71' title='bbox 227 1515 387 1581; x_wconf 81' lang='lat' dir='ltr'>infinitivo</span> <span class='ocrx_word' id='word_1_72' title='bbox 412 1516 609 1599; x_wconf 88' lang='lat' dir='ltr'>adiungitur,</span> <span class='ocrx_word' id='word_1_73' title='bbox 626 1516 743 1596; x_wconf 88' lang='lat' dir='ltr'>XXVI,</span> <span class='ocrx_word' id='word_1_74' title='bbox 764 1522 812 1596; x_wconf 82' lang='lat'>19,</span> <span class='ocrx_word' id='word_1_75' title='bbox 831 1523 849 1581; x_wconf 85' lang='lat'>5</span> <span class='ocrx_word' id='word_1_76' title='bbox 868 1516 973 1598; x_wconf 84' lang='lat' dir='ltr'>(iret)</span> <span class='ocrx_word' id='word_1_77' title='bbox 992 1517 1088 1582; x_wconf 91' lang='lat' dir='ltr'>simul</span> <span class='ocrx_word' id='word_1_78' title='bbox 1105 1516 1312 1600; x_wconf 85' lang='lat' dir='ltr'>significatur</span> <span class='ocrx_word' id='word_1_79' title='bbox 1329 1538 1384 1583; x_wconf 89' lang='lat' dir='ltr'>res</span> 
     </span>
     <span class='ocr_line' id='line_1_11' title="bbox 228 1622 1384 1708; baseline 0.001 -20"><span class='ocrx_word' id='word_1_80' title='bbox 228 1625 346 1708; x_wconf 89' lang='lat' dir='ltr'>saepius</span> <span class='ocrx_word' id='word_1_81' title='bbox 372 1624 471 1704; x_wconf 85' lang='lat' dir='ltr'>facta,</span> <span class='ocrx_word' id='word_1_82' title='bbox 496 1646 561 1689; x_wconf 90' lang='lat' dir='ltr'>nou</span> <span class='ocrx_word' id='word_1_83' title='bbox 585 1647 651 1689; x_wconf 90' lang='lat' dir='ltr'>una</span> <span class='ocrx_word' id='word_1_84' title='bbox 673 1646 727 1690; x_wconf 92' lang='lat' dir='ltr'>res</span> <span class='ocrx_word' id='word_1_85' title='bbox 752 1622 910 1708; x_wconf 84' lang='lat' dir='ltr'>perfecta,</span> <span class='ocrx_word' id='word_1_86' title='bbox 932 1623 1064 1703; x_wconf 91' lang='lat' dir='ltr'>XXVII,</span> <span class='ocrx_word' id='word_1_87' title='bbox 1090 1630 1140 1704; x_wconf 82' lang='lat'>50,</span> <span class='ocrx_word' id='word_1_88' title='bbox 1168 1630 1205 1690; x_wconf 96' lang='lat' dir='ltr'>ll</span> <span class='ocrx_word' id='word_1_89' title='bbox 1227 1625 1384 1707; x_wconf 87' lang='lat' dir='ltr'>(audis-</span> 
     </span>
     <span class='ocr_line' id='line_1_12' title="bbox 228 1721 1361 1816; baseline 0.001 -19"><span class='ocrx_word' id='word_1_90' title='bbox 228 1731 331 1814; x_wconf 84' lang='lat' dir='ltr'>sent)</span> <span class='ocrx_word' id='word_1_91' title='bbox 356 1740 471 1816; x_wconf 88' lang='lat' dir='ltr'>aperte</span> <span class='ocrx_word' id='word_1_92' title='bbox 493 1733 567 1816; x_wconf 86' lang='lat' dir='ltr'>ipsa</span> <span class='ocrx_word' id='word_1_93' title='bbox 588 1731 757 1797; x_wconf 89' lang='lat' dir='ltr'>hominum</span> <span class='ocrx_word' id='word_1_94' title='bbox 780 1733 936 1815; x_wconf 81' lang='lat' dir='ltr'>cogitatio</span> <span class='ocrx_word' id='word_1_95' title='bbox 960 1732 1092 1814; x_wconf 92' lang='lat' dir='ltr'>oblique</span> <span class='ocrx_word' id='word_1_96' title='bbox 1114 1731 1307 1816; x_wconf 74' lang='lat' dir='ltr'>indicatur]</span> <span class='ocrx_word' id='word_1_97' title='bbox 1359 1721 1361 1725; x_wconf 10' lang='grc' dir='ltr'><em>Α</em></span> 
     </span>
    </p>

    <p class='ocr_par' dir='ltr' id='par_1_3' title="bbox 225 1838 1383 2787">
     <span class='ocr_line' id='line_1_13' title="bbox 314 1838 1383 1924; baseline 0.002 -19"><span class='ocrx_word' id='word_1_98' title='bbox 314 1838 392 1924; x_wconf 88' lang='lat' dir='ltr'>Cap.</span> <span class='ocrx_word' id='word_1_99' title='bbox 420 1844 473 1919; x_wconf 88' lang='lat'>13,</span> <span class='ocrx_word' id='word_1_100' title='bbox 504 1845 558 1904; x_wconf 91' lang='lat'>10:</span> <span class='ocrx_word' id='word_1_101' title='bbox 595 1839 753 1924; x_wconf 83' lang='lat' dir='ltr'>(Syphax)</span> <span class='ocrx_word' id='word_1_102' title='bbox 784 1841 992 1905; x_wconf 83' lang='lat' dir='ltr'>insanisse</span> <span class='ocrx_word' id='word_1_103' title='bbox 1015 1839 1133 1922; x_wconf 86' lang='lat' dir='ltr'>(sese)</span> <span class='ocrx_word' id='word_1_104' title='bbox 1155 1840 1383 1922; x_wconf 83' lang='lat' dir='ltr'>fatebatur,</span> 
     </span>
     <span class='ocr_line' id='line_1_14' title="bbox 228 1947 1382 2033; baseline 0.001 -19"><span class='ocrx_word' id='word_1_105' title='bbox 228 1949 297 2014; x_wconf 89' lang='lat' dir='ltr'>sed</span> <span class='ocrx_word' id='word_1_106' title='bbox 320 1959 399 2013; x_wconf 79' lang='lat' dir='ltr'>no‘n</span> <span class='ocrx_word' id='word_1_107' title='bbox 422 1956 502 2013; x_wconf 90' lang='lat' dir='ltr'>tum</span> <span class='ocrx_word' id='word_1_108' title='bbox 526 1947 686 2027; x_wconf 89' lang='lat' dir='ltr'>demum,</span> <span class='ocrx_word' id='word_1_109' title='bbox 715 1970 832 2032; x_wconf 92' lang='lat' dir='ltr'>quum</span> <span class='ocrx_word' id='word_1_110' title='bbox 855 1968 963 2012; x_wconf 88' lang='lat' dir='ltr'>arma</span> <span class='ocrx_word' id='word_1_111' title='bbox 986 1948 1181 2014; x_wconf 87' lang='lat' dir='ltr'>adversus</span> <span class='ocrx_word' id='word_1_112' title='bbox 1204 1970 1292 2033; x_wconf 92' lang='lat' dir='ltr'>pop.</span> <span class='ocrx_word' id='word_1_113' title='bbox 1316 1949 1382 2015; x_wconf 78' lang='lat' dir='ltr'>uo.</span> 
     </span>
     <span class='ocr_line' id='line_1_15' title="bbox 227 2055 1383 2141; baseline 0 -19"><span class='ocrx_word' id='word_1_114' title='bbox 227 2059 423 2141; x_wconf 70' lang='lat' dir='ltr'>cepisset,</span> <span class='ocrx_word' id='word_1_115' title='bbox 463 2056 616 2121; x_wconf 87' lang='lat' dir='ltr'>exitum</span> <span class='ocrx_word' id='word_1_116' title='bbox 651 2057 712 2120; x_wconf 92' lang='lat' dir='ltr'>sui</span> <span class='ocrx_word' id='word_1_117' title='bbox 745 2055 900 2121; x_wconf 81' lang='lat' dir='ltr'>luroris</span> <span class='ocrx_word' id='word_1_118' title='bbox 933 2055 1084 2136; x_wconf 88' lang='lat' dir='ltr'>fuisse,</span> <span class='ocrx_word' id='word_1_119' title='bbox 1117 2076 1194 2121; x_wconf 93' lang='lat' dir='ltr'>non</span> <span class='ocrx_word' id='word_1_120' title='bbox 1224 2057 1383 2141; x_wconf 86' lang='lat' dir='ltr'>prinei-</span> 
     </span>
     <span class='ocr_line' id='line_1_16' title="bbox 226 2163 1383 2248; baseline -0.001 -19"><span class='ocrx_word' id='word_1_121' title='bbox 226 2166 341 2248; x_wconf 88' lang='lat' dir='ltr'>pium.</span> <span class='ocrx_word' id='word_1_122' title='bbox 403 2165 467 2242; x_wconf 86' lang='lat' dir='ltr'>Qui</span> <span class='ocrx_word' id='word_1_123' title='bbox 500 2165 548 2229; x_wconf 91' lang='lat' dir='ltr'>sic</span> <span class='ocrx_word' id='word_1_124' title='bbox 581 2163 661 2228; x_wconf 89' lang='lat' dir='ltr'>dicit</span> <span class='ocrx_word' id='word_1_125' title='bbox 695 2163 841 2245; x_wconf 85' lang='lat' dir='ltr'>(exitus</span> <span class='ocrx_word' id='word_1_126' title='bbox 874 2165 1029 2229; x_wconf 86' lang='lat' dir='ltr'>furoris</span> <span class='ocrx_word' id='word_1_127' title='bbox 1062 2165 1137 2228; x_wconf 91' lang='lat' dir='ltr'>mei</span> <span class='ocrx_word' id='word_1_128' title='bbox 1170 2163 1268 2244; x_wconf 85' lang='lat' dir='ltr'>fuit,</span> <span class='ocrx_word' id='word_1_129' title='bbox 1305 2185 1383 2229; x_wconf 91' lang='lat' dir='ltr'>non</span> 
     </span>
     <span class='ocr_line' id='line_1_17' title="bbox 226 2270 1383 2361; baseline 0.001 -24"><span class='ocrx_word' id='word_1_130' title='bbox 226 2271 501 2356; x_wconf 88' lang='lat' dir='ltr'>principium),</span> <span class='ocrx_word' id='word_1_131' title='bbox 533 2270 678 2361; x_wconf 81' lang='lat' dir='ltr'>furorem</span> <span class='ocrx_word' id='word_1_132' title='bbox 711 2292 808 2336; x_wconf 90' lang='lat' dir='ltr'>sunm</span> <span class='ocrx_word' id='word_1_133' title='bbox 842 2271 1020 2355; x_wconf 86' lang='lat' dir='ltr'>aliquando</span> <span class='ocrx_word' id='word_1_134' title='bbox 1054 2273 1183 2337; x_wconf 86' lang='lat' dir='ltr'>initium</span> <span class='ocrx_word' id='word_1_135' title='bbox 1213 2272 1383 2353; x_wconf 83' lang='lat' dir='ltr'>habuisse,</span> 
     </span>
     <span class='ocr_line' id='line_1_18' title="bbox 225 2379 1382 2462; baseline 0.002 -19"><span class='ocrx_word' id='word_1_136' title='bbox 225 2379 323 2444; x_wconf 87' lang='lat' dir='ltr'>finem</span> <span class='ocrx_word' id='word_1_137' title='bbox 351 2401 416 2443; x_wconf 91' lang='lat' dir='ltr'>non</span> <span class='ocrx_word' id='word_1_138' title='bbox 437 2379 592 2445; x_wconf 88' lang='lat' dir='ltr'>habuisse</span> <span class='ocrx_word' id='word_1_139' title='bbox 616 2379 792 2461; x_wconf 88' lang='lat' dir='ltr'>significat,</span> <span class='ocrx_word' id='word_1_140' title='bbox 821 2380 908 2462; x_wconf 92' lang='lat' dir='ltr'>quod</span> <span class='ocrx_word' id='word_1_141' title='bbox 931 2379 1105 2444; x_wconf 87' lang='lat' dir='ltr'>ridiculum</span> <span class='ocrx_word' id='word_1_142' title='bbox 1128 2387 1194 2459; x_wconf 83' lang='lat' dir='ltr'>est3</span> <span class='ocrx_word' id='word_1_143' title='bbox 1230 2380 1274 2444; x_wconf 90' lang='lat' dir='ltr'>ad</span> <span class='ocrx_word' id='word_1_144' title='bbox 1298 2401 1382 2461; x_wconf 87' lang='lat' dir='ltr'>eam,</span> 
     </span>
     <span class='ocr_line' id='line_1_19' title="bbox 225 2486 1382 2571; baseline 0.002 -20"><span class='ocrx_word' id='word_1_145' title='bbox 225 2509 296 2571; x_wconf 85' lang='lat' dir='ltr'>quae</span> <span class='ocrx_word' id='word_1_146' title='bbox 330 2486 532 2570; x_wconf 88' lang='lat' dir='ltr'>postulatur,</span> <span class='ocrx_word' id='word_1_147' title='bbox 573 2488 771 2553; x_wconf 88' lang='lat' dir='ltr'>sententiam</span> <span class='ocrx_word' id='word_1_148' title='bbox 810 2487 1015 2552; x_wconf 85' lang='lat' dir='ltr'>efficiendam</span> <span class='ocrx_word' id='word_1_149' title='bbox 1047 2487 1164 2552; x_wconf 89' lang='lat' dir='ltr'>Latine</span> <span class='ocrx_word' id='word_1_150' title='bbox 1203 2487 1382 2553; x_wconf 89' lang='lat' dir='ltr'>dicendum</span> 
     </span>
     <span class='ocr_line' id='line_1_20' title="bbox 225 2594 1382 2678; baseline 0 -18"><span class='ocrx_word' id='word_1_151' title='bbox 225 2602 290 2660; x_wconf 88' lang='lat' dir='ltr'>est:</span> <span class='ocrx_word' id='word_1_152' title='bbox 320 2595 468 2659; x_wconf 82' lang='lat' dir='ltr'>exitum</span> <span class='ocrx_word' id='word_1_153' title='bbox 492 2614 570 2657; x_wconf 82' lang='lat' dir='ltr'>en</span> <span class='ocrx_word' id='word_1_154' title='bbox 592 2595 652 2660; x_wconf 92' lang='lat' dir='ltr'>sui</span> <span class='ocrx_word' id='word_1_155' title='bbox 673 2594 831 2659; x_wconf 89' lang='lat' dir='ltr'>furoris</span> <span class='ocrx_word' id='word_1_156' title='bbox 853 2594 995 2674; x_wconf 85' lang='lat' dir='ltr'>fuisse,</span> <span class='ocrx_word' id='word_1_157' title='bbox 1018 2617 1094 2660; x_wconf 90' lang='lat' dir='ltr'>non</span> <span class='ocrx_word' id='word_1_158' title='bbox 1117 2617 1173 2678; x_wconf 93' lang='lat' dir='ltr'>pr.</span> <span class='ocrx_word' id='word_1_159' title='bbox 1224 2595 1268 2660; x_wconf 83' lang='lat' dir='ltr'>Et</span> <span class='ocrx_word' id='word_1_160' title='bbox 1292 2616 1382 2660; x_wconf 88' lang='lat' dir='ltr'>eum</span> 
     </span>
     <span class='ocr_line' id='line_1_21' title="bbox 225 2702 1381 2787; baseline -0.001 -20"><span class='ocrx_word' id='word_1_161' title='bbox 225 2702 406 2767; x_wconf 87' lang='lat' dir='ltr'>desiderari</span> <span class='ocrx_word' id='word_1_162' title='bbox 435 2709 583 2766; x_wconf 84' lang='lat' dir='ltr'>senserat</span> <span class='ocrx_word' id='word_1_163' title='bbox 609 2703 674 2767; x_wconf 88' lang='lat' dir='ltr'>iam</span> <span class='ocrx_word' id='word_1_164' title='bbox 704 2704 835 2785; x_wconf 88' lang='lat' dir='ltr'>ignotus</span> <span class='ocrx_word' id='word_1_165' title='bbox 864 2703 984 2787; x_wconf 90' lang='lat' dir='ltr'>aliquis</span> <span class='ocrx_word' id='word_1_166' title='bbox 1007 2704 1119 2781; x_wconf 91' lang='lat' dir='ltr'>homo,</span> <span class='ocrx_word' id='word_1_167' title='bbox 1155 2703 1245 2768; x_wconf 89' lang='lat' dir='ltr'>cuius</span> <span class='ocrx_word' id='word_1_168' title='bbox 1269 2724 1381 2768; x_wconf 88' lang='lat' dir='ltr'>emen-</span> 
     </span>
    </p>
   </div>
   <div class='ocr_carea' id='block_1_3' title="bbox 135 2809 1384 3541">
    <p class='ocr_par' dir='ltr' id='par_1_4' title="bbox 221 2809 1382 3326">
     <span class='ocr_line' id='line_1_22' title="bbox 224 2809 1382 2902; baseline -0.001 -27"><span class='ocrx_word' id='word_1_169' title='bbox 224 2811 313 2875; x_wconf 85' lang='lat' dir='ltr'>datio</span> <span class='ocrx_word' id='word_1_170' title='bbox 336 2811 369 2875; x_wconf 91' lang='lat' dir='ltr'>in</span> <span class='ocrx_word' id='word_1_171' title='bbox 394 2810 488 2874; x_wconf 84' lang='lat' dir='ltr'>codd.</span> <span class='ocrx_word' id='word_1_172' title='bbox 514 2809 605 2874; x_wconf 90' lang='lat' dir='ltr'>Harl.</span> <span class='ocrx_word' id='word_1_173' title='bbox 632 2817 665 2874; x_wconf 92' lang='lat' dir='ltr'>et</span> <span class='ocrx_word' id='word_1_174' title='bbox 688 2812 810 2876; x_wconf 82' lang='lat' dir='ltr'>Gaertn.</span> <span class='ocrx_word' id='word_1_175' title='bbox 829 2819 947 2890; x_wconf 77' lang='lat' dir='ltr'>exstat,</span> <span class='ocrx_word' id='word_1_176' title='bbox 971 2814 1004 2876; x_wconf 91' lang='lat' dir='ltr'>in</span> <span class='ocrx_word' id='word_1_177' title='bbox 1027 2811 1098 2876; x_wconf 91' lang='lat' dir='ltr'>loco</span> <span class='ocrx_word' id='word_1_178' title='bbox 1122 2817 1251 2875; x_wconf 89' lang='lat' dir='ltr'>tantum</span> <span class='ocrx_word' id='word_1_179' title='bbox 1276 2812 1382 2902; x_wconf 83' lang='lat' dir='ltr'>parti·</span> 
     </span>
     <span class='ocr_line' id='line_1_23' title="bbox 223 2918 1381 3001; baseline 0 -18"><span class='ocrx_word' id='word_1_180' title='bbox 223 2919 304 2983; x_wconf 83' lang='lat' dir='ltr'>culae</span> <span class='ocrx_word' id='word_1_181' title='bbox 328 2918 508 2983; x_wconf 80' lang='lat' dir='ltr'>inserenda</span> <span class='ocrx_word' id='word_1_182' title='bbox 532 2940 655 2983; x_wconf 87' lang='lat' dir='ltr'>errans.</span> <span class='ocrx_word' id='word_1_183' title='bbox 707 2921 923 2998; x_wconf 84' lang='lat' dir='ltr'>Gronovium,</span> <span class='ocrx_word' id='word_1_184' title='bbox 951 2941 1052 3001; x_wconf 91' lang='lat' dir='ltr'>quum</span> <span class='ocrx_word' id='word_1_185' title='bbox 1080 2921 1188 2983; x_wconf 89' lang='lat' dir='ltr'>locum</span> <span class='ocrx_word' id='word_1_186' title='bbox 1211 2919 1337 2983; x_wconf 88' lang='lat' dir='ltr'>rectius</span> <span class='ocrx_word' id='word_1_187' title='bbox 1362 2940 1381 2983; x_wconf 91' lang='lat' dir='ltr'>e</span> 
     </span>
     <span class='ocr_line' id='line_1_24' title="bbox 223 3026 1382 3111; baseline 0 -21"><span class='ocrx_word' id='word_1_188' title='bbox 223 3026 391 3091; x_wconf 90' lang='lat' dir='ltr'>codicibus</span> <span class='ocrx_word' id='word_1_189' title='bbox 416 3027 641 3103; x_wconf 88' lang='lat' dir='ltr'>constitueret,</span> <span class='ocrx_word' id='word_1_190' title='bbox 670 3026 733 3090; x_wconf 90' lang='lat' dir='ltr'>hoc</span> <span class='ocrx_word' id='word_1_191' title='bbox 756 3049 888 3111; x_wconf 90' lang='lat' dir='ltr'>quoque</span> <span class='ocrx_word' id='word_1_192' title='bbox 913 3028 1112 3106; x_wconf 88' lang='lat' dir='ltr'>emendasse,</span> <span class='ocrx_word' id='word_1_193' title='bbox 1141 3049 1205 3090; x_wconf 90' lang='lat' dir='ltr'>non</span> <span class='ocrx_word' id='word_1_194' title='bbox 1229 3026 1382 3090; x_wconf 89' lang='lat' dir='ltr'>animad-</span> 
     </span>
     <span class='ocr_line' id='line_1_25' title="bbox 221 3133 1382 3219; baseline 0.004 -23"><span class='ocrx_word' id='word_1_195' title='bbox 221 3156 350 3199; x_wconf 85' lang='lat' dir='ltr'>versum</span> <span class='ocrx_word' id='word_1_196' title='bbox 374 3133 510 3197; x_wconf 88' lang='lat' dir='ltr'>videtur.</span> <span class='ocrx_word' id='word_1_197' title='bbox 545 3134 650 3211; x_wconf 85' lang='lat' dir='ltr'>Quam</span> <span class='ocrx_word' id='word_1_198' title='bbox 673 3133 769 3199; x_wconf 86' lang='lat' dir='ltr'>facile</span> <span class='ocrx_word' id='word_1_199' title='bbox 792 3157 876 3200; x_wconf 89' lang='lat' dir='ltr'>eum</span> <span class='ocrx_word' id='word_1_200' title='bbox 893 3142 968 3218; x_wconf 89' lang='lat' dir='ltr'>post</span> <span class='ocrx_word' id='word_1_201' title='bbox 985 3143 1065 3200; x_wconf 91' lang='lat' dir='ltr'>tum</span> <span class='ocrx_word' id='word_1_202' title='bbox 1084 3135 1250 3213; x_wconf 89' lang='lat' dir='ltr'>exciderit,</span> <span class='ocrx_word' id='word_1_203' title='bbox 1274 3142 1382 3219; x_wconf 85' lang='lat' dir='ltr'>patet.</span> 
     </span>
     <span class='ocr_line' id='line_1_26' title="bbox 308 3240 1382 3326; baseline 0.003 -20"><span class='ocrx_word' id='word_1_204' title='bbox 308 3240 385 3325; x_wconf 91' lang='lat' dir='ltr'>Cap.</span> <span class='ocrx_word' id='word_1_205' title='bbox 413 3246 467 3321; x_wconf 86' lang='grc'>18,</span> <span class='ocrx_word' id='word_1_206' title='bbox 497 3241 609 3322; x_wconf 83' lang='lat' dir='ltr'>7(ubi</span> <span class='ocrx_word' id='word_1_207' title='bbox 638 3250 793 3307; x_wconf 87' lang='lat' dir='ltr'>narratur</span> <span class='ocrx_word' id='word_1_208' title='bbox 821 3243 982 3326; x_wconf 88' lang='lat' dir='ltr'>proelium</span> <span class='ocrx_word' id='word_1_209' title='bbox 1010 3245 1044 3307; x_wconf 90' lang='lat' dir='ltr'>in</span> <span class='ocrx_word' id='word_1_210' title='bbox 1068 3243 1176 3306; x_wconf 78' lang='lat' dir='ltr'>Gallia</span> <span class='ocrx_word' id='word_1_211' title='bbox 1197 3244 1284 3306; x_wconf 86' lang='lat' dir='ltr'>inter</span> <span class='ocrx_word' id='word_1_212' title='bbox 1307 3243 1382 3309; x_wconf 85' lang='lat' dir='ltr'>Ma·</span> 
     </span>
    </p>

    <p class='ocr_par' dir='ltr' id='par_1_5' title="bbox 135 3349 1384 3541">
     <span class='ocr_line' id='line_1_27' title="bbox 135 3349 1384 3434; baseline -0.003 -15"><span class='ocrx_word' id='word_1_213' title='bbox 135 3363 207 3433; x_wconf 79' lang='lat'>(351)</span> <span class='ocrx_word' id='word_1_214' title='bbox 225 3370 342 3431; x_wconf 88' lang='lat' dir='ltr'>gonem</span> <span class='ocrx_word' id='word_1_215' title='bbox 371 3356 404 3413; x_wconf 93' lang='lat' dir='ltr'>et</span> <span class='ocrx_word' id='word_1_216' title='bbox 425 3350 460 3413; x_wconf 92' lang='lat' dir='ltr'>P.</span> <span class='ocrx_word' id='word_1_217' title='bbox 484 3350 677 3427; x_wconf 85' lang='lat' dir='ltr'>Quintilium</span> <span class='ocrx_word' id='word_1_218' title='bbox 700 3350 823 3414; x_wconf 87' lang='lat' dir='ltr'>Varum</span> <span class='ocrx_word' id='word_1_219' title='bbox 845 3352 943 3432; x_wconf 91' lang='lat' dir='ltr'>Mque</span> <span class='ocrx_word' id='word_1_220' title='bbox 966 3349 1175 3431; x_wconf 82' lang='lat' dir='ltr'>Cornelium),</span> <span class='ocrx_word' id='word_1_221' title='bbox 1199 3357 1384 3434; x_wconf 86' lang='lat' dir='ltr'>postquam</span> 
     </span>
     <span class='ocr_line' id='line_1_28' title="bbox 220 3456 1383 3541; baseline 0.002 -21"><span class='ocrx_word' id='word_1_222' title='bbox 220 3456 344 3522; x_wconf 89' lang='lat' dir='ltr'>dictum</span> <span class='ocrx_word' id='word_1_223' title='bbox 373 3463 437 3535; x_wconf 90' lang='lat' dir='ltr'>est,</span> <span class='ocrx_word' id='word_1_224' title='bbox 472 3478 574 3538; x_wconf 88' lang='lat' dir='ltr'>equos</span> <span class='ocrx_word' id='word_1_225' title='bbox 603 3459 824 3522; x_wconf 86' lang='lat' dir='ltr'>Romanorum</span> <span class='ocrx_word' id='word_1_226' title='bbox 855 3459 1105 3541; x_wconf 87' lang='lat' dir='ltr'>elephantorum</span> <span class='ocrx_word' id='word_1_227' title='bbox 1128 3457 1287 3541; x_wconf 89' lang='lat' dir='ltr'>adspectu</span> <span class='ocrx_word' id='word_1_228' title='bbox 1310 3465 1383 3524; x_wconf 88' lang='lat' dir='ltr'>ter-</span> 
     </span>
    </p>
   </div>
   <div class='ocr_carea' id='block_1_4' title="bbox 217 3566 1384 4403">
    <p class='ocr_par' dir='ltr' id='par_1_6' title="bbox 217 3566 1384 4403">
     <span class='ocr_line' id='line_1_29' title="bbox 219 3566 1384 3650; baseline 0.004 -22"><span class='ocrx_word' id='word_1_229' title='bbox 219 3566 300 3628; x_wconf 89' lang='lat' dir='ltr'>ritos</span> <span class='ocrx_word' id='word_1_230' title='bbox 330 3586 447 3628; x_wconf 83' lang='lat' dir='ltr'>vanum</span> <span class='ocrx_word' id='word_1_231' title='bbox 476 3571 627 3646; x_wconf 83' lang='lat' dir='ltr'>equestre</span> <span class='ocrx_word' id='word_1_232' title='bbox 656 3566 812 3630; x_wconf 85' lang='lat' dir='ltr'>auxilium</span> <span class='ocrx_word' id='word_1_233' title='bbox 834 3566 967 3647; x_wconf 78' lang='lat' dir='ltr'>seolsse,</span> <span class='ocrx_word' id='word_1_234' title='bbox 998 3568 1045 3631; x_wconf 87' lang='lat' dir='ltr'>sic</span> <span class='ocrx_word' id='word_1_235' title='bbox 1067 3568 1232 3650; x_wconf 84' lang='lat' dir='ltr'>pergitur:</span> <span class='ocrx_word' id='word_1_236' title='bbox 1268 3573 1309 3631; x_wconf 87' lang='lat' dir='ltr'>et</span> <span class='ocrx_word' id='word_1_237' title='bbox 1332 3576 1384 3633; x_wconf 90' lang='lat' dir='ltr'>ut</span> 
     </span>
     <span class='ocr_line' id='line_1_30' title="bbox 219 3673 1382 3757; baseline 0.003 -20"><span class='ocrx_word' id='word_1_238' title='bbox 219 3673 537 3755; x_wconf 82' lang='lat' dir='ltr'>rempormixtus</span> <span class='ocrx_word' id='word_1_239' title='bbox 578 3673 639 3736; x_wconf 89' lang='lat' dir='ltr'>uti</span> <span class='ocrx_word' id='word_1_240' title='bbox 679 3673 851 3757; x_wconf 87' lang='lat' dir='ltr'>cuspide</span> <span class='ocrx_word' id='word_1_241' title='bbox 884 3677 946 3739; x_wconf 90' lang='lat' dir='ltr'>uti</span> <span class='ocrx_word' id='word_1_242' title='bbox 979 3676 1202 3738; x_wconf 89' lang='lat' dir='ltr'>comminus</span> <span class='ocrx_word' id='word_1_243' title='bbox 1237 3673 1382 3757; x_wconf 88' lang='lat' dir='ltr'>gladio</span> 
     </span>
     <span class='ocr_line' id='line_1_31' title="bbox 220 3779 1384 3865; baseline 0.005 -22"><span class='ocrx_word' id='word_1_244' title='bbox 220 3779 372 3861; x_wconf 87' lang='lat' dir='ltr'>(eladio</span> <span class='ocrx_word' id='word_1_245' title='bbox 396 3780 434 3860; x_wconf 86' lang='lat' dir='ltr'>P)</span> <span class='ocrx_word' id='word_1_246' title='bbox 460 3787 615 3862; x_wconf 88' lang='lat' dir='ltr'>posset,</span> <span class='ocrx_word' id='word_1_247' title='bbox 644 3781 808 3847; x_wconf 91' lang='lat' dir='ltr'>roboris</span> <span class='ocrx_word' id='word_1_248' title='bbox 833 3784 1000 3849; x_wconf 89' lang='lat' dir='ltr'>maioris</span> <span class='ocrx_word' id='word_1_249' title='bbox 1025 3784 1230 3847; x_wconf 88' lang='lat' dir='ltr'>Romanus</span> <span class='ocrx_word' id='word_1_250' title='bbox 1253 3804 1384 3865; x_wconf 88' lang='lat' dir='ltr'>eques</span> 
     </span>
     <span class='ocr_line' id='line_1_32' title="bbox 220 3887 1383 3974; baseline 0.005 -24"><span class='ocrx_word' id='word_1_251' title='bbox 220 3894 321 3966; x_wconf 87' lang='lat' dir='ltr'>erat,</span> <span class='ocrx_word' id='word_1_252' title='bbox 355 3888 414 3951; x_wconf 88' lang='lat' dir='ltr'>ita</span> <span class='ocrx_word' id='word_1_253' title='bbox 441 3888 481 3951; x_wconf 88' lang='lat' dir='ltr'>in</span> <span class='ocrx_word' id='word_1_254' title='bbox 509 3887 690 3953; x_wconf 87' lang='lat' dir='ltr'>ablatum</span> <span class='ocrx_word' id='word_1_255' title='bbox 719 3891 965 3972; x_wconf 87' lang='lat' dir='ltr'>paventibus</span> <span class='ocrx_word' id='word_1_256' title='bbox 995 3891 1135 3972; x_wconf 90' lang='lat' dir='ltr'>procul</span> <span class='ocrx_word' id='word_1_257' title='bbox 1159 3891 1277 3974; x_wconf 88' lang='lat' dir='ltr'>equis</span> <span class='ocrx_word' id='word_1_258' title='bbox 1299 3911 1383 3956; x_wconf 88' lang='lat' dir='ltr'>me·</span> 
     </span>
     <span class='ocr_line' id='line_1_33' title="bbox 217 3994 1383 4080; baseline 0.006 -23"><span class='ocrx_word' id='word_1_259' title='bbox 217 3994 299 4059; x_wconf 90' lang='lat' dir='ltr'>lius</span> <span class='ocrx_word' id='word_1_260' title='bbox 329 4016 373 4058; x_wconf 87' lang='lat' dir='ltr'>ex</span> <span class='ocrx_word' id='word_1_261' title='bbox 395 3995 622 4062; x_wconf 89' lang='lat' dir='ltr'>intervallo</span> <span class='ocrx_word' id='word_1_262' title='bbox 645 3996 821 4062; x_wconf 85' lang='lat' dir='ltr'>Numidae</span> <span class='ocrx_word' id='word_1_263' title='bbox 844 3997 1147 4063; x_wconf 89' lang='lat' dir='ltr'>iaculabantur.</span> <span class='ocrx_word' id='word_1_264' title='bbox 1195 3997 1250 4063; x_wconf 84' lang='lat' dir='ltr'>Sic</span> <span class='ocrx_word' id='word_1_265' title='bbox 1272 3997 1383 4080; x_wconf 89' lang='lat' dir='ltr'>(quod</span> 
     </span>
     <span class='ocr_line' id='line_1_34' title="bbox 218 4102 1383 4190; baseline 0.006 -25"><span class='ocrx_word' id='word_1_266' title='bbox 218 4102 350 4184; x_wconf 89' lang='lat' dir='ltr'>quidem</span> <span class='ocrx_word' id='word_1_267' title='bbox 380 4103 421 4166; x_wconf 87' lang='lat' dir='ltr'>ad</span> <span class='ocrx_word' id='word_1_268' title='bbox 451 4125 490 4168; x_wconf 88' lang='lat' dir='ltr'>ea</span> <span class='ocrx_word' id='word_1_269' title='bbox 520 4105 676 4181; x_wconf 84' lang='lat' dir='ltr'>attineat,</span> <span class='ocrx_word' id='word_1_270' title='bbox 712 4106 753 4169; x_wconf 89' lang='lat' dir='ltr'>de</span> <span class='ocrx_word' id='word_1_271' title='bbox 787 4106 905 4188; x_wconf 90' lang='lat' dir='ltr'>quibus</span> <span class='ocrx_word' id='word_1_272' title='bbox 940 4104 1062 4188; x_wconf 79' lang='lat' dir='ltr'>agitur)</span> <span class='ocrx_word' id='word_1_273' title='bbox 1097 4106 1229 4171; x_wconf 88' lang='lat' dir='ltr'>codices</span> <span class='ocrx_word' id='word_1_274' title='bbox 1259 4108 1383 4190; x_wconf 85' lang='lat' dir='ltr'>optimi</span> 
     </span>
     <span class='ocr_line' id='line_1_35' title="bbox 217 4210 1381 4296; baseline 0.004 -22"><span class='ocrx_word' id='word_1_275' title='bbox 217 4210 323 4292; x_wconf 87' lang='lat' dir='ltr'>iisque</span> <span class='ocrx_word' id='word_1_276' title='bbox 346 4213 495 4293; x_wconf 77' lang='lat' dir='ltr'>proximi.</span> <span class='ocrx_word' id='word_1_277' title='bbox 553 4212 724 4277; x_wconf 86' lang='lat' dir='ltr'>Edebatur</span> <span class='ocrx_word' id='word_1_278' title='bbox 746 4213 857 4294; x_wconf 89' lang='lat' dir='ltr'>vulgo:</span> <span class='ocrx_word' id='word_1_279' title='bbox 892 4221 931 4278; x_wconf 89' lang='lat' dir='ltr'>et</span> <span class='ocrx_word' id='word_1_280' title='bbox 958 4221 1001 4278; x_wconf 91' lang='lat' dir='ltr'>ut</span> <span class='ocrx_word' id='word_1_281' title='bbox 1029 4216 1275 4296; x_wconf 73' lang='lat' dir='ltr'>permixtus,</span> <span class='ocrx_word' id='word_1_282' title='bbox 1308 4214 1381 4281; x_wconf 86' lang='lat' dir='ltr'>Iac.</span> 
     </span>
     <span class='ocr_line' id='line_1_36' title="bbox 219 4318 1383 4403; baseline 0.007 -22"><span class='ocrx_word' id='word_1_283' title='bbox 219 4318 402 4382; x_wconf 87' lang='lat' dir='ltr'>Gronovius</span> <span class='ocrx_word' id='word_1_284' title='bbox 425 4319 630 4383; x_wconf 88' lang='lat' dir='ltr'>scribendum</span> <span class='ocrx_word' id='word_1_285' title='bbox 655 4322 799 4403; x_wconf 86' lang='lat' dir='ltr'>putarit:</span> <span class='ocrx_word' id='word_1_286' title='bbox 834 4328 873 4386; x_wconf 91' lang='lat' dir='ltr'>et</span> <span class='ocrx_word' id='word_1_287' title='bbox 895 4327 938 4385; x_wconf 92' lang='lat' dir='ltr'>ut</span> <span class='ocrx_word' id='word_1_288' title='bbox 960 4323 1237 4402; x_wconf 76' lang='lat' dir='ltr'>intermixtae,</span> <span class='ocrx_word' id='word_1_289' title='bbox 1269 4323 1383 4390; x_wconf 86' lang='lat' dir='ltr'>Weis-</span> 
     </span>
    </p>
   </div>
   <div class='ocr_carea' id='block_1_5' title="bbox 0 0 1502 5108">
    <p class='ocr_par' dir='ltr' id='par_1_7' title="bbox 0 0 1502 5108">
     <span class='ocr_line' id='line_1_37' title="bbox 0 0 1502 5108; baseline 0 2"><span class='ocrx_word' id='word_1_290' title='bbox 0 0 1502 5108; x_wconf 95' lang='lat' dir='ltr'> </span> 
     </span>
    </p>
   </div>
  </div>
 </body>
</html>
