3000 5116
181 448 242 501 Lib.
262 447 362 501 xxlll.
728 434 789 495 322

180 626 309 685 tantum
339 620 466 684 consuli
493 619 552 684 ,illo
583 641 669 684 anno
693 619 873 683 exercitum
897 640 968 685 esse
991 619 1168 684 decretum.
1221 618 1342 703 Itaque

181 728 222 792 de
256 749 391 792 numero
425 729 628 791 exercituum
662 727 781 808 agitur.
837 726 874 790 ln
908 727 933 790 P
962 747 982 792 a
1010 728 1120 810 priore
1152 747 1254 791 manu
1288 734 1343 792 est

179 836 376 913 necundo,
399 858 438 899 ex
461 857 526 917 quo
550 834 657 898 altera
679 834 758 897 fecit
779 855 851 899 nec
875 835 1062 910 secundo,
1086 834 1176 919 quod
1198 835 1231 898 in
1256 833 1281 899 C
1304 842 1339 898 et

181 944 263 1010 alios
297 945 441 1007 transiit.
499 943 610 1005 Livius
645 942 836 1024 scripserat:
871 962 958 1021 nec,
991 943 1095 1007 unde
1129 942 1208 1008 duo
1243 963 1339 1007 con·

181 1052 342 1116 sulares
376 1052 586 1115 exercitus
620 1056 681 1113 cet.
737 1050 787 1113 Ex
819 1049 925 1115 unde
959 1049 1034 1114 duo
1068 1051 1192 1115 factum
1220 1050 1337 1115 undo.

180 1157 483 1237 (Drakenborchius
524 1159 557 1221 in
598 1159 665 1222 suis
700 1158 828 1240 aliquot
862 1157 954 1222 codd.
984 1158 1085 1223 luisse
1118 1157 1234 1222 scribit
1265 1179 1339 1222 nec

181 1267 257 1330 duo
288 1266 336 1329 vel
365 1287 411 1330 ne
434 1265 510 1330 duo
535 1266 777 1330 consulares
800 1265 1022 1345 exercitus3
1055 1265 1187 1330 ridetur
1208 1265 1338 1350 ahquid

179 1374 422 1439 correctoribus
451 1373 635 1438 suboluisse
665 1373 794 1454 veri.)¹)
849 1373 1022 1439 Postremo
1050 1371 1067 1455 ἓ
1091 1377 1125 1453 8,
1159 1380 1338 1458 postquam

179 1482 291 1545 Livius
315 1482 406 1559 dixit,
432 1489 581 1546 senatum
608 1482 766 1559 decresse,
789 1489 826 1546 ut
848 1503 888 1546 ex
910 1481 1057 1547 Marcelli
1080 1482 1228 1545 exercitu
1251 1479 1337 1545 Can·

177 1610 296 1654 nenses
331 1590 451 1655 milites
485 1591 518 1653 in
548 1588 693 1654 Siciliam
721 1589 975 1654 traducerentur
1003 1588 1114 1675 ibique
1143 1589 1337 1667 militarent,

178 1697 281 1761 donec
314 1698 347 1761 in
377 1698 475 1762 ltalia
507 1698 631 1762 bellum
666 1706 767 1771 esset,
800 1697 871 1761 haec
904 1697 1012 1775 addit,
1045 1704 1084 1761 ut
1116 1696 1187 1761 fere
1216 1696 1296 1761 inde
1317 1718 1338 1761 a

177 1805 342 1871 Gronovio
376 1806 546 1870 scribitur:
582 1806 728 1870 Eodem
763 1826 807 1869 ex
841 1805 1063 1870 dictatoris
1096 1803 1338 1887 legionibus

179 1912 330 1995 (placuit)
370 1915 488 1978 reiici
531 1914 699 1977 militem
733 1913 886 1977 minimi
920 1932 1117 1996 quemque
1151 1911 1338 1989 roboris,

177 2021 289 2086 nullo
319 2023 553 2105 praestituto
578 2021 736 2085 militiae
760 2029 959 2104 tempore,
989 2021 1067 2085 nisi
1091 2020 1158 2102 qui
1181 2019 1338 2103 stipen-

178 2129 331 2194 diorum
365 2130 644 2211 legitimorum
674 2137 823 2193 essent.
881 2126 1018 2193 Codices
1046 2128 1172 2192 habent
1201 2129 1272 2210 qui
1296 2163 1341 2173 -

177 2243 298 2301 esset.
361 2238 519 2320 Exceptio
556 2239 637 2302 certi
671 2236 813 2300 militum
848 2237 976 2319 generis
1010 2236 1092 2314 sive,
1127 2235 1217 2317 quod
1254 2235 1339 2301 ordo

176 2344 348 2408 verborum
377 2345 468 2409 iubet
499 2344 694 2428 (praesertim
724 2346 771 2409 sic
798 2346 911 2428 posito
939 2343 1051 2407 nullo
1073 2378 1117 2387 —
1140 2343 1257 2426 nisi),
1292 2345 1339 2409 ad

177 2459 306 2534 tempus
340 2452 464 2516 militiae
501 2454 567 2516 sive
602 2453 645 2517 ad
680 2454 910 2517 traiectionem
942 2452 976 2515 in
1005 2450 1153 2516 Siciliam
1180 2453 1339 2532 refertur,

176 2580 311 2642 pravam
340 2559 441 2624 habet
468 2561 680 2638 sententiam,
714 2580 790 2623 nam
823 2580 929 2642 neque
962 2566 1091 2641 tempus
1124 2560 1339 2642 praetitueu-

177 2667 255 2731 dum
278 2674 348 2732 erat
370 2668 419 2744 iis,
443 2668 500 2750 qui
523 2669 661 2731 emerita
677 2667 844 2749 stipendia
860 2666 1038 2743 habebant,
1063 2667 1122 2731 sed
1139 2667 1203 2751 ipsi
1223 2666 1339 2735 dimit·

176 2775 266 2839 tendi
290 2775 425 2857 (it-aque,
456 2775 545 2859 quod
568 2781 699 2858 tempus
723 2776 945 2857 praestitutum
970 2776 1022 2854 sit,
1052 2795 1118 2838 nou
1141 2773 1339 2858 indicatur),

175 2904 280 2964 neque
304 2905 387 2966 opus
411 2891 482 2952 erat
506 2883 585 2960 dici,
620 2885 652 2946 in
676 2882 821 2947 Siciliam
850 2904 916 2946 nou
938 2883 1070 2960 missoS,
1106 2883 1162 2964 qui
1186 2881 1338 2948 dimitte·

174 3001 296 3057 rentur.
354 2992 495 3058 Confioit
518 3013 602 3069 rem,
637 2989 726 3073 quod
754 2989 1033 3072 legitimorum
1056 3011 1147 3054 esse
1169 2991 1338 3073 stipen-

175 3102 348 3179 diorum,
384 3103 411 3165 si
436 3101 475 3165 de
500 3100 604 3164 milite
628 3099 762 3184 (licitur,
796 3119 861 3161 nou
885 3099 1022 3162 emerita
1043 3096 1212 3180 stipendia
1234 3099 1339 3182 signi·

175 3208 264 3286 licat,
305 3210 361 3272 sed
395 3210 538 3292 aliquem
572 3207 793 3288 legitimorum
827 3204 1065 3288 stipendiorum
1100 3204 1338 3288 perfunctione

88 3331 158 3398 (265)
178 3318 293 3382 teneri.
339 3316 444 3392 Quum
468 3316 657 3380 Cannenses
679 3314 800 3378 milites
822 3314 868 3378 sic
891 3315 924 3377 in
942 3311 1087 3377 Siciliam
1110 3314 1338 3395 mitterentur,

173 3431 225 3503 ut,
260 3425 416 3505 quamdiu
449 3425 480 3487 in
515 3423 612 3488 Italia
645 3422 766 3486 bellum
802 3428 905 3499 esset,
940 3421 1136 3499 militarent,
1171 3421 1337 3507 adempta

172 3532 336 3595 missionis
363 3532 508 3615 legitimo
536 3540 683 3614 tempore
713 3551 784 3612 spe,
820 3529 939 3592 ceteris
969 3528 1077 3592 Livius
1105 3527 1237 3593 nullum
1268 3532 1335 3595 nisi

171 3639 352 3723 legitimum
380 3647 413 3702 et
435 3659 604 3703 commune
628 3638 848 3721 praestitutum
871 3636 996 3700 militiae
1018 3642 1149 3719 tempus
1176 3639 1334 3721 scripsit:

169 3746 283 3812 nullo
306 3748 543 3829 praestituto
567 3745 725 3809 militiae
747 3750 941 3826 tempore,
964 3745 1044 3809 nisi
1068 3744 1169 3822 qne
1194 3744 1335 3828 legiti-

172 3918 254 3929 ι..-

197 4018 220 4083 ¹)
238 4016 377 4086 [Ridicule
399 4015 507 4084 (quidni
525 4015 600 4069 enim
620 4015 742 4083 dicam)
767 4016 1023 4082 Weissenbornius,
1048 4020 1080 4068 ut
1097 4016 1335 4075 emendationem

235 4101 315 4165 vitet,
340 4100 452 4169 pondus
477 4116 537 4154 esse
565 4099 635 4155 dicit
663 4102 692 4155 in
718 4100 821 4153 firmi.
867 4100 943 4154 Nihil
971 4106 1042 4167 erat,
1071 4118 1122 4154 our
1146 4118 1205 4155 non
1231 4103 1334 4158 firmus

235 4184 391 4239 aemularis
409 4185 549 4259 exercitus
569 4187 752 4252 scriberetur3
777 4186 902 4253 alioquin
921 4187 994 4239 enim
1012 4186 1121 4240 nullum
1142 4188 1233 4243 scribi
1255 4188 1334 4243 Sem·

231 4268 351 4341 oronim
368 4268 509 4340 iussissem
527 4270 576 4324 sed
594 4271 702 4324 duobus
721 4270 874 4324 efficiendis
892 4270 1017 4324 sulfimre
1032 4271 1164 4325 homines
1177 4272 1333 4344 negabat]

42 4348 464 4792 h
