2994 5108
220 500 282 554 Lib.
300 499 400 553 XXIX.
768 489 831 550 420

222 673 395 752 dicaret;
430 679 524 736 ante
558 672 690 737 omnia
723 679 786 737 cet.
844 671 908 738 Sed
942 673 1156 738 vindicationi
1188 671 1283 739 locus
1312 693 1378 738 non

222 787 273 846 est
307 781 340 844 in
370 802 406 845 re
434 802 499 844 non
529 782 747 864 comparenti,
783 802 844 846 neo
872 781 994 847 indicio
1025 781 1116 861 (nam
1143 781 1292 861 suerunt,
1321 781 1380 864 qui

221 890 472 954 indicarent
512 888 661 971 mallent)
700 888 881 971 quidquam
926 888 1154 973 proficeretur.
1223 886 1380 954 Scriben-

223 999 300 1063 dum
328 999 460 1081 opinor:
494 997 526 1060 si
561 996 657 1079 quid
689 1019 765 1062 non
800 1004 1068 1081 compareret,
1102 997 1206 1063 unde
1234 996 1379 1076 vellet,

222 1111 434 1190 repeteret
468 1102 692 1188 [repeteret
725 1106 838 1170 Pal.3
875 1112 909 1170 et
944 1105 1017 1170 edd.
1041 1106 1192 1190 quaedem
1220 1103 1381 1189 veteres];

223 1221 316 1278 ante
351 1220 430 1293 cet.;
465 1213 543 1277 deta
576 1213 707 1279 videtur
740 1221 888 1298 potestas
921 1213 1010 1298 apud
1043 1201 1164 1278 milites
1199 1213 1380 1297 quaerendi.

223 1321 345 1403 (1863.)
407 1319 424 1403 ἓ
460 1325 499 1384 10
534 1321 580 1402 (in
615 1323 764 1387 oratione
797 1322 1040 1404 Locrensium:
1079 1344 1150 1406 pro
1190 1327 1304 1387 certo
1339 1342 1382 1387 se

221 1429 390 1507 habere,
419 1450 548 1512 neque
577 1431 688 1495 iussu
717 1452 846 1515 neque
869 1430 1086 1495 voluntate
1108 1429 1144 1494 P.
1169 1428 1383 1513 Scipionis

222 1544 287 1603 tot
321 1545 399 1601 tam
427 1534 606 1602 nefanda
634 1539 857 1619 commissa,
892 1539 960 1603 sed
991 1546 1060 1604 aut
1088 1538 1288 1603 Pleminio
1318 1539 1383 1603 ni-

221 1647 338 1710 mium
372 1650 441 1709 aut
470 1645 551 1709 sibi
580 1666 720 1728 parum
748 1645 965 1726 creditum,
1001 1653 1070 1711 aut
1098 1652 1248 1711 natura
1274 1625 1384 1711 insi·

222 1760 303 1819 tum
344 1753 591 1837 quibusdam
631 1775 738 1833 esse,
783 1760 827 1818 ut
871 1755 996 1837 magis
1035 1754 1201 1838 peccari
1241 1753 1384 1819 nolint

222 1882 337 1945 quani
367 1861 471 1925 satis
500 1861 622 1924 animi
655 1861 704 1924 ad
727 1861 976 1926 vindicanda
997 1867 1168 1946 peccata
1189 1861 1382 1927 habeant.

221 1969 322 2034 Recte
346 1967 602 2033 Forohhammer
624 1967 766 2033 alterum
790 1977 858 2034 aut
881 1969 1063 2035 tollendum
1086 1970 1254 2034 iudicavit.
1296 1968 1383 2034 Duae

222 2078 307 2141 enim
331 2097 438 2141 causae
462 2083 667 2159 separantur,
691 2085 836 2142 autnon
860 2078 1039 2143 credidisse
1063 2077 1260 2161 Scipionem,
1283 2082 1384 2143 tanta

222 2206 294 2250 esse
312 2184 461 2248 Plerninii
480 2185 614 2263 scelera,
640 2190 698 2249 aut
716 2184 905 2265 credidisse,
922 2185 980 2250 sed
996 2207 1114 2270 parum
1132 2186 1232 2250 animi
1250 2184 1295 2249 ad
1312 2186 1385 2249 vin·

222 2292 399 2358 dicandum
421 2292 592 2372 habuisse3
623 2293 714 2377 prior
741 2294 863 2358 nonin
886 2294 950 2358 duo
975 2295 1142 2359 contraris
1164 2293 1386 2377 distinguitur

222 2399 328 2482 (aut),
342 2401 399 2464 sed
418 2401 481 2465 duo
502 2403 677 2465 coniuncta
694 2403 847 2481 continet,
861 2400 1046 2486 Scipionem
1058 2401 1219 2467 Pleminio
1232 2401 1385 2481 nimium,

220 2507 440 2572 Locrensibus
463 2529 579 2590 parum
597 2509 791 2588 credidisse;
816 2516 994 2594 utrumque
1014 2511 1099 2573 enirn
1120 2508 1258 2585 eandem
1277 2506 1385 2573 babet

194 2641 197 2646 ’
221 2616 295 2680 vim.
334 2616 382 2679 De
406 2615 622 2679 addit-amenti
645 2637 763 2698 genere
787 2616 845 2681 cfr.
869 2617 911 2682 ad
934 2617 989 2695 IX,
1008 2622 1036 2697 9,
1054 2622 1082 2682 9.
1130 2613 1253 2698 (1863.)

307 2721 386 2807 Cap.
410 2727 460 2801 22,
486 2727 513 2786 3.
561 2724 638 2801 Qua
664 2726 696 2788 in
717 2725 742 2788 P
766 2725 968 2789 scribuntur:
999 2732 1081 2790 tum
1109 2726 1222 2788 circa
1250 2746 1385 2789 arma-

222 2834 423 2897 mentaria
453 2838 491 2896 et
519 2832 728 2897 horratum
757 2833 964 2897 visendum
994 2839 1142 2915 praetor
1164 2831 1385 2915 legatique

222 2941 354 3020 ducti,
389 2942 435 3004 sic
465 2941 651 3023 supplenda
681 2940 846 3004 videntur:
872 2948 894 3005 t.
926 2961 952 3004 c.
983 2940 1305 3019 armamentaria
1342 2947 1386 3007 et

221 3049 364 3114 horrea
404 3050 447 3109 ud
487 3049 591 3110 bclll
631 3057 864 3128 apparatum
899 3049 1106 3113 visendum
1146 3053 1207 3112 cet.
1264 3046 1305 3111 In
1341 3070 1385 3114 eo

221 3157 463 3241 supplemento,
498 3179 561 3238 quo
597 3156 691 3239 vulgo
727 3163 878 3236 utuntur,
919 3158 1078 3221 inusitate
1113 3156 1234 3219 dicitur
1269 3156 1387 3221 circa

220 3287 300 3328 rom
331 3264 545 3328 visendam.
602 3265 640 3328 ln
676 3266 939 3329 armamentariis
968 3272 1000 3329 et
1029 3264 1154 3328 horreis
1183 3269 1257 3327 erat
1286 3268 1386 3329 totus

220 3372 299 3436 belli
323 3379 511 3455 apparatus
548 3372 669 3452 (1863.)
715 3371 796 3454 §10
821 3373 893 3454 (ubi
916 3373 1106 3455 exponitur,
1137 3369 1217 3453 quid
1240 3367 1387 3437 Clodius

220 3480 352 3543 Licinus
376 3479 415 3543 dc
440 3479 475 3556 Q.
501 3480 658 3543 Pleminio
682 3479 895 3561 narraverit):
930 3478 1141 3563 patefacto
1171 3477 1265 3542 dein
1296 3500 1388 3543 sce·

220 3587 308 3651 lero
339 3587 571 3668 delegatum
600 3589 638 3651 in
662 3586 891 3652 Tullianum
919 3609 963 3650 ex
992 3585 1023 3650 S.
1049 3584 1082 3650 C.
1139 3585 1224 3662 Quid
1254 3587 1387 3670 signifi·

219 3701 321 3773 cetur,
352 3700 487 3759 constat
510 3701 543 3759 et
567 3694 645 3758 dicit
668 3697 802 3779 proprio
827 3695 924 3759 verbo
948 3694 1058 3757 Livius
1082 3693 1228 3771 XXXIV,
1260 3699 1314 3773 44,
1347 3700 1386 3760 8:

221 3805 261 3867 in
292 3802 531 3867 inferiorern
561 3803 761 3880 demissus
792 3824 998 3866 carcerom
1023 3807 1086 3865 est
1108 3808 1386 3885 necatusque,

220 3933 286 3994 (puo
321 3912 399 3975 item
434 3911 538 3974 utitur
568 3910 743 3974 Sallustius
773 3910 812 3974 dc
841 3909 981 3974 Lentulo
1012 3909 1097 3990 (Cat.
1123 3914 1179 3973 55:
1214 3910 1257 3974 in
1292 3932 1387 3977 eum

219 4019 367 4098 locum,
396 4018 427 4082 h.
452 4041 478 4082 e.
503 4017 699 4097 Tullianum,
731 4017 952 4099 demissus),
1010 4017 1075 4082 Sed
1099 4017 1296 4101 delegare
1322 4042 1388 4104 pro

221 4125 437 4190 demittere
468 4128 537 4189 siue
567 4126 634 4190 ullo
664 4124 811 4209 exemplo
843 4126 979 4205 dicitur,
1015 4125 1102 4210 quod
1133 4133 1247 4191 autem
1271 4131 1389 4213 suspi-

220 4241 338 4297 cantur
361 4235 508 4315 quidam,
537 4234 664 4297 Livium
694 4233 727 4296 id
751 4233 882 4297 verbum
907 4255 927 4298 a
951 4233 1066 4298 Clodio
1091 4235 1288 4317 sumpsisse,
1319 4240 1388 4302 etsi

220 4340 332 4403 Livius
355 4341 544 4406 huiusmodi
568 4341 719 4406 obsoleta
741 4341 842 4405 rerba
859 4342 1099 4425 verborumque
1118 4340 1389 4424 significationes
