2994 5108
700 519 760 580 153
1180 531 1242 588 Lib.
1260 532 1307 587 Vl

146 701 348 786 relinquitur
370 703 454 768 illud
475 705 690 788 regionum
711 704 845 770 Italiae
869 703 1055 783 medium,
1089 706 1123 770 in
1147 725 1210 787 quo
1235 706 1307 790 ipso

147 808 325 893 displicent
357 814 548 896 regiones
581 813 716 879 Italiae
749 815 796 878 sic
829 813 956 878 infinite
991 812 1087 878 dictis
1120 836 1179 897 pro
1210 813 1308 879 Italia

147 916 298 1000 (Italia
319 921 516 1005 medium).
562 923 695 1001 Vereor,
724 943 765 986 ne
787 923 957 1005 genetivus
980 923 1191 1004 regionum
1214 930 1307 987 ortus

145 1026 192 1091 sit
226 1049 266 1092 ex
298 1030 499 1112 praecedenti
538 1030 730 1097 classium
770 1038 1037 1096 externarum
1071 1031 1310 1115 scripseritque

148 1134 278 1201 Livius:
319 1137 515 1218 regione·
555 1137 689 1204 Italiae
722 1137 889 1202 median.
953 1139 1071 1217 Recte,
1107 1139 1307 1203 enumeratis

148 1244 348 1326 commodis,
389 1268 462 1330 quse
501 1247 535 1312 in
574 1246 638 1312 loci
671 1247 776 1330 ipsius
810 1253 933 1312 natura
966 1253 999 1311 et
1032 1247 1164 1329 ingenio
1199 1247 1309 1329 posita

149 1362 263 1432 erant,
292 1353 484 1437 adiungitur
505 1355 634 1437 regio,
661 1354 726 1420 hoc
749 1361 809 1434 est,
838 1357 921 1419 situs
944 1355 978 1419 in
1001 1362 1092 1419 certa
1115 1356 1218 1420 totius
1240 1353 1308 1419 Ita-

147 1459 204 1525 liae
227 1460 370 1544 parte.¹)

237 1566 316 1653 Cap.
346 1574 402 1651 55,
439 1576 454 1634 1
485 1570 721 1637 adnotaveram
745 1571 858 1653 (1861)
882 1572 916 1635 in
938 1572 1005 1636 his:
1039 1571 1215 1636 Movisse
1240 1592 1308 1635 eos

147 1673 347 1743 Camillus
444 1680 600 1745 dicitur
622 1680 801 1746 admodum
824 1680 905 1744 dure
929 1701 996 1745 eos
1018 1679 1135 1744 referri
1157 1679 1200 1743 ad
1223 1680 1309 1744 cives

146 1805 176 1849 c.
210 1789 264 1865 50,
298 1789 318 1850 8
347 1788 498 1853 universe
530 1788 748 1872 significatos,
782 1788 930 1870 velleque
954 1809 1005 1852 me
1028 1788 1143 1852 liceret
1166 1787 1308 1852 scribere

146 1893 304 1959 animos
343 1902 404 1960 aut
435 1895 627 1962 homines.
690 1896 775 1960 Ecce
810 1896 836 1958 V
870 1897 994 1960 omittit
1032 1918 1228 1978 pronomen,
1270 1900 1308 1960 ut

146 2022 307 2068 movere
330 2003 483 2069 absolute
507 2003 639 2069 dicatur
664 2003 846 2086 (Eindruck
870 2003 1032 2085 macheu),
1063 2011 1101 2069 ut
1122 2004 1180 2082 III,
1203 2008 1255 2081 47,
1280 2007 1309 2083 3,

145 2109 267 2193 XXVI,
289 2115 341 2191 24,
364 2115 394 2192 8,
416 2111 580 2193 XXXVII,
606 2117 655 2192 15,
680 2117 708 2192 9,
732 2112 881 2191 XXXIX,
908 2117 935 2193 5,
960 2117 989 2192 2,
1015 2113 1056 2177 al.
1103 2110 1226 2193 (1873.)

633 2287 726 2370 Lib.
759 2287 828 2370 VI.

237 2417 315 2505 Cep.
340 2424 370 2500 3,
394 2423 413 2484 7
435 2421 488 2485 vix
511 2421 626 2486 dubito
650 2422 728 2503 quin
751 2422 784 2485 in
806 2421 873 2486 bis:
899 2419 1021 2497 Quum
1043 2443 1113 2504 pro
1137 2442 1180 2486 se
1203 2421 1309 2504 quis-

147 2549 228 2612 que
255 2529 474 2594 tenderent
501 2528 551 2593 ad
578 2535 721 2613 portes
746 2565 795 2609 —,
819 2528 984 2595 clausas
1014 2529 1069 2610 (id
1098 2529 1201 2594 enim
1230 2529 1310 2613 pri-

147 2659 252 2703 mum
292 2637 475 2703 dictator
515 2637 803 2721 imperaverat)
838 2644 981 2722 portas
1014 2639 1228 2703 inveniunt
1264 2637 1310 2702 al-

147 2753 262 2812 terum
282 2753 427 2831 portas
455 2747 626 2810 invenuste
648 2748 828 2829 repetitum
850 2753 939 2812 recte
963 2747 1112 2812 omiserit
1135 2746 1208 2812 cod.
1232 2746 1310 2811 Lov.

150 2859 172 2919 2
198 2854 318 2934 scriba,
341 2854 503 2939 probatus
527 2876 547 2919 a
570 2854 641 2920 solo
664 2854 830 2920 Douiatio.
876 2855 1034 2938 (1861.)²)

179 3021 204 3091 ¹)
223 3022 311 3077 Panlo
332 3028 399 3094 post
422 3021 447 3093 (ᾗ
465 3021 492 3090 6)
517 3024 587 3077 satis
606 3029 714 3078 certum
732 3031 787 3093 est,
811 3031 944 3094 corrupta
962 3042 1023 3078 esse
1041 3024 1114 3078 haec:
1139 3039 1222 3091 quae,
1241 3040 1309 3076 ms·

221 3108 296 3174 lum,
314 3109 407 3163 ratio
425 3114 476 3163 est
495 3111 650 3178 expertis
669 3110 737 3164 alia
755 3110 925 3181 experiri'?
945 3109 1016 3163 Nam
1035 3127 1086 3162 nec
1105 3108 1216 3162 dativus
1235 3113 1312 3163 recte

222 3198 337 3264 ponitur
365 3200 416 3250 ant
441 3196 580 3266 experti
604 3197 732 3250 absolute
755 3197 889 3252 dicuntur
912 3213 963 3251 nee
987 3196 1057 3249 alia
1081 3193 1237 3264 expertis
1260 3210 1312 3262 pro

224 3281 318 3350 aliis,
345 3287 446 3350 atque
475 3282 611 3351 experti
639 3283 729 3337 estis
755 3283 852 3339 Livius
883 3283 961 3336 111111.
1007 3281 1061 3336 Sed
1086 3280 1314 3335 emendationem

223 3385 281 3421 non
302 3367 421 3437 reperio.
465 3366 537 3421 Nam
568 3368 620 3421 his
647 3368 798 3424 desertis
821 3369 976 3425 violentum
998 3372 1053 3433 est,
1078 3366 1231 3420 desertis
1254 3384 1311 3419 ex·

223 3453 331 3522 pertis
359 3452 489 3521 [desertis
515 3454 565 3522 iis,
598 3470 660 3522 quae
689 3464 803 3524 experte.
830 3453 906 3522 sunt)
936 3454 1091 3508 orationem
1119 3452 1203 3506 habet
1231 3452 1313 3505 nimis

226 3539 322 3593 duram
341 3543 370 3593 et
388 3539 540 3593 insolitam.
584 3535 633 3607 [Et
658 3546 754 3594 tamen
772 3541 812 3595 sic
831 3541 934 3595 dicitnr
952 3557 973 3593 c.
994 3542 1035 3605 21,
1060 3542 1092 3592 12
1110 3538 1262 3592 deiectis
1280 3566 1313 3575 -

224 3625 378 3691 armatis3
400 3625 497 3694 itaque
515 3624 663 3695 Ussingius
686 3628 813 3695 spretis
836 3627 997 3696 expertis.
1034 3624 1096 3693 Ego
1115 3641 1149 3676 ex
1168 3642 1214 3692 eo,
1239 3623 1315 3692 quod

222 3711 253 3764 in
265 3709 296 3778 P,
309 3709 419 3778 Klock,
437 3710 601 3781 Helmstad,
615 3712 748 3767 Rottend.
763 3719 807 3767 est
825 3712 988 3782 (expertis
1007 3711 1099 3764 latos
1119 3709 1205 3777 alia),
1224 3714 1314 3763 tenta·

224 3796 289 3849 bam
307 3797 463 3865 expertis
481 3797 595 3851 iratos
613 3799 681 3852 alia
700 3817 769 3869 exp.
789 3799 877 3867 (1861)
897 3805 946 3852 11111
964 3797 1118 3866 expertis
1138 3794 1267 3862 lassos]

179 3880 208 3949 ²)
226 3879 302 3950 [Cap.
326 3884 354 3950 2,
391 3885 421 3936 11
447 3883 478 3938 in
504 3883 631 3952 pleniore
649 3886 710 3939 cod.
734 3885 797 3940 Ver.
823 3885 975 3954 scriptura:
1004 3889 1041 3936 111
1068 3882 1183 3935 minor
1209 3880 1315 3933 moles

225 3968 472 4036 superantibus
501 3969 632 4024 vallum
660 3970 836 4025 militibus
861 3971 1033 4025 munitum
1051 3969 1086 4021 in
1104 3970 1219 4020 castra
1237 3964 1315 4018 Vol·

225 4070 359 4108 ecorum
380 4053 546 4110 Romanis
572 4054 689 4124 suerit,
714 4074 810 4125 quam
833 4053 1171 4110 transcendentibus
1195 4067 1316 4119 seepem

225 4139 387 4195 incendio
406 4143 621 4211 absumptam
640 4141 752 4196 iuerat
770 4143 914 4211 aptissimo
933 4142 1007 4195 inter
1025 4157 1054 4193 se
1072 4137 1170 4192 referri
1191 4136 1317 4190 vallum

225 4225 404 4281 militibus
442 4227 609 4281 munitum
648 4226 711 4295 (mit
742 4228 877 4282 Soldaten
909 4227 1017 4282 besetzt
1047 4225 1106 4277 und
1137 4220 1255 4291 gamirt)
1287 4225 1317 4274 et

226 4327 355 4380 saepem
387 4312 549 4367 incendio
581 4314 800 4383 absumptam
833 4320 957 4383 apparet.
1010 4310 1082 4366 Nam
1113 4325 1164 4378 per
1191 4324 1220 4361 so
1247 4307 1317 4374 (sins

225 4397 372 4466 militibus)
391 4399 496 4453 vallum
513 4415 571 4453 non
587 4399 709 4454 multum
727 4399 867 4453 molestiae
887 4395 1028 4465 habebat]
