2994 5108
692 475 752 536 371
1116 486 1178 542 Lib.
1197 487 1299 542 XXVI.

143 657 260 722 vitiis
281 657 489 723 imbuisse.
531 658 677 724 Primum
699 659 849 724 universe
872 679 925 724 res
947 656 1159 742 significatur,
1181 659 1300 726 deinde

144 765 318 848 utriusqus
345 764 485 830 hominis
512 765 641 849 imperii
669 765 912 832 administratio
942 775 1169 851 comparatur3
1201 769 1236 831 in
1259 788 1299 832 ee

144 873 392 957 comparatione
419 878 563 955 utraque
591 875 757 938 sententia
784 876 957 940 anomine
984 874 1125 939 hominis
1153 876 1298 960 incipere

143 978 252 1046 debet.
314 979 405 1062 (Mox
444 980 551 1045 minus
589 979 758 1064 eleganter
790 980 860 1047 haec
894 982 1064 1048 dicuntur:
1110 988 1153 1047 ut
1185 1003 1298 1049 nemo

142 1121 186 1135 -
218 1095 342 1168 esset,
380 1121 424 1133 -—
461 1093 608 1153 essent.
674 1087 828 1153 Fortasse
868 1090 980 1155 Livius
1022 1091 1214 1172 scripserat:
1256 1098 1299 1156 ut

142 1216 255 1262 nemo
288 1230 333 1242 -
361 1197 424 1260 sui
457 1214 604 1267 memor
632 1196 671 1260 in
700 1196 803 1276 acie,
837 1204 895 1259 set
922 1197 1114 1280 praesidio
1143 1199 1228 1263 suis
1255 1233 1299 1243 —

145 1309 294 1370 essent.
342 1302 450 1385 1863.)

229 1409 311 1496 Cap.
335 1414 370 1490 3,
397 1417 418 1474 4
440 1409 490 1492 (in
512 1410 702 1478 defensione
725 1410 782 1476 (ln.
805 1411 943 1493 Fulvii):
977 1433 1054 1478 non
1084 1434 1124 1479 se
1152 1415 1299 1497 inopia

142 1514 388 1585 comnieetus
411 1517 451 1599 (P
474 1519 737 1601 commentus)
770 1541 846 1584 non
879 1522 918 1586 in
948 1520 1039 1586 loce
1067 1520 1210 1604 inique
1237 1522 1298 1585 in·

143 1632 262 1692 cante
289 1626 523 1705 deductum,
558 1648 636 1693 non
664 1628 821 1710 agmine
848 1628 1109 1712 inexplorato
1139 1635 1298 1693 euntem

141 1734 306 1800 insidiis
328 1735 644 1800 circumventum
666 1733 705 1815 (P
726 1740 857 1800 tentum
879 1735 1058 1817 circum);
1080 1737 1117 1800 vi
1140 1742 1293 1819 aperta,
1312 1743 1384 1813 (304)

143 1842 282 1923 ermis,
316 1843 404 1908 acie
436 1843 596 1907 victum.
651 1842 768 1908 Priore
801 1844 870 1908 sine
898 1845 1164 1926 interpunctione
1192 1844 1298 1927 posui,

142 1951 222 2034 quie
249 1950 291 2016 de
318 1950 492 2016 verborum
515 1950 744 2016 coniunctione
766 1949 951 2031 dubitetur,
978 1952 1201 2034 meximeque,
1231 1972 1297 2034 quo

142 2058 309 2142 pertineat
330 2057 496 2124 ablativus
513 2057 667 2142 (inopie
689 2059 947 2141 commeatus)
965 2058 1007 2124 ab
1029 2066 1173 2142 utroque
1195 2059 1297 2142 parti·

88 2196 109 2203 -
143 2166 227 2250 cipio
260 2165 492 2248 (deductum
532 2173 566 2232 et
598 2166 929 2249 circumventum)
964 2167 1161 2250 interposita
1199 2188 1298 2248 nega·

141 2275 231 2340 tione
259 2281 443 2357 separatus.
497 2274 580 2340 Dua
607 2293 677 2352 res,
710 2275 745 2339 in
774 2274 893 2356 quibus
923 2274 1133 2358 neglegentia
1155 2275 1298 2358 impera·

140 2383 224 2448 toris
257 2381 454 2465 reprehendi
490 2402 634 2464 curaque
670 2381 850 2447 desiderari
883 2388 1011 2464 potest,
1050 2381 1200 2466 negando
1233 2381 1297 2446 tol-

140 2487 270 2570 luntur;
308 2489 519 2573 relinquitur,
558 2510 632 2571 quae
673 2489 707 2554 in
740 2491 950 2573 imperatoris
983 2496 1152 2574 potestate
1185 2491 1299 2573 posita

141 2619 207 2663 non
234 2603 303 2676 est,
322 2617 447 2681 pugnae
469 2603 593 2680 apertae
621 2596 763 2662 fortuna.
814 2597 932 2680 ltaque
955 2598 1088 2663 sublate
1110 2618 1177 2663 una
1199 2618 1298 2680 nege-

140 2705 231 2770 tione
264 2703 475 2769 scribondum
509 2710 574 2769 est:
609 2704 694 2769 Non
727 2726 767 2769 se
800 2705 942 2788 inopia
975 2713 1223 2771 commeatus
1256 2706 1298 2770 in

140 2810 232 2878 loce
269 2812 411 2895 inique
451 2812 618 2876 incaute
656 2811 890 2892 deductum,
929 2834 1007 2878 non
1046 2814 1203 2895 agmine
1237 2815 1298 2877 in-

141 2918 361 3003 explorato
379 2924 538 2984 euntem
554 2918 723 2985 insidiis
744 2904 1074 2999 circumventum
1096 2920 1134 2984 vi
1151 2927 1298 3003 aperta

140 3034 201 3093 cet
257 3026 431 3092 Exercitus
462 3027 497 3091 in
529 3027 605 3092 loca
637 3028 752 3109 inique
781 3027 974 3093 demittendi
1002 3028 1170 3112 praecipua
1197 3047 1299 3093 causa

139 3154 213 3202 csse
245 3140 381 3219 poterat
410 3135 526 3218 inopia
558 3143 760 3200 commeatus
794 3156 835 3200 ex
866 3135 1078 3219 neglegentia
1110 3143 1188 3200 ente
1220 3156 1297 3218 pro·

138 3242 302 3328 spiciendi
340 3243 475 3324 eiusque
515 3242 733 3326 undecunque
775 3244 944 3325 querendi
976 3244 1167 3308 necessitas.
1229 3242 1298 3324 [Sic

137 3346 365 3434 Doeringius.]

226 3456 307 3542 Gap.
329 3463 365 3538 4,
399 3461 418 3521 3
446 3457 502 3539 (de
530 3455 708 3542 (lampenis
743 3458 887 3524 obsessis
923 3466 957 3524 et
991 3459 1148 3525 adversus
1176 3459 1297 3524 Roma·

134 3586 199 3632 nos
230 3563 486 3651 pugnantibuslz
528 3563 713 3631 (lotorum
751 3568 791 3632 in
823 3568 966 3633 multis
999 3567 1297 3633 certaminibus

135 3673 358 3757 equestria
389 3673 551 3756 proelia
584 3672 708 3740 ferme
741 3695 943 3759 prospera
975 3675 1200 3754 iaciebant,
1233 3696 1297 3761 ps·

136 3778 248 3846 dites
293 3778 608 3863 superabantur.
670 3780 779 3847 Minus
827 3789 916 3847 recto
954 3804 976 3848 a
1013 3781 1208 3866 Campanis,
1254 3782 1296 3848 ds

131 3907 280 3974 quornm
316 3885 452 3953 fortune
492 3889 665 3971 pugnandi
702 3891 827 3973 agitur,
867 3892 974 3968 oretIo
1013 3883 1214 3956 transfertur
1252 3889 1295 3954 ed

112 3997 228 4079 ·ipsos
260 3994 402 4079 pedites.
468 3993 544 4061 Una
580 3996 695 4061 littere
740 4017 807 4062 non
845 4004 935 4064 recte
976 3999 1144 4082 geminate
1184 3996 1296 4062 detre-

123 4099 251 4169 bonde
284 4109 351 4167 est:
383 4101 524 4186 pedite
558 4102 718 4187 (pedestri
752 4105 923 4189 copiarum
957 4113 992 4171 et
1018 4105 1135 4190 proelii
1162 4103 1296 4189 genere)

130 4209 451 4294 superabantur.
502 4208 568 4275 Cir.
591 4210 743 4292 XXXIII,
768 4215 796 4292 7,
823 4217 877 4278 13:
906 4213 1048 4298 pedite
1071 4214 1182 4278 inter
1203 4211 1295 4278 fini·

1012 4333 1061 4386 24*
