2994 5108
144 373 207 428 Lib.
228 374 328 429 xxvi
696 363 758 424 374

232 545 312 631 Cap.
339 550 393 626 15,
424 551 457 626 3,
486 546 544 613 ubi
570 547 604 612 in
626 545 652 610 P
677 546 723 611 sic
752 545 907 612 scribitur
928 544 1172 631 (simillimoque
1193 546 1230 612 in
1251 566 1305 613 ce-

145 654 255 736 teris):
287 655 586 739 percunctandi
614 656 737 720 etiam
764 675 918 738 equum
940 674 1031 719 esse
1054 660 1305 737 potestatem

145 761 242 827 fieri
265 762 471 845 patribus,
500 783 589 826 num
612 762 982 827 communicassent
1005 759 1194 845 (Campani)
1217 783 1305 829 con·

147 870 245 935 silia
273 891 359 934 cum
386 871 542 953 aliquis
571 870 778 935 sociorum
803 870 941 934 Latini
967 870 1147 935 nominis
1176 871 1305 936 muni·

60 978 349 1061 (soolcipiorum
383 985 422 1042 et
448 999 538 1043 num
565 999 640 1062 ope
669 999 805 1043 eorum
832 977 872 1041 in
900 976 1009 1043 bello
1038 976 1179 1043 forent
1208 978 1305 1044 ead·

145 1085 462 1168 municipiorum
490 1085 637 1164 adiuti,
666 1106 732 1150 non
760 1090 866 1164 muto,
896 1105 995 1167 quam
1017 1084 1109 1163 olim,
1138 1103 1242 1167 quum
1263 1084 1305 1151 de

146 1192 283 1257 coloniis
300 1193 457 1258 Romanis
481 1192 642 1277 disputavi
659 1192 791 1275 (Opusc.
808 1192 909 1258 Acad.
927 1191 944 1255 I
960 1214 992 1275 p,
1010 1195 1073 1257 239
1090 1191 1184 1274 not),
1208 1192 1306 1277 posui

146 1301 361 1379 sententiam,
396 1323 462 1366 non
496 1301 603 1367 solum
636 1301 742 1366 altero
771 1300 843 1366 loco
874 1299 926 1382 [ut
953 1298 1103 1365 voluerat
1131 1300 1199 1365 iam
1227 1297 1305 1366 Ore·

144 1407 283 1490 verius]‚
312 1409 371 1473 sed
398 1416 539 1491 utroque
562 1407 742 1474 tollendum
765 1428 836 1472 esse
858 1408 1174 1491 municipiorum
1195 1413 1306 1472 ortum

145 1537 185 1581 ex
217 1537 306 1581 num
340 1537 414 1601 ope
447 1537 580 1580 eorum
608 1514 899 1598 (quemadmodum
927 1514 1065 1595 XXVII,
1097 1519 1151 1594 ll,
1183 1520 1221 1578 11
1252 1514 1305 1582 bis

145 1613 301 1688 scribitur
331 1644 483 1706 pravum,
517 1624 617 1688 semel
645 1621 802 1703 rectum),
837 1629 874 1686 ut
903 1622 1080 1688 scribatur:
1114 1643 1201 1688 cum
1227 1623 1305 1688 sli-

146 1732 238 1815 quis
274 1732 477 1796 sociorum
507 1730 645 1795 Latini
673 1731 849 1797 nominis
879 1736 918 1794 et
944 1752 1036 1795 num
1063 1751 1136 1813 ope
1168 1751 1306 1796 eorum

145 1839 185 1903 in
208 1837 316 1904 bello
345 1837 482 1903 forent
511 1837 654 1903 adiuti.
706 1836 791 1903 Nam
819 1836 909 1921 quod
937 1838 1117 1921 municipia
1140 1837 1306 1905 eiusmodi

145 1944 323 2029 significari
356 1947 488 2025 volunt,
523 1965 596 2027 qua
630 1946 797 2010 civitatem
831 1946 901 2010 sine
931 1943 1087 2028 suffragio
1115 1945 1305 2025 habuerint,

144 2074 252 2135 neque
281 2053 351 2118 ulla
380 2061 432 2120 est
459 2055 492 2118 in
520 2054 639 2119 horum
668 2058 855 2135 temporum
882 2052 1025 2118 historia
1051 2052 1151 2118 huius
1172 2054 1307 2135 generis

144 2161 411 2244 municipiorum,
445 2181 518 2243 qua
540 2160 651 2226 Livius
677 2181 838 2244 nusquam
866 2162 1000 2227 omnino
1023 2161 1187 2226 acetaria
1216 2161 1307 2245 cogi-

144 2268 247 2334 tando
283 2268 498 2334 scribendove
534 2270 688 2347 secrevit,
723 2276 879 2353 separata
911 2269 1034 2334 mentio
1062 2268 1306 2352 significatiove

144 2382 314 2457 tamquam
360 2378 478 2441 animis
523 2376 708 2460 studiisque
747 2398 768 2441 a
806 2377 924 2442 ceteris
963 2378 1187 2442 seiunctorum
1225 2377 1307 2460 (etsi

145 2483 308 2548 debuerat
340 2484 483 2550 fortasse
517 2484 628 2549 Livius
662 2484 702 2549 de
736 2485 799 2550 hoc
833 2485 963 2549 civium¹
985 2504 1107 2568 genere
1138 2485 1174 2548 in
1208 2482 1308 2551 Cam·

144 2611 308 2675 panorum
335 2592 435 2657 rebus
459 2591 635 2676 cogitare),
668 2613 776 2676 neque
807 2613 847 2657 ea
873 2592 971 2657 sociis
999 2596 1033 2657 et
1059 2591 1191 2657 Latinis
1213 2598 1310 2675 post·

144 2699 223 2781 poni
251 2705 410 2783 poterant·
436 2721 542 2782 neque
570 2700 604 2764 id
627 2721 745 2764 nomen
766 2701 835 2764 sine
858 2700 1024 2783 particula
1046 2699 1146 2764 adiici
1170 2701 1309 2766 socio·

143 2829 227 2871 rum
268 2808 404 2873 Latini
445 2809 623 2872 nominis
663 2815 805 2890 recepta
843 2807 1071 2891 appellationi.
1132 2807 1178 2871 Et
1218 2806 1310 2874 solos

145 2916 251 2980 socios
280 2917 465 2980 nominatos
488 2913 589 2980 fuisse
613 2914 771 2995 ostendit,
800 2914 890 2998 quod
914 2915 1079 2996 sequitur:
1114 2921 1159 2979 ut
1188 2915 1310 2981 solli·

145 3025 445 3088 citarentur-
468 3021 878 3087 sociorumfidelium
901 3023 1035 3086 animi.
1087 3022 1310 3108 Liviianimo

143 3131 176 3193 in
211 3130 351 3194 historia
385 3131 462 3195 belli
491 3129 703 3194 Hannibalici
737 3130 864 3194 nullum
897 3132 984 3194 inter
1017 3131 1105 3194 cives
1133 3137 1168 3195 et
1198 3132 1310 3198 socios

143 3238 279 3301 tertium
318 3257 421 3318 genus
461 3237 631 3302 hominum
669 3238 876 3302 interiectum
916 3239 1115 3317 occurrisse,
1157 3241 1310 3306 certissi-
1411 3248 1477 3268 ‘

144 3365 232 3408 mum
256 3351 315 3409 est.

232 3449 309 3534 Cap
337 3456 390 3531 17,
422 3457 534 3536 bsqq.
558 3453 747 3517 Hasdrubal
770 3452 969 3518 Hamilcaris
991 3452 1080 3519 filius
1103 3460 1268 3520 narratur
1290 3476 1311 3522 a
1337 3453 1485 3513 ,a

145 3556 179 3621 C.
202 3556 366 3624 Nerone
357 3582 392 3624 111
414 3561 479 3625 salt
465 3567 502 3625 tu
525 3561 636 3644 aliquo
659 3561 807 3624 inclusus
830 3561 1032 3644 promisisse,
1057 3562 1085 3626 si
1108 3561 1188 3626 inde
1212 3562 1497 3628 emis-2

145 3687 201 3729 sus
235 3664 335 3744 foret,
371 3689 405 3732 se
441 3669 563 3732 exercit
564 3690 619 3732 um
655 3689 694 3732 ex
722 3667 884 3751 Hispania
914 3669 1183 3752 deportaturum.
1242 3670 1430 3753 (819

64 3847 69 3855 ,
144 3775 231 3837 enim
266 3775 490 3839 scribendum:
530 3775 625 3839 inde
665 3777 838 3840 emissus
880 3798 956 3860 pro:
996 3777 1091 3843 inde
1130 3766 1446 3860 missus.[0
1470 3772 1492 3811 ⁴'

146 3878 270 3964 [Longe
289 3881 380 3946 aliud
403 3888 455 3947 est
477 3883 702 3946 convivium
725 3885 897 3961 mittere,
921 3884 984 3949 hoc
1001 3893 1054 3950 est
1070 3876 1430 3969 dimitteresae
1459 3883 1488 3903 ”

144 3986 226 4050 Tum
260 3990 320 4053 sic'
340 3988 499 4054 scribitur
532 3987 580 4068 (ιιι
607 3988 689 4052 Pet
717 3992 836 4055 ceteris
865 3992 976 4069 codd,
1011 3994 1161 4076 exceptis
1191 3976 1461 4079 pascici:

144 4096 410 4175 recentissimis):
442 4096 561 4173 Quam
584 4116 664 4160 rem
688 4119 806 4180 quum
828 4098 920 4164 laeto
944 4101 1077 4166 animo
1100 4101 1313 4168 Romanur
1408 4095 1496 4148 ²

144 4203 394 4284 accepisset,
441 4203 545 4267 diem
584 4211 791 4286 posterum
835 4207 1046 4274 Hannibal
1093 4208 1316 4292 colloqui·
1404 4184 1495 4255 2⁶⁰
