2994 5108
675 503 737 564 593

133 686 314 751 collatione
346 708 434 751 usus.
481 686 545 752 Sed
568 688 774 772 Kreyssigius
807 690 840 752 in
869 667 988 756 neutra
1021 668 1164 754 editione
1193 690 1284 772 ipsas

136 794 263 859 codicis
296 797 476 877 scripturas
510 796 680 876 iudicavit,
703 795 872 861 Belrlrerus
903 818 980 862 raro
1010 804 1044 862 et
1071 796 1285 879 inaequaliter,

141 902 220 985 quid
243 904 278 967 iu
301 902 410 968 codice
434 911 528 984 esset,
552 905 722 969 adnotavit
743 926 804 970 uec
822 907 891 970 sine
909 904 1086 970 erroribus.
1119 905 1203 970 Nam
1219 904 1286 968 Ko-

137 1012 279 1094 pitarius
302 1011 571 1094 perneglegenter
592 1033 660 1078 rem
684 1019 797 1096 egerat
819 1020 853 1079 et
873 1014 977 1079 multo
1000 1012 1120 1098 saep'ius
1143 1014 1287 1096 gravius-

134 1140 212 1203 que,
236 1140 333 1202 quam
352 1141 412 1202 par
435 1126 516 1197 erat,
539 1120 752 1187 aberraverat
767 1121 918 1205 falsaque
934 1122 1127 1186 tradiderat.
1161 1120 1287 1186 Deinde

136 1235 250 1292 autem
283 1226 505 1311 Kreyssigius,
547 1236 721 1311 postquam
760 1231 920 1295 nonnulla
951 1230 1134 1295 minoribus
1167 1229 1287 1294 libellis

143 1343 326 1418 sparserat,
354 1338 386 1399 in
410 1337 688 1402 Anuotationibus
716 1338 759 1402 ad
788 1337 824 1402 T.
847 1339 929 1403 Livii
957 1338 1060 1403 libros
1082 1336 1289 1402 XLI—XLV

135 1443 272 1508 Misenae
295 1465 323 1509 a.
350 1449 430 1510 1849
455 1445 552 1509 editis
576 1446 616 1509 de
639 1446 789 1511 omnibus
812 1447 902 1526 locis,
925 1468 1004 1529 quos
1023 1453 1216 1525 mutaverat,
1239 1448 1288 1511 in-

137 1552 252 1617 dicata
274 1552 397 1618 codicis
421 1555 586 1636 scriptura
609 1553 773 1634 disseruit,
797 1555 1040 1638 multorumque
1068 1555 1182 1633 etiam,
1206 1576 1288 1638 quos

142 1661 288 1726 intactos
310 1661 499 1743 reliquerat,
521 1665 720 1745 scripturam
743 1664 865 1745 posuit,
886 1683 993 1744 neque
1015 1668 1136 1741 tamen,
1160 1663 1289 1727 etiamsi

139 1790 234 1835 error
257 1771 361 1834 omnis
384 1770 426 1833 ab
449 1771 499 1848 iis,
523 1792 595 1853 quae
617 1773 742 1854 posuit,
772 1770 942 1849 abfuisset,
970 1770 1038 1835 ullo
1067 1771 1163 1834 modo
1192 1770 1288 1835 satis-

135 1876 218 1942 fecit
239 1879 290 1953 iis,
314 1879 370 1961 qui
392 1878 502 1942 omnia
524 1879 636 1942 rimari
659 1886 693 1942 et
709 1880 879 1962 exquirere
895 1879 1025 1943 vellent.
1059 1879 1160 1942 Miror
1178 1885 1289 1944 autem

140 1985 380 2070 Kreyssigium,
403 2008 503 2068 quum
526 1986 566 2050 de
589 1986 679 2050 haud
700 1987 816 2070 paucis
843 1987 924 2051 locis
954 1988 1072 2051 erroris
1103 1988 1289 2070 suspicione

116 2087 119 2096 ’
137 2101 215 2160 urta
232 2094 449 2177 Kopitarium,
472 2101 509 2158 ut
533 2096 679 2159 codicem
702 2097 822 2159 iterum
838 2097 1023 2179 inspiceret,
1040 2101 1192 2178 rogasset
1209 2096 1289 2160 alia-

137 2224 205 2287 que
229 2203 275 2265 ibi
297 2203 423 2285 scripta
446 2225 531 2279 esse,
566 2210 664 2284 atque
691 2204 782 2286 prius
805 2202 997 2286 Kopitarius
1024 2204 1224 2283 tradiderat,
1247 2203 1289 2269 ab

139 2313 211 2395 ipso
236 2313 463 2393 comperisset,
491 2332 555 2374 nou
589 2311 692 2376 multo
715 2312 845 2394 gravius
873 2311 913 2376 de
936 2311 1161 2394 Kopitariauae
1190 2312 1290 2376 colla·

138 2420 240 2484 tionis
273 2418 336 2482 fide
371 2418 520 2483 dubitare
554 2420 746 2502 coepisse.1)
790 2419 819 2483 A
846 2418 995 2484 Beklrero
1029 2425 1062 2483 et
1094 2420 1284 2504 Kreyssigio
1303 2434 1375 2509 (48¹7)

137 2527 265 2610 pendet
282 2527 578 2604 Weissenbornius,
598 2529 654 2610 qui
674 2528 837 2592 interdum
861 2550 900 2592 ex
922 2529 972 2607 iis,
994 2548 1066 2609 quae
1083 2527 1290 2607 adnotarent,

166 2781 192 2847 ¹)
210 2781 274 2836 Uno
292 2786 355 2834 utar
373 2783 567 2850 exemplorum
587 2799 696 2850 genere.
734 2781 793 2837 Etsi
818 2784 892 2837 ultra
910 2801 1085 2838 communem
1104 2782 1290 2851 neglegentius

209 2867 323 2920 modum
346 2867 474 2920 librarius
492 2887 575 2922 voces
600 2869 755 2922 omittendo
779 2873 921 2939 peccavit,
945 2878 1039 2924 tamen
1057 2870 1174 2922 nonita
1192 2885 1289 2937 pauca,

210 2971 273 3023 quse
299 2953 464 3023 Kopitarius
491 2960 541 3008 aut
567 2957 596 3008 in
621 2955 718 3009 codice
746 2956 837 3008 omitti
866 2957 968 3011 diserte
995 2957 1148 3023 scripserat
1174 2959 1230 3019 aut,
1258 2959 1291 3008 ut

214 3041 317 3094 omissa
336 3046 516 3108 putarentur.
536 3041 666 3108 ambigue
694 3043 842 3095 scribendo
866 3042 1009 3107 effecerat,
1032 3047 1131 3110 postea
1154 3059 1171 3093 a
1187 3041 1290 3110 Kreys-

210 3126 285 3194 sigio
303 3127 493 3194 interrogatus
511 3127 540 3179 in
559 3126 657 3180 codice
676 3132 786 3180 exstare
804 3128 947 3182 indicavit.
984 3127 1038 3180 Sed
1062 3126 1101 3179 sic
1124 3143 1234 3194 quoque
1256 3144 1291 3180 ex

207 3213 261 3277 iis,
286 3227 347 3279 quae
366 3211 544 3278 Kreyssigius
565 3230 590 3280 p.
613 3213 644 3263 12
661 3216 720 3264 not.
740 3216 755 3265 3
774 3231 790 3266 a
809 3212 943 3282 Grynaeo,
968 3229 1052 3281 quum
1075 3212 1105 3265 in
1123 3211 1221 3265 codice
1241 3211 1288 3264 de·

207 3303 310 3359 essent,
330 3295 457 3365 suppleta
476 3296 552 3360 dicit,
570 3297 631 3349 haec
650 3298 797 3351 eximenda
820 3305 869 3351 aut
892 3297 1048 3351 accuratius
1070 3295 1193 3350 finienda
1212 3300 1290 3350 suut:

207 3382 271 3435 Lib.
291 3380 381 3435 XLII.
400 3384 441 3447 23,
459 3384 476 3433 7
494 3399 551 3436 non
570 3382 711 3436 omittitur
727 3383 843 3446 finem,
863 3383 912 3436 sed
930 3386 1029 3436 contra
1046 3383 1132 3451 paulo
1150 3387 1216 3435 ante
1235 3381 1290 3435 de·

209 3469 345 3522 dissent
363 3469 449 3533 (inter
467 3468 549 3536 quid
568 3472 596 3522 et
615 3467 754 3537 ipsum);
782 3486 805 3522 c.
823 3471 865 3533 46,
885 3472 900 3521 3
922 3485 979 3521 non
1002 3467 1146 3521 scribitur:
1165 3468 1290 3521 missos

207 3554 344 3608 Romam
364 3553 400 3615 si,
419 3552 480 3605 sed:
499 3554 624 3606 missos
642 3553 814 3608 Romanos
834 3556 873 3620 si;
894 3570 916 3607 c.
935 3556 977 3619 48,
996 3554 1013 3605 t
1035 3569 1092 3606 non
1115 3553 1196 3607 abest
1218 3552 1288 3605 lta-

206 3640 276 3707 liae,
295 3637 343 3692 sed
362 3638 416 3690 alio
435 3638 534 3694 ordine
553 3640 696 3693 scribitur:
714 3644 841 3708 praeter
860 3656 952 3692 oram
988 3643 1207 3706 ruperuectus
1225 3637 1292 3691 Ita-

208 3724 279 3791 liae2
298 3741 321 3778 c.
341 3725 382 3785 33,
402 3726 417 3778 3
435 3725 464 3777 in
483 3725 581 3779 codice
605 3724 685 3777 adest
709 3725 912 3793 capiuntur;
936 3741 1026 3791 neque
1044 3723 1091 3776 lib.
1112 3723 1211 3790 XLIII,
1229 3725 1255 3789 4,
1273 3724 1291 3776 6

208 3795 352 3863 omittitur
385 3808 591 3863 lacerabant
617 3827 669 3864 nec
707 3811 776 3875 5,4
811 3809 936 3863 bellum
973 3809 1034 3875 (sed
1070 3810 1214 3862 scribitur:
1251 3807 1292 3860 ad

207 3895 304 3949 aliud
331 3894 365 3946 id
383 3894 519 3959 bellum)
542 3913 592 3948 nec
615 3894 711 3960 XLIV,
737 3899 759 3962 1,
781 3898 813 3948 10
834 3912 977 3963 regnum
1003 3911 1054 3947 nec
1073 3896 1114 3960 22,
1134 3897 1150 3946 6
1169 3897 1291 3946 auctor

208 3997 261 4035 nec
280 3982 323 4047 27,
344 3981 375 4031 10
393 3981 628 4034 subsisterent
655 3997 706 4033 neo
730 3983 771 4046 35,
790 3983 823 4033 23
846 3989 894 4034 aut
916 3998 1005 4034 mare
1028 3983 1078 4032 aut
1101 3979 1290 4031 transitum

205 4064 441 4132 (Forchhammsr
454 4065 572 4118 adnotat
586 4065 615 4117 in
633 4064 725 4118 media
744 4082 811 4121 voce
831 4083 921 4119 mare
939 4082 1049 4118 versum
1067 4063 1221 4127 terminari)
1237 4079 1290 4117 neo

208 4153 286 4217 39,8
313 4166 412 4217 quam
439 4155 475 4201 ut
503 4150 563 4214 (sed
581 4151 725 4203 scribitur:
754 4169 896 4220 quorsum
924 4150 979 4215 ut).
1015 4149 1099 4214 XLV,
1121 4151 1160 4215 10,
1183 4151 1215 4201 10
1232 4164 1290 4202 non

208 4236 377 4304 simpliciter
395 4235 535 4287 omittitur
554 4236 680 4301 oratio,
700 4236 764 4304 ssd,
791 4237 898 4289 duabus
922 4235 1037 4287 vocibus
1062 4233 1290 4298 (moderatior

207 4319 336 4387 oratio)
363 4319 500 4386 conflatis,
528 4320 659 4373 scribitur
684 4321 888 4387 moderatim
913 4337 935 4374 c.
958 4324 997 4384 ll,
1021 4324 1037 4373 ὁ
1064 4335 1122 4372 non
1149 4319 1291 4371 omittitur

1026 4475 1060 4526 38
