2994 5108
718 497 759 559 8⁷
1183 513 1246 568 nin.
1266 513 1315 569 111.

156 675 329 763 adscripto
353 679 452 745 eliam
475 700 493 745 e
514 680 601 747 libro
613 678 770 762 XXXIX,
791 685 839 763 12,
858 688 895 747 4:
919 682 1252 750 Bacchanalibus
1275 685 1315 750 in

157 805 276 852 sacro
311 795 532 869 nocturn03
571 794 705 872 poterat
744 790 860 857 eodem
888 792 960 856 iure
989 813 1197 877 comparare:
1238 792 1313 858 Ta·

155 894 281 973 renti,
315 895 357 960 iu
389 894 488 962 urbe
521 895 741 980 locupleti;
782 919 859 964 nam
886 898 1214 965 Bacchanalibus
1244 901 1314 965 siue

154 1002 392 1085 praepositione
414 1004 450 1069 in
470 1009 621 1087 tempore
642 1005 820 1073 indicando
844 1008 987 1091 ponitur.

243 1107 322 1194 Gap.
348 1113 377 1191 8,
400 1115 435 1175 8:
458 1111 610 1178 Hostes
629 1115 731 1178 ...in
754 1115 989 1181 Lucretium
1010 1115 1200 1181 incidunt
1223 1137 1314 1182 con·

155 1217 298 1298 sulem,
337 1219 415 1284 iam
455 1227 551 1285 ante
591 1221 825 1306 exploratis
865 1222 1090 1288 itineribus
1131 1224 1217 1288 suis
1251 1224 1313 1288 in·

155 1325 361 1392 structum
399 1330 439 1393 et
476 1328 526 1393 ed
565 1335 774 1395 certamen
807 1331 1019 1396 intentum.
1082 1330 1214 1410 Fuisse,
1257 1331 1314 1415 qui

154 1432 245 1499 suis
278 1433 323 1499 ed
355 1433 498 1501 hostes
520 1434 696 1516 referrent,
729 1459 795 1503 non
818 1438 999 1517 crederem,
1032 1439 1097 1503 nisi
1120 1438 1314 1504 adnotatum

152 1541 317 1623 riderem3
352 1542 436 1609 adeo
470 1542 597 1609 nullam
625 1542 656 1609 h.
680 1544 701 1609 l.
724 1544 915 1612 reflexivum
946 1566 1129 1630 pronomen
1159 1567 1196 1611 eo
1227 1545 1313 1611 rela-

154 1655 227 1714 tum
261 1651 507 1716 excusationem
540 1650 658 1733 hebet;
697 1653 757 1719 sed
789 1676 829 1718 ne
865 1654 1009 1719 Lucretii
1043 1653 1175 1736 quidem
1208 1653 1313 1737 ipsius

152 1757 277 1823 itinera
308 1758 474 1842 quomodo
509 1758 661 1824 dicantur
694 1769 753 1827 aut
787 1782 861 1845 quae
896 1763 976 1840 sint,
1011 1760 1158 1844 expediri
1186 1767 1313 1846 potest3

153 1864 386 1950 exploraverat
407 1867 538 1947 itinere,
561 1868 681 1952 quibus
704 1868 817 1934 hostes
840 1870 890 1935 uti
913 1875 1059 1953 possent.
1105 1867 1173 1933 Aut
1194 1867 1313 1934 tollen·

154 1972 235 2038 dum
257 1981 310 2040 est
332 1974 417 2041 suis
441 1982 550 2041 ortum
567 1997 608 2041 ex
625 1975 873 2060 (itineribu)s
890 1975 1165 2058 ins(tructum)
1182 1975 1312 2041 litteras

154 2081 355 2165 geminando
384 2088 443 2148 aut
465 2084 691 2150 scribendum:
726 2085 958 2170 exploratis
987 2082 1215 2149 itineribus
1245 2103 1311 2145 ean

152 2190 241 2255 suis
262 2190 523 2257 instructum.
570 2192 694 2275 (1873.)

243 2296 323 2382 (lap.
349 2302 397 2378 13,
429 2302 464 2363 7:
494 2297 667 2381 (Consulto
697 2305 814 2365 senatu
843 2301 875 2364 in
904 2297 1050 2365 Caesonis
1079 2299 1174 2365 Fabii
1202 2318 1313 2377 causa,

151 2427 253 2491 quem
280 2406 315 2472 in
342 2406 450 2472 vincla
478 2407 570 2490 duci,
602 2408 667 2472 nisi
694 2408 836 2491 pecunia
863 2409 1027 2492 promissa
1054 2414 1189 2473 cautum
1216 2413 1311 2486 esset,

151 2514 280 2580 tribuni
313 2515 508 2598 iusserant):
542 2516 666 2582 vades
700 2516 796 2581 dare
829 2516 999 2600 placuit.
1055 2515 1126 2582 Hoc
1160 2517 1189 2580 si
1222 2520 1311 2579 recte

151 2621 326 2702 scribitur,
356 2628 494 2689 senatus
522 2624 593 2708 ipse
615 2624 716 2691 vades
739 2624 818 2689 dare
842 2624 1002 2705 decrevit,
1037 2645 1144 2709 neque
1168 2624 1254 2687 enim
1277 2623 1312 2686 in

149 2729 214 2795 tali
246 2731 406 2797 orationis
439 2730 547 2798 forma
579 2733 688 2798 audiri
723 2733 909 2798 subiectum
943 2732 1035 2797 aliud
1069 2737 1188 2816 potest.
1246 2729 1311 2795 Sed

152 2837 367 2904 scribendum
405 2839 511 2920 dari,
556 2839 833 2923 quemadmodum
877 2842 1025 2924 proxime
1059 2846 1135 2905 ante
1170 2838 1308 2903 dicitur:

151 2945 250 3012 sisti
276 2967 388 3012 reum
416 2949 709 3032 pecuniamque
731 2949 922 3032 promitti
943 2948 1109 3032 placere
1131 2968 1311 3031 pronun·

150 3054 272 3121 tiant
322 3053 473 3140 Persaepe
502 3057 592 3141 apud
613 3056 714 3122 verba
736 3057 940 3123 voluntatem
961 3055 1182 3138 significantia
1204 3052 1311 3118 infini-

151 3163 258 3228 tivum
290 3164 435 3234 activum
467 3185 527 3248 pro
562 3166 693 3248 passivo
729 3164 948 3230 substitutum
984 3184 1071 3243 esse,
1106 3163 1174 3228 dixi
1210 3182 1311 3246 supra

152 3294 187 3356 p.
210 3274 251 3336 38
274 3293 306 3336 n.
329 3274 365 3352 23
388 3270 446 3336 cfr.
469 3295 501 3356 p.
525 3277 588 3338 248
612 3272 652 3338 de
674 3272 778 3354 XXII,
802 3277 851 3354 33,
876 3278 894 3336 5
919 3279 952 3338 et
975 3295 1005 3355 p.
1030 3274 1092 3336 413
1116 3271 1157 3336 de
1179 3269 1310 3349 XXXV,

152 3383 212 3460 34,
240 3382 276 3460 33
309 3379 385 3445 add.
414 3379 519 3460 XLII,
553 3385 609 3462 25,
644 3385 684 3445 10
719 3380 955 3463 (renovare).
1013 3378 1136 3461 (1861.)
1186 3378 1311 3444 Eodem

150 3507 317 3553 errores
341 3491 392 3567 51,
416 3491 435 3551 2
459 3488 589 3555 codices
612 3488 839 3574 appellare.

242 3592 322 3680 Gap.
348 3599 398 3676 14,
420 3600 453 3674 6:
488 3596 544 3662 Ne
565 3617 662 3664 voce
685 3597 847 3682 quidem
869 3596 1138 3675 incommoda,
1167 3594 1312 3660 nedum

151 3707 201 3767 ut
236 3701 324 3769 ulla
357 3704 415 3769 ris
448 3701 588 3785 fieret,
637 3704 839 3790 paulatim
873 3704 1157 3790 permulcendo
1200 3710 1311 3767 trec·

151 3809 363 3894 tendoque
396 3811 755 3878 mansuefecerant
787 3813 954 3897 plebem.
1010 3813 1084 3878 Non
1119 3810 1225 3876 solum
1252 3829 1311 3892 pa-

152 3939 229 3984 rum
262 3919 432 4004 eleganter
466 3920 604 3988 ablativi
630 3928 832 3987 concurrunt
860 3921 968 4003 (voce
997 3917 1248 3986 incommoda
1269 3951 1313 3960 -

153 4027 478 4112 permulcendo),
513 4029 573 4098 sed
595 4051 734 4114 pravum
755 4052 816 4113 per
839 4051 874 4096 se
897 4050 968 4095 esse
992 4029 1123 4095 videtur
1145 4047 1191 4091 ne
1213 4045 1311 4090 uoce

153 4135 318 4218 quidem
345 4137 595 4204 incommoda
623 4131 983 4204 mansuefecerant
1011 4135 1185 4220 plebem,
1222 4131 1312 4217 quod

151 4263 232 4310 rece
266 4244 477 4310 incommoda
509 4247 543 4311 in
560 4267 616 4338 ,ea
649 4267 685 4311 re
717 4245 769 4311 vel
796 4248 937 4312 maxime
965 4243 1199 4310 abstinendum
1229 4248 1310 4306 erat.
