2994 5108
715 460 753 521 15

152 649 223 713 iam
243 648 279 712 in
303 646 417 711 codice
439 645 619 730 archetypo
641 643 873 728 interpolando
896 644 1097 710 securitatum
1115 651 1196 724 erat,
1221 647 1316 711 cuius

151 758 204 822 rei
233 755 445 821 manifestum
474 752 660 837 exemplum
692 758 742 818 est
769 754 804 818 in
826 753 856 833 l,
885 757 940 831 56,
975 757 1028 832 11,
1058 753 1115 818 ubi
1144 775 1246 837 quum
1276 776 1316 819 ex

152 862 374 948 Tarquinii
403 868 446 927 ut
468 859 623 926 Sextus
650 867 760 927 ortum
787 868 874 927 esset
901 861 1057 927 facillimo
1081 883 1192 928 errore
1215 862 1311 946 (prar-
1330 868 1386 936 (14)

153 973 271 1039 sertim
310 971 339 1036 si
377 969 576 1052 Tarquini
615 969 830 1053 scriberetur)
870 970 1118 1053 Tarquinius
1158 969 1315 1050 Sextus,

152 1087 233 1166 post
259 1080 401 1145 fuerat
429 1077 578 1143 additum
607 1084 659 1143 011
688 1085 730 1144 ut
757 1077 1023 1162 (Tarquinius
1053 1079 1213 1159 Sextus,
1247 1079 1315 1163 qui

152 1189 287 1255 Romae
311 1186 487 1252 relictus
510 1186 659 1268 iuerat,
681 1192 725 1253 ut
744 1187 915 1271 ignarus
939 1187 1126 1272 responsi
1147 1186 1315 1270 esset)¹);

154 1297 299 1362 alterum
338 1315 405 1360 nou
445 1295 552 1360 miuus
598 1294 807 1360 manifestum
846 1295 970 1360 notabo
1010 1300 1045 1361 et
1084 1296 1247 1379 corrigam
1282 1297 1316 1361 in

155 1406 214 1485 1v,
237 1409 289 1484 25,
318 1408 336 1468 7
360 1402 551 1484 (consilia
579 1403 626 1468 de
654 1402 847 1469 movendo
871 1402 995 1483 bello,
1026 1404 1315 1470 consiliadmo-

153 1513 287 1581 vendo
309 1511 434 1591 bello,
464 1511 541 1577 inde
569 1511 749 1577 consilia
771 1511 822 1577 ad
844 1511 1039 1577 movenda
1060 1511 1194 1594 bella),
1217 1513 1315 1596 paulo

155 1621 354 1689 obscuriora
374 1622 410 1684 in
432 1619 495 1700 ΙΙΙ,
530 1624 585 1700 38,
621 1623 660 1683 10
682 1624 717 1686 01
738 1619 797 1699 IV,
832 1624 861 1700 7,
898 1623 934 1683 11
960 1626 1002 1699 01,
1027 1619 1128 1703 [quod
1151 1621 1316 1705 corrigere

152 1752 265 1814 nuper
286 1727 449 1812 contigit]
471 1729 525 1808 IV,
550 1732 601 1805 43,
624 1733 653 1795 5.

246 1837 310 1904 Sed
327 1838 408 1916 haec,
433 1844 471 1902 ut
487 1836 565 1915 dni,
588 1857 667 1901 rara
685 1842 762 1901 sunt
778 1836 929 1919 exempla
944 1835 1032 1901 illius
1050 1836 1316 1920 interpolationis

153 1947 302 2030 generis,
332 1944 420 2029 quod
447 1946 481 2009 in
509 1944 748 2010 recentioribus
778 1943 948 2009 codicibus
976 1944 1086 2009 multis
1109 1945 1259 2027 partibus
1282 1951 1317 2010 et

154 2055 363 2138 frequentius
392 2060 427 2118 et
454 2052 613 2118 audacius
637 2060 701 2133 est,
730 2053 833 2117 multo
856 2051 957 2117 latius
979 2053 1045 2116 iam
1069 2051 1103 2116 in
1127 2052 1241 2118 codice
1263 2074 1317 2117 ar-

157 2163 300 2246 cbetypo
330 2161 439 2245 patuit
461 2159 602 2225 alterum
625 2161 708 2226 illud
730 2183 848 2244 genus,
877 2159 964 2242 quod
993 2159 1101 2225 verbis
1130 2160 1317 2226 continetur

157 2272 203 2337 ad
221 2271 406 2337 orationem
423 2268 620 2352 explendam
632 2269 870 2334 sententiamve
884 2266 1117 2333 declarandam
1129 2269 1315 2353 adscriptio,

157 2378 279 2446 deinde
302 2398 413 2444 errore
436 2358 666 2459 (nequeenim
689 2375 859 2452 consilium
881 2375 945 2441 luit
966 2382 1024 2441 aut
1045 2377 1212 2457 iudicium,
1235 2378 1314 2460 quid

157 2487 245 2554 Livii
268 2493 372 2566 esset,
402 2485 481 2567 quid
508 2484 588 2567 non)
616 2486 650 2549 iu
672 2486 775 2569 ipsam
799 2483 980 2550 orationem
1003 2487 1154 2569 receptis.
1205 2487 1314 2569 Atque

156 2594 346 2663 huiusmodi
375 2593 524 2677 quaedam
553 2614 624 2659 esse
651 2593 962 2677 interpretamenta,
991 2614 1063 2677 quae
1090 2595 1235 2659 omnium
1258 2616 1313 2659 co·

158 2705 271 2770 dicum
310 2723 471 2768 consensu
510 2700 758 2780 confirmentur,
798 2703 926 2768 ratione
966 2702 1150 2766 certissima
1182 2704 1313 2768 convin-

159 2818 294 2891 cantur,
329 2809 517 2877 concedunt
542 2810 729 2875 necessario
759 2811 859 2875 etiam
888 2811 926 2890 ii,
960 2811 1015 2893 qni
1038 2831 1114 2876 raro
1138 2812 1313 2895 quicquam

157 2919 349 2986 huiusmodi
378 2912 579 2998 concedunt3
613 2917 671 2983 sed
698 2924 736 2982 ut
759 2919 881 2984 certius
903 2940 957 2984 res
979 2919 1159 2999 iudicetur,
1192 2941 1313 3003 ponam

158 3030 300 3113 primum
323 3028 358 3092 in
381 3033 559 3110 conspectu
584 3025 736 3104 collecta,
771 3047 845 3110 quae
874 3025 916 3091 ab
945 3026 1017 3091 aliis
1045 3027 1080 3091 in
1108 3027 1171 3092 hoc
1194 3049 1314 3111 genere

236 3162 390 3174 -.--—-·-..

229 3227 311 3285 mihi
337 3231 511 3297 miserius,
538 3231 585 3285 ubi
613 3236 691 3285 recte
714 3231 858 3285 Bekkerus
887 3236 998 3286 secutus
1021 3235 1064 3285 est
1087 3231 1312 3287 emendationem

230 3316 286 3370 iam
303 3317 333 3369 in
352 3316 450 3371 codice
470 3315 668 3372 Gaertneriano
687 3314 804 3371 iactam:
829 3334 890 3371 nec
909 3316 975 3371 tibi
993 3318 1132 3386 turpius
1151 3335 1212 3373 nec
1230 3318 1313 3372 mibi

228 3401 402 3456 miserius.
444 3401 631 3469 Quaerebatur
649 3401 767 3456 alterurn
786 3403 1003 3472 comparationis
1020 3403 1186 3458 membrum.
1223 3402 1314 3470 (Quod

229 3504 319 3556 nuper
346 3504 444 3556 quam
471 3487 612 3542 sublatum
635 3505 688 3542 nec
710 3493 805 3542 tamen
827 3504 888 3543 nec
911 3488 1039 3543 additum
1063 3494 1119 3556 011,
1145 3489 1213 3544 ferri
1234 3489 1313 3544 nullo

229 3571 314 3627 modo
336 3571 450 3641 potest.)
497 3571 614 3641 [Contra
636 3572 675 3640 X,
702 3575 749 3641 45,
779 3576 810 3627 12
832 3574 863 3628 in
880 3573 902 3627 P
920 3575 1078 3642 caterisque
1101 3592 1165 3629 nec
1191 3603 1225 3614 -
1251 3592 1313 3631 nec

230 3658 365 3727 scriptum
386 3663 430 3714 011
447 3675 498 3728 pro
516 3677 577 3714 nec
594 3687 630 3696 -
647 3656 724 3728 sed]

188 3743 211 3809 ¹)
230 3742 315 3798 Paene
338 3743 501 3799 incredibile
526 3749 582 3811 est,
606 3744 679 3799 hano
704 3744 884 3813 scripturam,
906 3762 965 3801 non
987 3745 1051 3800 dieo
1074 3744 1108 3798 ab
1126 3744 1315 3812 Alschefskio,

230 3828 280 3883 sed
298 3846 316 3883 a
333 3829 562 3885 Weissenbornio
581 3833 610 3884 et
627 3828 742 3883 Hertzio
759 3830 876 3900 probari
894 3831 1034 3899 potuisse3
1052 3846 1118 3884 nam
1135 3835 1166 3884 ut
1184 3831 1312 3885 omittam

228 3930 393 3983 praenomen
411 3915 517 3970 nomini
534 3915 737 3985 postpositum,
761 3916 839 3983 quod
856 3913 991 3970 feceritne
1008 3933 1131 3984 anquam
1141 3916 1246 3983 Livius,
1265 3917 1313 3970 ad-

229 3998 345 4053 modum
373 3998 489 4055 dubinm
517 4006 572 4069 est,
598 4001 654 4056 hoc
679 4001 777 4055 saltem
800 4001 877 4069 loce,
904 4001 952 4055 ubi
976 4018 1058 4056 omne
1080 4001 1190 4070 pondus
1214 4009 1257 4056 est
1281 4003 1312 4057 in

229 4085 411 4154 praenomine,
436 4104 491 4155 quo
510 4086 611 4141 tertius
629 4083 716 4143 frater
734 4092 881 4157 separatur
899 4104 916 4140 a
934 4087 1051 4154 duobus,
1069 4104 1127 4140 non
1145 4087 1220 4154 fecit,
1239 4087 1312 4142 ordi·

229 4185 348 4237 nemque
375 4171 515 4240 reliquum
543 4172 705 4240 verborum,
733 4173 869 4227 evertitur
893 4172 983 4226 omnis
1006 4172 1146 4227 sententia
1168 4173 1261 4242 posita
1282 4175 1312 4227 in

230 4254 404 4310 seiunctione
426 4254 642 4325 Tarquiniorum
670 4263 698 4310 et
720 4257 812 4326 Bruti,
840 4258 918 4312 cuius
945 4275 1049 4313 nomen
1072 4258 1243 4313 contrarium
1266 4276 1311 4312 re-

227 4339 320 4394 fertur
336 4340 403 4395 hnic
421 4341 610 4411 Tarquinii.
