2994 5108
640 463 701 523 575
1103 473 1165 526 Lib.
1184 472 1243 528 XL.

116 651 175 721 at,
209 665 288 727 quo
319 645 385 709 die
415 665 499 709 eum
533 665 627 726 rege
656 643 856 709 Antiocho
885 644 934 709 ad
957 644 1246 729 Thermopylas

109 759 389 835 ‚opugnasset,
422 754 457 817 in
490 753 553 818 hoc
586 761 753 835 postremo
792 752 890 816 verbo
925 752 1124 816 coniunctiri
1157 751 1246 815 modi

109 858 177 924 atio
206 860 353 943 expediri
386 882 451 925 non
484 867 610 943 potest;
644 882 684 924 ne
718 860 1077 943 plusquamperfectum
1111 858 1243 940 quidem
1261 861 1332 931 (469)

109 966 172 1030 atis
195 975 320 1030 rectum
344 974 409 1046 est,
438 967 713 1048 scribendumque
736 968 922 1032 necessario
952 988 1023 1032 esse
1046 972 1142 1049 puto:
1177 966 1245 1029 de·

109 1082 366 1154 ›ugnatumst
389 1076 487 1157 quod,
510 1096 610 1158 quum
633 1082 669 1139 st
692 1096 751 1158 pro
776 1082 839 1140 est
861 1076 1005 1158 positum
1028 1076 1244 1156 ignoraretur,

109 1202 156 1246 on
189 1183 237 1246 ita
265 1181 442 1247 difficulter
475 1184 508 1246 in
543 1184 819 1266 depugnasset
853 1184 996 1248 transire
1029 1183 1147 1265 potuit.
1194 1181 1245 1262 (ln

109 1287 229 1353 ''indoh
253 1290 308 1354 lib.
332 1290 427 1369 XLV,
452 1295 480 1369 7,
504 1296 524 1354 4
547 1311 586 1353 ex
615 1292 724 1354 missi
760 1297 851 1354 snut
885 1299 994 1355 ortum
1024 1297 1075 1355 est
1108 1291 1244 1355 misis-

112 1403 189 1461 ent.
235 1397 285 1461 Ex
307 1405 455 1481 coepta
478 1404 571 1462 sunt
593 1397 718 1462 factum
742 1399 979 1481 coepissent
1003 1398 1091 1481 apud
1115 1395 1244 1461 Cicero-

112 1525 164 1568 em
186 1504 281 1570 Tusc.
306 1506 331 1586 Ι,
357 1510 405 1584 13,
431 1510 470 1569 29
495 1506 572 1570 olim
596 1505 783 1586 correxi.)1)

175 1611 255 1697 Cap.
280 1618 330 1692 35,
358 1617 395 1676 13
427 1613 474 1693 (in
498 1612 545 1676 Ti.
571 1613 755 1696 Sempronii
786 1615 950 1693 oratione,
974 1634 1040 1696 qua
1063 1613 1242 1690 dissuadet,

110 1741 128 1786 e
151 1723 315 1786 exercitus
339 1743 379 1785 ex
396 1721 556 1804 Hispania
575 1723 727 1785 citeriore
746 1722 969 1804 deportetur):
988 1721 1111 1785 Dictu
1128 1742 1243 1802 quam

109 1828 317 1894 otacilius
342 1831 399 1892 sit
421 1829 679 1911 provinciam
701 1830 868 1911 ingenio
892 1830 1084 1906 ferocem,
1108 1828 1242 1893 rebel-

109 1938 275 2001 atricem
299 1935 551 2001 confecisse?
597 1936 651 2000 Sic
675 1937 762 2018 apud
786 1935 1100 2015 Drakenborchium
1122 1937 1242 2019 Kreys-

109 2044 222 2126 igium,
256 2045 339 2108 alios
363 2043 533 2122 scribitur,
567 2065 639 2126 quse
668 2045 882 2124 interrogatio
907 2045 958 2124 (ut
986 2045 1136 2108 omittam
1165 2064 1241 2108 con-

109 2153 267 2215 motivum
290 2151 435 2231 modum)
460 2159 573 2233 aperto
597 2152 793 2216 senteutiam
817 2151 917 2216 hahet
941 2152 1082 2216 dicentis
1105 2153 1241 2217 consilio

109 2260 303 2338 ontrariam3
327 2266 466 2342 negatur
488 2259 573 2322 enim
596 2260 844 2341 interrogando,
868 2259 958 2323 dictu
981 2280 1081 2343 quam
1103 2281 1139 2324 re
1162 2258 1240 2324 faoi·

111 2386 151 2430 ns
175 2387 256 2445 esse,
280 2366 344 2430 hoc
366 2373 426 2444 est,
449 2365 656 2443 adfirmatur,
680 2388 798 2450 reapse
821 2367 918 2431 facile
942 2387 1014 2431 esse
1037 2369 1240 2450 provinciam

109 2473 248 2539 iusmodi
271 2474 439 2539 conficere.
484 2474 601 2557 Itaque
630 2475 686 2538 alii
720 2475 841 2539 rectius
869 2476 1096 2556 interrogandi
1129 2484 1240 2541 notam

109 2579 219 2646 olluut.
264 2581 328 2646 Sed
351 2603 391 2645 ne
414 2583 448 2645 in
478 2582 541 2645 hac
570 2582 702 2663 quidem
730 2589 846 2666 aperta
869 2585 1111 2648 asseveratione
1134 2585 1244 2649 locum

109 2688 189 2754 abet
213 2690 438 2753 coniunctirus
460 2688 698 2771 dubitandique
729 2689 937 2772 significatio,
968 2691 1243 2774 scribendumque

112 2800 156 2860 st:
180 2796 300 2860 Diotu
323 2818 441 2881 quam
464 2818 506 2860 re
528 2796 698 2860 facilius
721 2804 777 2859 est
800 2804 861 2862 cet.
907 2796 1146 2862 Confecisse
1170 2822 1243 2882 per-

109 2986 309 3002 *—

109 3106 129 3170 )
157 3110 288 3163 Proxime
306 3114 372 3161 auto
391 3106 417 3176 (ξ
436 3109 462 3175 ὃ)
481 3109 639 3161 necessario
658 3125 720 3161 cum
738 3108 878 3161 Gronovio
897 3106 1075 3160 scribendum
1094 3114 1147 3160 est:
1168 3125 1243 3177 quse

157 3196 268 3265 prima
296 3195 446 3246 omnium
474 3194 507 3247 in
534 3193 639 3246 ltalia
667 3198 802 3247 statuta
830 3198 952 3245 aurata
980 3200 1044 3251 est;
1070 3193 1145 3261 quod
1168 3197 1243 3249 enirn

159 3281 262 3334 editur:
293 3284 408 3332 statua
435 3285 555 3333 aurata
583 3284 649 3343 est,
672 3279 741 3332 nihil
767 3278 842 3330 aliud
872 3276 1013 3345 significat
1041 3279 1107 3331 nisi:
1134 3281 1243 3336 welche

159 3366 257 3421 Statue
280 3365 326 3417 die
353 3371 428 3417 erste
446 3382 517 3431 war,
537 3365 581 3417 die
608 3363 754 3432 vergoldet
779 3362 863 3415 ward.
900 3362 979 3429 Quod
998 3362 1242 3420 Weissenbornius

157 3449 220 3504 haec
251 3450 338 3503 rerba
371 3451 405 3503 ab
438 3451 638 3519 interpolatore
670 3451 777 3503 inserta
803 3453 894 3517 putat,
922 3447 980 3500 dixi
1007 3449 1062 3500 iam
1098 3457 1161 3504 ante
1197 3451 1243 3518 (ad

157 3533 284 3600 XXXIV,
303 3536 327 3600 7,
345 3537 362 3587 2
380 3554 405 3604 p.
421 3537 471 3588 398
490 3541 569 3602 notl,
587 3535 812 3604 improbabiliter
829 3534 858 3586 in
874 3532 947 3585 Livii
966 3532 1045 3586 libris
1063 3533 1131 3603 fingi
1150 3537 1243 3591 huius·

158 3618 236 3673 modi
262 3635 355 3672 rerum
383 3619 418 3672 ad
449 3620 596 3673 historiam
625 3619 850 3673 memorabilium
878 3618 990 3672 aliunde
1017 3619 1242 3688 adnotationem

158 3705 212 3758 hoc
231 3704 344 3772 quidem
363 3704 397 3758 dc
416 3710 510 3759 statua
527 3707 619 3774 prima
636 3712 734 3757 aurata
752 3704 894 3758 Valerium
913 3705 1081 3770 Maximum,
1105 3711 1137 3757 ut
1154 3706 1244 3759 multa

158 3789 221 3856 alia,
242 3807 258 3843 a
275 3790 357 3844 Lirio
376 3792 528 3859 sumpsisse
546 3790 723 3843 manifestum
743 3794 791 3843 est.
820 3789 954 3844 Extremo
973 3790 1065 3858 cupite
1084 3788 1112 3858 (ξ
1132 3792 1171 3856 14)
1185 3808 1243 3844 ιιοιι

154 3874 307 3943 intellego.
327 3877 395 3943 quid
418 3877 490 3944 apud
513 3875 653 3929 Handium
678 3876 757 3928 Turs.
783 3874 817 3938 ΙΙ,
837 3877 886 3928 148
903 3876 1069 3944 reperiatur,
1093 3892 1147 3942 quo
1167 3876 1242 3929 nllus

156 3960 238 4013 color
255 3961 402 4013 conciliari
419 3962 509 4029 possit
530 3961 595 4014 huic
615 3960 726 4014 dicendi
745 3960 852 4028 generi:
881 3976 996 4028 pacem
1024 3977 1094 4012 cum
1122 3961 1241 4029 aliquo

151 4051 286 4114 praesto
306 4047 346 4100 ab
366 4047 497 4113 aliquo,
521 4053 553 4100 ut
572 4047 620 4098 sit:
641 4045 740 4103 efficio.
768 4052 800 4098 ut
827 4045 928 4113 aliquis
948 4062 1047 4113 pacem
1065 4062 1129 4098 cum
1147 4046 1241 4114 aliquo

152 4134 263 4196 serret3
282 4149 400 4200 pacem
419 4149 491 4185 cum
511 4133 623 4199 aliquo
648 4148 788 4184 servare
807 4131 906 4184 Latine
926 4129 990 4197 dici,
1009 4128 1166 4184 Gronovius
1186 4147 1243 4185 nou

156 4214 319 4284 ignorabat.
