2994 5108
165 127 228 181 Lib.
246 127 346 181 XXVI.
713 119 776 180 370

165 297 282 378 XXIV,
311 304 340 378 3,
373 304 423 380 15,
451 299 568 379 XXXI,
596 305 649 382 24,
674 307 690 366 1
714 301 857 386 ahisque
879 302 986 386 locis.)
1040 304 1110 389 ΠΥ,
1131 311 1187 387 43,
1208 314 1231 373 4
1251 311 1325 377 cod

164 405 290 472 archet.
314 408 431 473 habuit
457 408 497 473 id
519 415 681 494 tempus
703 431 765 494 pro
789 411 838 476 ad
860 410 900 475 id
922 409 962 494 t.]
1006 412 1112 479 Paulo
1133 422 1214 481 aute
1234 416 1268 500 (ᾖ
1289 419 1326 498 6)

81 533 152 600 (³03)
171 518 348 588 admodum
370 518 522 600 suspicor
544 517 673 582 Livium
694 519 881 602 scripsisse:
913 520 975 583 ita
996 521 1132 586 socios
1153 523 1204 589 ad
1223 527 1325 591 reti·

162 629 317 695 nendos
344 627 384 691 in
406 624 489 690 fide
513 626 668 690 animos
691 646 824 690 eorum
846 623 1015 692 ferendo
1037 626 1113 711 (pro
1134 628 1325 699 ferendo·

163 736 251 821 que)
280 737 319 799 in
347 739 528 815 tempore
557 735 701 816 cuique
731 731 930 798 auxilium
958 734 1081 815 adiit,
1106 738 1322 821 particulam-

163 865 226 928 que
267 848 404 927 propter
441 840 632 925 praecedens
670 841 888 924 gerundivum
925 841 1012 905 male
1050 842 1200 911 additam
1232 868 1322 930 esse;

160 949 426 1034 perincommode
466 950 552 1013 enim
593 949 767 1014 consilium
806 956 840 1014 et
877 949 966 1014 ratio
998 951 1322 1040 instrumentumque

162 1057 291 1124 consilii
312 1057 513 1140 exsequendi
538 1056 744 1141 copulantur.
784 1055 889 1138 [Idem
911 1056 1071 1140 Rupertio
1092 1060 1198 1126 visum
1219 1062 1320 1147 erat]

248 1163 327 1247 Cap.
351 1170 402 1242 41,
428 1169 446 1228 7
470 1187 571 1249 quum
593 1164 765 1229 ederetur:
799 1163 929 1229 Multa
954 1163 1086 1229 millia
1112 1167 1319 1238 homiuum

161 1294 263 1339 caesa
280 1279 482 1357 captaque
500 1280 540 1337 et
556 1280 645 1337 octo
663 1271 886 1355 elephanti,
899 1271 1186 1341 Weissenbornius
1203 1274 1318 1360 sensit,

159 1403 225 1446 non
249 1387 326 1465 apte
349 1402 390 1445 ex
412 1400 515 1445 caesa
538 1386 741 1465 captaque
764 1378 874 1444 audiri
896 1379 1002 1444 solum
1025 1383 1147 1464 capti.
1195 1384 1263 1451 Sed
1283 1389 1319 1453 iu

160 1488 358 1554 Pscribitur
380 1508 482 1553 caesa
505 1492 674 1571 captaet
696 1488 767 1553 sine
789 1486 858 1552 ullo
880 1487 1020 1570 vestigio
1043 1490 1215 1570 particula
1232 1516 1316 1578 que.

158 1597 307 1680 Apparet
346 1596 506 1661 excidisse
543 1616 717 1660 numerum
756 1600 929 1677 captorum
960 1594 1130 1661 hominum
1163 1606 1198 1664 et
1230 1599 1318 1666 hanc

159 1703 260 1770 fuisse
284 1705 447 1770 orationis
469 1703 624 1768 formam:
655 1702 786 1766 Multa
812 1701 947 1767 millia
973 1703 1175 1771 homiuum
1203 1728 1316 1790 cusa,

159 1818 281 1895 capta
304 1810 420 1893 (sexi)
443 1817 483 1875 et
506 1817 600 1877 octo
623 1808 846 1893 elephanti.
891 1807 1016 1891 (1862.)

594 2002 687 2084 Lib.
719 1999 874 2082 XXVI.

243 2132 321 2218 Cap.
346 2137 375 2212 2,
404 2137 423 2196 2
447 2133 518 2215 (ubi
541 2134 763 2218 improbatum
785 2138 945 2198 narratur
966 2154 987 2197 a
1010 2141 1138 2213 senatu,
1160 2137 1254 2218 quod
1276 2139 1314 2204 L.

156 2241 301 2307 Marcius
338 2232 480 2306 militum
517 2243 685 2307 voluntate
723 2241 938 2326 propraetoris
977 2241 1111 2307 titulum
1143 2244 1218 2328 ipse
1251 2246 1316 2312 sibi

155 2349 398 2433 imposuisset):
438 2370 520 2414 rem
558 2350 657 2415 mali
696 2349 869 2433 exempli
909 2369 998 2413 esse
1038 2384 1081 2394 —
1113 2351 1313 2420 sollemne

156 2457 461 2541 suspicaturum
490 2459 745 2522 comitiorum
773 2457 813 2520 in
842 2461 984 2521 castra
1010 2491 1054 2501 —
1075 2460 1312 2527 transferri.

155 2564 270 2649 Neque
299 2566 540 2649 auspicatus
569 2564 649 2630 alibi
679 2586 740 2647 pro
764 2562 925 2628 adiectivo
947 2564 1257 2650 reperimusque,
1287 2571 1316 2637 si

154 2673 370 2757 reperiretur,
404 2680 494 2737 recte
527 2667 662 2736 comitia
689 2671 864 2755 auspicata
893 2670 1096 2752 dicerentur,
1129 2674 1164 2739 iu
1192 2677 1313 2759 quihus

154 2781 314 2847 habendis
348 2782 498 2865 auspicia
530 2781 605 2863 capi
638 2780 798 2857 solerent,
839 2800 948 2861 neque
981 2801 1022 2844 ea
1055 2782 1238 2865 appellatio
1271 2784 1315 2850 ad

153 2888 250 2954 huius
272 2889 336 2955 loci
359 2890 555 2954 seutentiam
578 2888 759 2971 quidquam
782 2885 957 2951 conferret.
979 2940 986 2954 .
1006 2887 1124 2970 Itaque
1146 2890 1213 2956 iam
1236 2899 1315 2959 aute

154 2997 277 3061 multos
311 3017 415 3060 annos
444 2995 576 3079 (Opusc.
604 2994 705 3060 Acad.
734 2993 766 3056 ll
799 3016 830 3077 p.
856 2993 932 3073 361)
966 2994 1174 3061 scribendum
1207 3000 1314 3066 videri

154 3103 237 3168 dixi:
280 3104 476 3169 sollemne
518 3101 859 3186 auspicandorum
893 3102 1168 3184 comitiorum,
1206 3106 1238 3172 h
1274 3130 1312 3189 e,

154 3212 258 3294 captis
269 3212 426 3295 auspiciis
437 3210 672 3288 habendorum,
690 3207 967 3292 quemadmodum
985 3210 1185 3278 sollemne
1204 3214 1315 3282 elavi

153 3319 310 3402 figendi
334 3319 417 3399 (Vll,
441 3323 469 3399 3,
488 3319 521 3401 8)
546 3319 666 3383 dieitur
688 3324 722 3382 et
745 3316 873 3381 similia.
914 3315 1025 3382 Simile
1043 3319 1199 3386 mendum
1215 3330 1313 3390 uota·

152 3435 224 3493 tum
251 3434 302 3492 est
330 3428 362 3492 in
391 3426 475 3492 libro
498 3427 609 3505 XXII,
640 3429 695 3504 38,
727 3429 756 3488 3.
812 3422 904 3487 Infra
925 3425 959 3488 in
982 3424 1046 3490 hoc
1068 3428 1178 3511 capite
1201 3429 1233 3514 (ξ
1259 3432 1313 3515 10)

154 3536 260 3601 oratio
288 3535 321 3598 in
350 3534 519 3600 codicibus
548 3555 666 3598 manca
694 3532 736 3596 ad
766 3531 852 3596 hanc
873 3529 1014 3597 formam
1035 3536 1222 3619 supplenda
1243 3547 1312 3606 est:

153 3643 255 3721 Quid
288 3643 532 3707 interfuisse
561 3643 672 3705 inter
700 3639 752 3704 Ti.
777 3637 1056 3721 Sempronium
1085 3650 1121 3704 et
1149 3645 1206 3709 31.
1228 3647 1314 3712 ΙΙΙ·

152 3750 266 3813 vlnl
300 3749 351 3813 'll
379 3748 649 3830 Senpmln,
690 3766 806 3830 quum
843 3747 878 3809 ei
912 3767 1117 3814 servorum
1154 3758 1314 3822 exerci-

152 3864 217 3923 tus
253 3858 371 3923 datus
411 3863 537 3935 esset,
576 3855 689 3921 brevi
723 3852 918 3919 effecisse
952 3879 1011 3936 -3
1040 3854 1103 3922 Cn.
1126 3859 1314 3930 Fulvium

153 3964 376 4041 Quiritium
420 3966 688 4030 Romanorum
733 3961 957 4027 exercitum
997 3998 1040 4008 —
1080 3968 1313 4039 servilibus
