3000 5116
189 471 251 525 Lib.
278 472 416 526 XXXVII.
743 463 804 523 530

278 643 358 727 Cap.
383 649 442 725 26,
473 651 491 709 6
520 654 554 711 et
583 652 600 709 7
632 647 686 726 (de
712 644 872 710 Antiocho
895 645 1043 723 Notium,
1074 644 1233 728 oppidum
1256 643 1356 708 Colo·

190 752 398 833 phoniorum,
423 752 661 836 oppugnante):
684 754 733 817 Et
755 755 883 836 ipsam
906 752 1043 816 urbem
1066 772 1146 815 suae
1169 759 1356 835 potesta·

191 860 245 922 tis
278 880 368 925 esse
392 860 572 938 volebat,
601 861 701 925 adeo
725 861 997 944 propinquam
1020 859 1200 942 Epheso,
1232 865 1277 923 ut
1300 860 1356 923 ni·

190 967 249 1030 hil
272 973 389 1032 terra
411 969 562 1033 marive
586 966 724 1050 (Ephesi
746 967 942 1046 Antiochus)
966 974 1115 1047 ageret,
1146 967 1251 1047 quod
1276 986 1351 1030 non

151 1136 154 1141 .
193 1074 424 1139 subiectum
459 1075 591 1140 oculis
621 1074 972 1159 Colophoniorum
1007 1095 1051 1138 ac
1086 1095 1155 1158 per
1189 1094 1258 1137 eos
1286 1095 1355 1139 no·

191 1189 273 1246 tum
303 1183 507 1266 extemplo
531 1184 727 1248 Romanis
756 1189 883 1260 esset,
918 1203 1034 1263 quos,
1069 1182 1212 1246 audita
1240 1182 1353 1245 obsi·

192 1287 327 1367 dione,
361 1310 436 1353 uon
476 1290 697 1355 dubitabat
729 1290 777 1354 ad
812 1310 924 1373 opem
951 1290 1074 1353 sociae
1101 1289 1195 1352 urbi
1217 1288 1352 1352 feren·

192 1396 278 1460 dam
317 1397 490 1462 classem
530 1420 550 1462 a
584 1396 704 1462 Samo
737 1403 937 1476 moturos3
977 1418 1060 1460 eam
1094 1397 1352 1461 occasionem

191 1503 451 1586 Polyxenidae
482 1505 632 1569 adrem
655 1504 875 1587 gerendam
898 1502 995 1567 fore.
1044 1502 1171 1567 Pendet
1194 1509 1235 1567 et
1258 1503 1350 1567 initio

191 1613 296 1676 totius
324 1612 493 1676 sententiae
521 1614 666 1694 positum
694 1632 755 1676 nec
777 1612 925 1694 sequitur
947 1610 1053 1675 altera
1076 1631 1177 1675 causa
1199 1609 1277 1674 huie
1300 1610 1351 1692 (et

192 1719 321 1801 ipsam
344 1718 496 1799 urbem)
515 1719 734 1802 respondens3
757 1740 833 1785 nam
857 1718 1020 1803 duplicem
1044 1739 1180 1783 causam
1203 1717 1351 1800 studiose

192 1834 352 1910 susceptae
386 1827 435 1891 rei
468 1824 646 1908 significari
681 1833 835 1910 apparet,
876 1826 1016 1890 alteram
1051 1827 1086 1890 in
1120 1825 1228 1908 ipsius
1262 1824 1350 1888 urbis

192 1935 399 2016 possessione
421 1935 579 2017 positam,
614 1934 754 1999 alteram
783 1936 815 1998 iu
843 1955 879 1998 re
910 1934 1077 1999 adiuncta.
1136 1931 1280 2016 Scripsit
1300 1931 1349 1995 Li·

192 2043 278 2105 vius:
312 2042 362 2106 Et
389 2043 519 2123 ipsam
547 2042 683 2106 urbem
714 2063 792 2106 suae
815 2062 904 2107 esse
928 2042 1154 2124 potestatis
1177 2039 1344 2113 volebat,

191 2183 248 2226 —,
278 2156 312 2211 et
346 2150 411 2210 hes
451 2149 663 2231 (Romanos),
699 2149 840 2214 audita
862 2149 1096 2228 obsidione,
1129 2170 1211 2213 non
1235 2147 1344 2213 dubi·

107 2267 177 2338 (428)
196 2257 313 2320 tabat
337 2264 397 2320 cet.
455 2256 587 2322 Excidit
616 2264 656 2322 et
684 2264 759 2339 post
788 2264 915 2336 esset3
950 2257 1066 2321 deindo
1095 2256 1221 2320 factum
1244 2274 1341 2337 quos.

192 2363 228 2427 In
258 2364 482 2429 anacoluthon
510 2365 619 2429 Livius
652 2367 685 2428 in
720 2365 781 2430 tali
809 2366 967 2429 orationis
995 2364 1103 2428 forma
1130 2370 1201 2427 tam
1234 2368 1338 2446 aperte

192 2472 345 2536 instituta
368 2453 492 2535 ettam
514 2472 603 2536 facili
625 2473 772 2537 incidere
795 2493 860 2536 non
884 2472 1001 2554 potuit.
1053 2470 1157 2534 Paulo
1181 2476 1264 2553 post,
1291 2467 1338 2531 ubi

192 2579 302 2658 agitur
326 2578 366 2643 de
397 2578 431 2642 L.
455 2579 588 2644 AEmilio
617 2587 759 2663 pretore
792 2586 968 2644 cunctante
1000 2576 1216 2661 Colophoniis
1245 2575 1336 2659 (Notii

191 2685 321 2767 incolis)
356 2687 514 2751 auxilium
547 2687 649 2765 ferre,
690 2688 736 2751 sic
777 2687 934 2751 scribitur
968 2684 999 2768 (ξ
1037 2685 1106 2766 12):
1147 2684 1333 2750 Eudamus

191 2792 390 2870 Rhodius,
431 2796 500 2876 qui
534 2802 573 2858 et
606 2801 798 2859 tenuerat
832 2816 918 2859 eum
963 2793 1072 2858 Sami
1117 2795 1330 2876 cupienten

191 2901 408 2984 proficisci
435 2903 475 2964 in
503 2901 830 2985 Hellespontum,
866 2903 1086 2984 cunctique
1123 2903 1275 2965 instare
1299 2901 1329 2960 et

192 3009 345 3087 dicere,
380 3016 532 3091 quanto
568 3011 699 3073 satius
735 3031 825 3073 esse
859 3009 922 3073 vel
959 3010 1096 3078 socios
1132 3006 1325 3072 obsidione

192 3118 366 3180 eximere
400 3116 460 3181 vel
497 3123 556 3181 oet.
614 3117 790 3195 Vitiosum,
824 3125 861 3181 ut
888 3117 968 3181 ferri
997 3122 1157 3197 nequeat:
1192 3116 1321 3183 dicere,

191 3231 345 3307 quanto
381 3225 510 3288 satius
545 3245 636 3288 esse
665 3222 923 3307 [perversissime
952 3230 1164 3305 comparatur
1193 3220 1253 3285 Cic.
1277 3234 1321 3299 pr⁰

190 3330 257 3393 llil.
283 3330 299 3411 ἓ
330 3336 384 3408 16,
418 3330 550 3395 sublata
577 3338 670 3396 recta
699 3331 966 3414 interrogationis
993 3330 1116 3394 forma:
1152 3333 1317 3413 quantun

189 3472 233 3480 —
262 3437 523 3520 accepimus];
563 3440 590 3503 si
625 3447 733 3503 esset
766 3441 952 3521 scripseris,
992 3438 1203 3521 subineptum
1233 3440 1315 3498 tamen

192 3552 256 3608 est:
297 3545 447 3623 dicere,
482 3554 635 3628 quanto
670 3547 805 3610 satius
834 3554 962 3623 esset,
998 3567 1100 3628 quum
1127 3544 1313 3609 rectissimum

192 3658 291 3715 esset:
332 3687 375 3697 -
407 3654 585 3731 instare,
625 3659 777 3736 quanto
818 3654 952 3717 satius
986 3674 1075 3717 esse
1111 3660 1189 3731 cet.;
1224 3647 1312 3714 salter

192 3758 342 3823 dixisset:
378 3767 417 3823 et
445 3759 655 3824 disserere
677 3765 735 3824 aut
759 3767 797 3824 et
819 3761 991 3841 exsequi
1015 3766 1073 3824 aut
1096 3761 1245 3824 instare
1263 3769 1312 3814 ex·

192 3867 407 3949 sequendo.
453 3866 585 3943 Vereor,
614 3888 654 3930 ne
676 3867 830 3932 mendum
853 3867 962 3933 subsit
985 3867 1250 3949 scribendumque
1268 3856 1309 3920 sil:

191 3974 359 4051 instare,
390 3980 432 4036 ut
455 3974 638 4037 duceret:
669 3974 830 4052 Quanto
856 3978 986 4040 satius
1009 3997 1101 4040 esse
1124 3980 1184 4039 cet.
1221 3966 1307 4032 cfr-l

193 4083 242 4158 39,
267 4084 301 4143 3:
331 4078 632 4144 Conclamatum
656 4082 833 4166 undique
857 4090 928 4161 est,
950 4083 1120 4148 duceret
1143 4067 1308 4152 extenplo

192 4193 232 4249 et
255 4194 444 4251 uteretur
467 4188 612 4253 ardore
636 4189 818 4254 militum.
