2994 5108
628 479 690 541 678
1049 495 1231 557 nissum

81 683 159 728 cum
188 662 367 747 gerundivo
402 660 613 729 subiecerunt
647 662 750 744 (velut
785 664 842 730 oirss
872 665 940 731 liv.
970 666 996 748 1,
1015 673 1071 748 99,
1100 673 1129 749 9,
1164 670 1229 738 Cic.

84 769 126 837 de
149 769 241 837 Orat.
264 770 305 851 ll,
332 770 416 853 199),
438 770 601 836 hortari
622 776 733 836 tamen
754 772 795 837 in
823 773 979 856 aliquid
1000 774 1230 845 faciendum

82 899 145 962 pro
168 899 223 959 eo,
258 879 348 964 quod
369 886 422 946 est
448 878 510 960 ad,
543 880 597 944 vix
617 886 707 946 recte
736 880 870 960 dicitur,
898 903 1003 966 neque
1032 885 1101 951 siue
1130 905 1230 953 eausa

81 984 254 1052 Creverius
276 986 325 1053 ad
354 988 579 1054 amicitiam
611 1022 654 1074 ·.·
684 989 930 1073 iungendam
958 985 1145 1076 suspicatus
1168 1001 1228 1060 est.

86 1093 212 1178 lesu}
238 1093 269 1179 (ᾗ
292 1100 311 1161 7
333 1096 416 1162 nihil
438 1102 489 1163 est
511 1094 629 1163 mendi.
669 1095 768 1163 Redit
788 1097 897 1164 Livius
919 1119 940 1165 a
961 1097 1163 1183 digressione
1186 1101 1230 1167 ad

79 1224 155 1269 rem
176 1205 306 1270 narrari
328 1203 502 1289 coeptam.)

97 1336 100 1341 ·
170 1311 248 1397 Cap.
279 1317 329 1393 90,
363 1318 395 1378 1:
424 1313 472 1379 lli
505 1312 621 1397 (legati
652 1312 766 1379 Persei
798 1313 842 1379 ad
876 1315 1029 1382 Gentium
1053 1317 1160 1401 missi)
1188 1353 1232 1367 -

82 1441 158 1506 per
180 1420 338 1504 lllyrici
367 1420 629 1501 solitudines,
664 1441 763 1504 quas
796 1420 841 1488 de
870 1423 1075 1490 industria
1102 1447 1232 1510 popu·

79 1528 209 1596 lando
242 1529 486 1595 Macedones
519 1527 722 1608 fecerant,
761 1550 808 1595 ne
846 1533 1050 1598 transitus
1083 1530 1230 1599 faciles

84 1636 290 1703 Dardanis
323 1638 364 1703 in
401 1637 613 1722 Illyricum
651 1644 723 1703 aut
760 1636 1038 1706 Macedoniam
1076 1647 1230 1720 essent,

81 1745 276 1812 Scodram
292 1779 336 1791 -
352 1750 634 1829 pervenerunt.
659 1743 783 1810 Codex:
802 1767 902 1830 quas
919 1769 990 1831 per
1006 1747 1231 1828 industria3
1339 1809 1342 1814 .

81 1852 289 1937 Kreyssigius
312 1875 382 1938 per
405 1873 445 1918 ox
467 1853 635 1937 superiore
656 1874 752 1919 versu
771 1853 837 1920 huc
856 1855 1001 1921 delatum
1017 1861 1127 1938 putat3
1150 1855 1231 1920 mihi
1299 1889 1301 1894 ·

80 1958 211 2045 Polyhii
233 1960 274 2026 de
297 1960 413 2027 eadem
435 1983 470 2027 re
499 1960 601 2027 verba
628 1961 833 2045 comparanti
861 1960 1024 2043 (XXVIII,
1052 1965 1087 2027 8:
1120 1967 1166 2025 διὰ
1186 1970 1231 2040 τῆς
1264 1942 1270 1958 ’

78 2076 181 2152 ἐφ’μοο
202 2075 591 2152 immurmuraverant
613 2073 645 2133 οὗ
667 2077 777 2140 πολλοῖς
797 2076 906 2151 χρόνοις
928 2075 1059 2153 ἀνώτερον
1081 2075 1232 2135 ἀνάστατον

80 2186 215 2254 malasar
227 2177 397 2259 Μακεδόνος)
420 2199 513 2262 paene
530 2176 734 2262 probabilius
751 2176 889 2257 videtur,
903 2177 1031 2243 Livium
1046 2179 1230 2263 scripsisse:
1315 2204 1316 2207 ¹

81 2306 186 2370 quas
209 2305 326 2368 uper
348 2286 395 2352 de
418 2285 625 2352 industria
652 2290 714 2351 cet.
760 2283 930 2370 (Sequitur
952 2285 1104 2370 deinceps
1127 2285 1158 2370 (ἓ
1182 2285 1229 2367 9);

80 2392 191 2458 Lissi
212 2415 281 2460 rex
303 2394 473 2461 Gentius
496 2401 602 2474 erat,
637 2416 682 2461 eo
711 2394 836 2459 acciti
863 2394 1023 2478 legati;¹
1042 2395 1234 2460 mundata

81 2509 332 2586 exponentes
365 2503 539 2586 benigne
572 2502 705 2568 auditi
744 2509 852 2582 sunt,
892 2503 960 2585 qui
992 2523 1234 2586 responsum

80 2609 172 2683 sine
196 2609 352 2675 effectu
373 2611 570 2676 tulerunt.
614 2610 789 2695 Perinepte
816 2609 885 2675 heac
913 2617 1080 2694 postrema
1103 2619 1233 2676 senten·

81 2717 140 2796 tia,
164 2718 327 2799 superiori
350 2720 517 2784 contraria
539 2725 573 2784 et
595 2717 747 2784 effectum
769 2719 818 2784 rei
839 2719 1018 2797 continens,
1041 2719 1231 2801 pronomine

81 2824 221 2890 relativo
244 2825 442 2909 adiungitur.
488 2824 564 2902 Qui
586 2826 783 2892 detruncata
804 2825 931 2910 syllaba
952 2847 970 2891 e
994 2824 1157 2907 quidem
1179 2845 1233 2889 or·

81 2939 154 2997 tum
187 2938 251 2999 est:
286 2931 459 3017 benigne
491 2932 624 2999 auditi
658 2939 752 3004 sunt
785 2931 958 3015 quid-em3
990 2951 1231 3017 responsum

81 3040 171 3106 sine
194 3038 567 3106 effectutulerunt.
616 3039 722 3122 1864.)
850 3058 853 3065 “

170 3147 248 3233 Cap.
272 3152 322 3230 91,
345 3155 366 3214 4
388 3170 488 3234 quum
510 3151 544 3214 iu
567 3149 679 3215 codice
708 3154 807 3214 esset:
840 3145 1010 3213 Auxilia
1040 3147 1233 3214 thoanum

82 3262 445 3342 tesprotorumqne
478 3292 513 3303 -
554 3257 651 3341 (App.
686 3253 855 3337 Claudius)
885 3276 1019 3321 secum
1046 3254 1233 3334 adduxit,

84 3363 242 3450 &maus
263 3365 529 3431 Athamanum
557 3365 960 3448 Thesprotorumque
983 3364 1123 3448 scripsit.
1169 3361 1233 3429 Sed

52 3552 54 3558 Ι
83 3472 294 3554 Athamanes,
329 3494 469 3555 quornm
497 3475 536 3539 in
569 3472 681 3538 Persei
709 3471 797 3539 bello
829 3471 921 3537 nulla
953 3472 1083 3538 omnino
1112 3472 1233 3538 mentio

84 3586 146 3662 est,
169 3587 204 3646 et
235 3581 277 3646 ab
309 3581 350 3646 iis
378 3580 473 3662 locis,
506 3583 540 3646 in
569 3580 689 3665 quibus
711 3580 795 3665 App.
821 3577 978 3645 Claudius
1000 3600 1069 3645 rom
1091 3579 1234 3662 gerebat,

84 3688 216 3772 longius
244 3689 383 3754 aberant
414 3709 475 3754 nec
501 3709 559 3756 eos
586 3689 709 3755 codicis
742 3688 882 3772 vestigia
913 3687 1152 3767 demonstrant,
1175 3685 1233 3753 sed

84 3794 234 3862 Chaones
257 3793 474 3878 (Chaonum
494 3818 555 3881 pro
573 3795 802 3877 Thoanum).
837 3793 1015 3860 Confirmat
1031 3795 1233 3861 emendatio-

83 3925 174 3984 nem,
208 3903 297 3987 quod
329 3905 364 3969 in
395 3903 459 3969 fine
490 3905 691 3971 narrationis
726 3904 766 3969 de
795 3902 926 3969 Claudii
956 3902 1056 3968 rebus
1082 3923 1109 3967 c.
1138 3905 1232 3980 23,6

82 4010 254 4078 scribitur:
288 4010 472 4078 dimissis
506 4009 795 4096 Chaonumque
817 4018 857 4095 et
878 4012 912 4077 si
945 4012 1012 4092 qui
1040 4009 1113 4075 alii
1136 4008 1234 4094 upi-

36 4162 40 4165 ‡
81 4125 186 4185 rotae
208 4125 329 4184 erant
350 4119 574 4203 praesidiis,
598 4119 655 4184 ubi
677 4118 842 4204 particula
871 4139 946 4205 que
976 4118 1065 4202 (nam
1093 4138 1169 4201 que
1192 4152 1235 4163 -

84 4232 125 4293 et
168 4225 216 4293 ibi
260 4227 366 4293 minus
409 4235 525 4312 aptum
568 4226 632 4310 est)
682 4225 825 4294 fortasse
869 4225 1032 4311 significat
1076 4225 1235 4291 excidisse

859 4438 861 4444 ⁴
974 4396 1008 4450 49
