2994 5108
640 466 702 528 ace
1008 524 1012 532 .
1083 477 1147 534 ns
1164 479 1250 533 xxv.
1300 426 1310 436 ⁶

176 651 254 737 (lap.
282 656 340 726 22,
369 659 404 732 4,
437 651 495 716 ubi
525 650 649 717 editur:
692 657 736 716 ut
771 652 1029 736 conquisitio
1063 651 1249 717 volonum

88 761 215 828 fieret
239 762 349 845 iique
378 761 427 825 ad
453 758 571 842 signa
601 761 924 841 reducerentur,
955 783 1057 845 quum
1085 761 1119 827 in
1142 760 1168 825 P
1190 781 1251 843 pro

88 870 217 937 fieret
249 871 360 954 iique
391 870 435 934 sit
462 868 674 953 liertique,
703 870 961 936 Forchhammer
987 867 1151 936 intellexit
1173 869 1252 934 scri-

88 979 234 1046 bendum
256 999 346 1044 esse:
376 976 497 1044 fieret
519 979 759 1062 repertique.
815 977 939 1044 Oculus
962 980 996 1043 in
1019 999 1060 1043 er
1077 978 1251 1043 aberravit.

90 1087 215 1170 (1862.)
254 1085 272 1170 ξ
295 1092 329 1152 8:
354 1087 417 1152 Ita
438 1087 520 1152 tria
542 1087 738 1169 pretoria
760 1089 872 1152 circa
894 1086 1068 1171 Capuam
1092 1092 1242 1166 erecta,
1263 1091 1333 1159 (297)

90 1202 175 1262 tres
200 1192 266 1278 [et]
290 1197 499 1260 exercitus
524 1194 702 1259 diversis
724 1196 917 1279 partibus
940 1217 1041 1280 opus
1064 1195 1252 1278 adgressi

89 1310 151 1370 cst.
205 1303 328 1369 Notavi
360 1302 559 1387 particulam
593 1323 746 1386 pravam,
782 1305 813 1369 si
849 1326 909 1389 pro
947 1305 1069 1369 etiam
1099 1305 1253 1387 accipias,

89 1413 289 1498 praviorem,
322 1411 350 1476 si
379 1417 465 1476 tres
496 1417 535 1474 et
564 1431 624 1494 pro
653 1418 693 1476 et
723 1418 807 1485 tres
836 1435 856 1477 a
881 1412 972 1478 Livio
996 1413 1029 1476 iu
1052 1433 1155 1496 prosa
1178 1432 1254 1478 ora-

89 1521 181 1586 tione
208 1520 352 1605 positum
379 1527 485 1602 putes.
542 1518 657 1584 Potest
686 1527 798 1585 tamen
832 1520 1073 1604 transpositum
1107 1542 1179 1585 esse
1213 1527 1254 1587 et

91 1628 146 1709 (ct
174 1626 284 1709 tres).
334 1624 366 1710 [ἐ
391 1631 444 1705 11,
480 1625 537 1691 ubi
567 1628 601 1690 in
631 1627 657 1692 P
685 1634 753 1693 est:
795 1649 973 1712 suasque
1002 1650 1066 1692 res
1094 1629 1252 1693 secuin·

91 1735 233 1814 ferret,
280 1733 488 1799 efficiendum
523 1742 595 1799 erat
628 1757 765 1801 secum
804 1735 977 1816 ferrent,
1016 1721 1092 1801 non’
1117 1757 1253 1801 secum

90 1843 183 1909 inde
205 1842 371 1922 ferrent,
395 1864 454 1926 pro
478 1842 569 1907 edita
590 1845 758 1927 scriptura
779 1865 915 1909 secum
939 1844 1168 1910 auferrent.
1203 1844 1252 1908 Ex

91 1971 121 2014 ι
142 1957 257 2016 natum
280 1950 327 2030 lu,
349 1956 420 2014 tum
440 1949 563 2014 lineola
586 1951 704 2017 addita
727 1960 780 2018 est
802 1952 952 2033 (secum
975 1951 1037 2033 in).
1086 1950 1192 2035 laea]

178 2057 257 2143 (lap.
281 2063 337 2139 24,
367 2062 394 2136 1,
418 2058 476 2122 ubi
499 2058 627 2123 editur:
662 2059 743 2124 Iam
772 2061 885 2125 mille
914 2066 1161 2125 armatorum
1189 2082 1253 2126 ce·

91 2174 238 2253 perant
270 2171 445 2251 partem,
478 2167 545 2230 iam
575 2167 764 2251 Heusinger
796 2168 961 2233 intellexit
994 2169 1059 2233 dici
1091 2167 1253 2249 debuisse,

90 2277 186 2342 cuius
214 2275 265 2341 rei
291 2280 421 2359 partem
444 2274 612 2358 cepissent
634 2277 771 2356 armati3
802 2282 943 2360 apparet
966 2276 1144 2360 significari
1168 2277 1253 2340 muri

86 2390 223 2469 partem
257 2404 396 2465 eumque
429 2385 616 2465 genetivum
650 2384 840 2449 addendum
870 2406 942 2450 esse
971 2391 1049 2469 post
1076 2390 1253 2453 armato·

83 2512 177 2558 rum
201 2490 300 2574 (rum
322 2491 448 2572 muri).
495 2489 618 2574 (1862.)

179 2597 260 2683 Cap.
283 2603 334 2680 26,
365 2603 420 2663 12:
448 2599 575 2665 Multo
605 2607 743 2666 tamen
772 2600 830 2665 vis
853 2602 980 2666 maior
1002 2601 1134 2684 pestis
1157 2600 1254 2666 Poe·

79 2729 233 2775 norum
266 2714 405 2772 castra
439 2728 557 2793 quam
592 2710 776 2774 Romana
810 2708 877 2773 diu
912 2709 1253 2774 circumsedendo

83 2816 320 2902 Syracusas
354 2816 452 2881 caelo
486 2818 691 2902 aquisque
727 2816 954 2881 adsuerant
989 2817 1127 2899 magis.
1189 2817 1254 2881 Ex·

76 2924 214 2991 cidisse
235 2922 371 2988 verbum
394 2931 552 3007 apparet3
587 2923 774 3009 supplenda
803 2925 910 2989 oratio
941 2926 975 2989 in
1005 2924 1092 2989 hunc
1119 2924 1254 2989 modum

74 3031 238 3098 videtur:
272 3065 316 3075 ——
343 3031 569 3097 Poenorum
604 3039 741 3097 castra
774 3053 889 3117 quam
918 3033 1096 3097 Romana
1130 3031 1253 3094 corrl-

75 3146 243 3224 'aaran
277 3158 358 3201 m
386 3139 455 3205 diu
484 3141 815 3206 circumsedendo
839 3147 901 3205 cet.
946 3130 1253 3204 Aberravit’ooulus

70 3271 109 3315 a
143 3269 197 3312 na
230 3245 277 3329 (in
311 3249 499 3332 Romana)
534 3248 577 3314 ad
610 3270 707 3313 nam.
764 3249 803 3313 In
831 3248 987 3314 Gronovii
1023 3246 1253 3331 supplemento

68 3376 197 3424 'unum
234 3355 370 3421 verbum
408 3357 615 3427 incommode
648 3356 840 3440 parenthesi
875 3377 896 3420 a
929 3356 1059 3439 reliqua
1091 3357 1255 3420 sententia

65 3464 273 3532 divellitur.
330 3461 360 3545 [ἓ
396 3468 435 3528 10
469 3464 502 3529 in
530 3464 592 3529 hac
620 3465 797 3530 verborum
826 3466 1073 3530 coniunctione:
1107 3500 1150 3509 -
1177 3486 1254 3528 nou

64 3571 207 3640 lnodo
256 3569 443 3636 lacrimis
487 3573 680 3656 iustoque
727 3571 987 3656 comploratu
1027 3593 1254 3656 proseque-

61 3686 242 3749 rentur
270 3686 467 3759 mortuos,
502 3679 575 3745 sed
602 3702 648 3745 ne
680 3678 881 3745 efferrent
910 3679 1068 3764 quidem
1098 3686 1166 3744 aut
1194 3701 1254 3743 se-

61 3789 275 3877 pelirent
294 3808 430 3872 prorsus
448 3794 564 3854 contra
581 3809 678 3853 usum
696 3789 858 3853 omittitur
875 3789 1007 3871 negatio
1026 3793 1102 3851 ante
1114 3807 1255 3870 prose·

61 3902 331 3984 querentur
388 3894 404 3979 ἓ
442 3901 481 3960 14
508 3897 676 3980 particula
710 3904 749 3961 et
782 3902 860 3960 ante
890 3893 1255 3978 Carthaginienses

57 4004 212 4072 addita
245 4003 336 4069 tollit
371 4003 580 4070 manifestam
615 4006 822 4069 notationem
863 4003 1036 4069 contrariae
1070 4001 1255 4066 Siculorum

52 4122 123 4180 et
149 4109 477 4196 Carthaginiensium
499 4112 650 4178 fortunas.
700 4109 806 4194 laea]

181 4218 263 4305 Cap.
287 4223 344 4300 28,
374 4226 393 4286 6
422 4220 478 4302 (de
506 4221 624 4304 legatis
653 4220 837 4286 Siculorum
866 4220 1089 4302 Syracusanos
1118 4217 1254 4282 hortan-

52 4328 203 4408 tibus,
231 4335 270 4394 ut
290 4349 326 4393 ae
348 4330 505 4394 Romanis
529 4328 716 4409 dederent):
745 4327 1008 4393 multitudine
1032 4325 1080 4390 ad
1103 4325 1256 4389 contio·
