2994 5108
213 485 275 538 Lib.
294 483 367 538 VlIL
762 470 821 532 192

214 677 321 739 neque
355 656 441 720 enim
463 655 599 720 Decium
633 675 749 738 reapse
778 654 923 719 humana
950 654 1060 737 specie
1083 655 1305 736 augustiorem
1327 656 1372 723 ab

214 771 356 847 utraque
384 764 453 829 acie
482 770 692 847 conspectum
713 762 823 827 Livius
847 763 942 845 quasi
963 762 1146 828 testificans
1167 770 1375 845 narraverat·

215 872 287 952 sed,
322 893 395 956 quae
424 872 550 956 specics
578 871 709 937 obiecta
737 871 854 935 animis
882 870 980 936 motis
1009 876 1106 936 esset.
1163 870 1281 955 Itaque
1304 872 1373 956 pri·

214 1002 302 1044 muru
331 981 436 1045 oratio
468 981 515 1045 sic
544 977 767 1045 continuanda
794 983 858 1042 est:
893 999 934 1044 se
968 979 1008 1044 in
1040 978 1195 1045 medios
1228 978 1373 1047 hostes

215 1089 383 1153 immisit
423 1094 668 1172 conspectus
701 1087 748 1151 ab
783 1093 956 1170 utraque
989 1088 1076 1153 acie
1110 1086 1266 1172 (utraque
1288 1089 1373 1155 'acie

215 1195 446 1279 inspectant).
502 1196 573 1260 lam
607 1197 755 1278 sequitur
787 1196 990 1275 necessario,
1024 1202 1061 1260 ut
1093 1197 1127 1260 in
1154 1195 1189 1261 M
1216 1196 1309 1278 (Iros.
1337 1196 1373 1280 4)

216 1306 376 1387 scriptum
405 1311 455 1368 est
483 1302 620 1384 (visus,
656 1325 722 1368 uon
750 1303 849 1385 visu)
879 1302 1129 1388 Gronoviusque
1158 1303 1268 1369 altera
1295 1324 1374 1371 oon·

216 1414 342 1477 iectura
369 1417 589 1495 praeceperat:
624 1411 846 1496 Aliquanto
876 1413 1090 1494 augustior
1119 1412 1287 1478 humano
1315 1412 1375 1477 vi-

217 1543 283 1585 sus
307 1520 351 1602 (h.
376 1543 402 1585 e.
426 1521 513 1584 visus
536 1519 618 1601 est),
648 1520 756 1584 sicut
784 1519 881 1584 caelo
904 1520 1052 1584 missus
1074 1519 1277 1604 piaculum
1300 1541 1376 1586 om·

216 1630 279 1694 nis
313 1628 474 1693 deorum
506 1629 590 1708 irae,
630 1628 696 1711 qui
723 1663 768 1672 —
794 1627 931 1693 ferret.
988 1627 1051 1692 Ita
1085 1628 1210 1693 omnis
1237 1634 1377 1693 terior

217 1758 423 1821 pavorque
453 1744 514 1801 oet.
565 1735 616 1800 Ab
644 1736 703 1800 ita
729 1756 847 1800 novam
877 1735 1048 1820 periodum
1075 1737 1237 1819 incipere,
1271 1737 1377 1802 mani·

133 1862 203 1928 (163)
221 1845 341 1910 festum
364 1852 428 1924 est;
462 1866 569 1928 neque
598 1845 684 1909 enim
713 1842 780 1908 ullo
808 1843 905 1908 modo
928 1844 1036 1908 sicut
1058 1845 1201 1909 missus
1223 1842 1377 1926 (Decius)

216 1989 273 2032 -,
306 1955 366 2017 ita
405 1953 530 2018 omnis
570 1959 706 2016 terror
746 1958 809 2016 cet.
844 1951 878 2015 in
916 1972 1016 2016 unam
1049 1952 1250 2017 sententiam
1283 1958 1377 2018 recte

217 2060 352 2126 conflari
370 2068 517 2144 possunt.
548 2059 658 2144 [Quod
674 2080 779 2143 nuper
795 2059 968 2124 humano
986 2059 1130 2149 habitu
1146 2061 1255 2125 visus
1272 2061 1379 2145 scrip-

217 2178 286 2234 turn
309 2177 367 2248 est,
390 2168 523 2234 habitus
546 2166 628 2232 nihil
651 2166 693 2231 ad
714 2167 800 2233 hanc
823 2189 891 2232 rem
915 2168 1068 2251 pertinet.
1115 2167 1180 2233 Sed
1201 2190 1268 2233 non
1290 2189 1378 2253 nego

218 2278 433 2343 dubitationis
458 2277 585 2360 aliquid
607 2275 730 2341 habere
753 2276 926 2341 humano
949 2295 1009 2358 pro
1033 2274 1193 2341 homine
1211 2277 1379 2361 positum3

190 2394 294 2450 'uam
317 2385 407 2469 apud
431 2384 582 2449 Ovidium
599 2384 689 2449 Fast.
701 2383 742 2464 ΙΙ,
767 2387 828 2448 503
852 2383 1058 2467 significatur
1074 2384 1243 2464 Romulus,
1267 2385 1380 2467 qualis

218 2495 306 2557 inter
323 2493 472 2558 homines
490 2491 576 2576 fuit]
604 2493 774 2558 Postremo
793 2490 809 2575 ἓ
830 2496 869 2556 12
886 2493 920 2556 iu
937 2492 1175 2576 significatione
1192 2493 1240 2558 rei
1259 2494 1382 2578 saepius

218 2602 366 2684 repetitae
392 2601 510 2666 eteius
528 2602 626 2686 quod,
651 2603 912 2685 quotiescunque
929 2601 1074 2684 repetita
1091 2601 1143 2679 sit,
1167 2607 1383 2667 consecutum

219 2711 271 2789 sit,
294 2709 504 2774 scribendum
528 2731 614 2775 esse:
639 2730 890 2793 quacumque
906 2744 950 2753 —
966 2710 1154 2774 invectus
1176 2715 1277 2776 essct
1303 2708 1383 2794 (pro

220 2818 304 2901 est),
328 2819 384 2883 ibi
406 2853 449 2863 —
471 2817 684 2902 pavebant,
709 2817 942 2883 intellexerunt
965 2816 1139 2901 Siesbyeus
1162 2825 1195 2881 et
1216 2816 1353 2883 Alanus.

306 2925 384 3011 Cap.
412 2932 465 3005 10,
497 2931 531 2990 3:
567 2927 636 3011 qui
667 2925 787 3007 (triarii
808 2925 932 3007 Latini)
963 2923 1217 3007 aliquamdiu
1244 2946 1383 3009 pugna

219 3037 352 3100 atroci
386 3056 500 3119 quum
535 3041 575 3099 et
609 3042 736 3099 semet
768 3035 851 3117 ipsi
883 3033 1139 3116 fatigassent
1167 3038 1206 3099 et
1233 3033 1380 3099 hastas

220 3152 289 3208 aut
328 3141 634 3226 praefregissent
673 3151 743 3207 aut
777 3142 1060 3221 hebetassent,
1100 3141 1309 3225 pellerent
1343 3143 1384 3206 vi

219 3259 354 3316 tamen
377 3251 539 3331 hostem,
570 3250 817 3316 debellatum
839 3250 918 3313 iam
940 3251 1021 3314 rati
1042 3285 1093 3330 -‚
1127 3255 1209 3314 tum
1232 3249 1382 3317 consul

220 3359 392 3437 triariis,
419 3357 683 3441 „Consurgite
706 3358 841 3438 uuuc“‚
864 3358 1000 3440 inquit
1023 3364 1086 3423 cet.
1119 3357 1236 3441 Neque
1258 3358 1297 3421 vi
1320 3378 1382 3423 our

221 3466 375 3545 addatur,
404 3465 619 3548 intellegitur,
648 3467 742 3549 <lilasi
766 3471 863 3529 atrox
886 3486 998 3548 pugna
1021 3466 1090 3530 sine
1113 3466 1145 3529 vi
1169 3486 1240 3530 esse
1262 3467 1382 3549 possit,

221 3595 326 3656 neque
356 3574 434 3656 quid
465 3581 543 3656 agat
571 3582 719 3652 tamen3
752 3594 829 3637 uam
864 3572 1048 3637 vehementi
1076 3575 1209 3638 conatui
1240 3572 1381 3641 effectus

220 3704 285 3746 uon
309 3683 493 3746 contrarius
517 3689 580 3759 est3
610 3680 710 3760 addo,
739 3681 770 3744 in
794 3680 854 3745 tali
878 3679 1034 3763 asyndeto
1058 3701 1122 3746 non
1145 3682 1293 3764 potuisse
1317 3689 1382 3747 ta-

221 3812 304 3854 nrcn
327 3790 360 3853 in
384 3790 518 3855 tortium
540 3790 648 3854 locum
671 3789 771 3868 reiioi,
795 3789 852 3852 sed
875 3790 1060 3853 necessario
1077 3789 1141 3871 ipsi
1158 3788 1258 3854 verbo
1276 3789 1382 3855 subii·

222 3898 372 3962 ciendum
410 3896 510 3962 fuisse
549 3896 770 3980 (pellerent
810 3895 966 3976 tamen).
1029 3898 1217 3980 Scripserat
1250 3897 1381 3964 Livius:

221 4006 489 4085 pelleremque
529 4006 676 4066 lotidem
711 4005 874 4069 hostem.
938 4004 1115 4069 Tandem
1149 4027 1208 4088 pro
1242 4011 1383 4073 tamen

221 4114 460 4178 restituendum
484 4113 613 4177 ostendi
637 4115 736 4177 etiam
759 4112 805 4192 ΙΙ,
835 4116 885 4191 42,
920 4117 965 4175 10.
1016 4112 1142 4177 Eodem
1165 4113 1273 4196 capite
1297 4112 1316 4197 ἓ
1341 4118 1382 4180 13

222 4222 268 4284 sie
291 4222 461 4286 scribitur:
498 4222 565 4285 Sin
594 4230 724 4285 autem
753 4242 840 4285 sese
870 4220 1070 4285 devovere
1093 4221 1218 4300 volet,
1252 4222 1383 4289 sicuti

222 4327 367 4394 Decius
407 4329 587 4408 devovit,
626 4330 665 4393 ni
705 4329 890 4403 moritur,
931 4349 1061 4412 neque
1104 4350 1216 4394 suum
1248 4349 1382 4415 neque
