2994 5108
703 444 765 506 257
1155 458 1218 513 Lib.
1237 459 1312 514 XXI.

152 631 321 719 plicantur
354 635 389 701 et
420 650 507 694 nexu
535 627 682 712 quodam
715 628 886 695 indivulsa
915 631 1056 696 actionis
1085 632 1313 713 continentu1·;

151 745 259 820 artes,
293 758 378 824 quas
417 744 557 821 uterque
590 736 700 803 adfert
733 736 918 822 quibusque
953 739 987 803 in
1014 739 1170 805 certando
1198 741 1313 818 utitur,

156 869 223 916 non
244 851 478 925 conseruntur,
508 851 546 910 ut
567 847 702 930 opinor,
728 852 765 910 ut
787 866 887 911 unum
910 868 950 911 ex
972 847 1013 913 iis
1038 846 1199 912 efficiatur
1221 853 1255 913 et
1277 854 1314 913 ut

153 956 360 1035 cohaereant,
406 952 466 1019 sed
505 953 719 1021 coufernutur
758 951 1072 1035 (conferebant),
1116 960 1200 1020 utrae
1239 956 1313 1039 plus

154 1063 299 1129 valeant.
353 1061 424 1127 Nec
453 1060 581 1142 obstat,
616 1060 706 1145 quod
733 1060 892 1146 praecedit
921 1062 1203 1144 contulerunt;
1237 1084 1314 1127 nam

152 1171 227 1237 baec
255 1172 329 1256 ipsa
355 1170 448 1236 notio
476 1170 640 1255 repetitur
669 1176 704 1234 et
736 1169 934 1254 explicatur:
968 1190 1030 1235 nec
1058 1170 1179 1254 ignotae
1209 1176 1314 1251 erant,

152 1299 240 1364 quas
267 1274 499 1357 conferebant,
532 1283 631 1343 artes.
688 1275 796 1358 (1875.
836 1277 890 1341 Ita
922 1277 1126 1350 iudicaverat
1154 1281 1220 1344 iam
1247 1280 1314 1345 Ru·

156 1384 309 1473 pertius.)
354 1382 508 1469 [Deinde]
531 1387 565 1450 in
586 1384 650 1450 hac
673 1405 804 1468 quoquc
827 1383 950 1450 decade
973 1384 1190 1452 acerborum
1212 1388 1314 1452 inter·

154 1494 336 1581 punctione
372 1493 576 1558 emendanda
609 1493 730 1559 ordiar.
784 1493 869 1558 Nam
901 1499 1122 1577 praeterquam
1151 1494 1239 1577 quod
1267 1495 1314 1559 *c

154 1608 194 1681 6,
224 1607 241 1667 l
265 1600 424 1667 orationis
447 1601 610 1683 elegantia
631 1600 726 1666 valde
748 1607 903 1684 augetur,
931 1601 1041 1683 posita
1062 1603 1202 1686 primum
1224 1601 1316 1667 brevi

157 1709 222 1775 hac
244 1709 425 1774 sententia:
457 1705 551 1772 uum
574 1706 816 1791 Saguntinis
844 1708 993 1774 bellum
1021 1709 1194 1774 nondum
1217 1717 1315 1789 erat,

155 1822 342 1883 ceterum
375 1816 451 1881 iam
482 1815 586 1882 belli
620 1837 760 1896 causa,
795 1815 912 1882 deinde
941 1816 1106 1881 atliunctis
1135 1820 1315 1901 separatim

154 1925 210 2005 iis,
232 1923 352 2009 quibus
374 1925 563 1990 continetur
584 1923 642 1990 illa
664 1924 743 1990 belli
766 1945 873 2003 causa,
897 1945 923 1989 c.
947 1928 977 2003 8,
1000 1928 1021 1987 4
1039 1931 1073 1990 et
1090 1929 1119 2001 5,
1143 1930 1316 2009 postquam

153 2032 268 2098 Liuius
294 2032 493 2117 Saguntinos
529 2032 572 2096 ad
613 2033 723 2097 omnia
751 2031 904 2098 obeunda
925 2032 1142 2097 multifariam
1165 2032 1315 2098 distineri

152 2146 297 2225 coeptos
320 2140 412 2219 dixit,
436 2161 573 2224 pergere
597 2141 645 2205 sic
667 2141 773 2206 oratio
798 2139 911 2205 debet:
943 2140 1027 2205 Non
1051 2139 1316 2207 sufficiebant

155 2249 314 2333 itaque.
366 2248 448 2313 Iam
476 2247 738 2314 feriebantur
765 2248 969 2313 arietibus
992 2249 1092 2313 muri
1115 2255 1178 2313 cet.
1231 2249 1314 2314 Ita·

150 2376 234 2440 que
278 2356 323 2422 ad
366 2357 537 2441 sequentia
576 2362 686 2421 tracto
719 2356 818 2420 nimis
857 2356 1014 2422 dissolute
1047 2357 1182 2440 ponitur
1216 2355 1314 2421 illud:

154 2464 188 2530 N
193 2485 243 2530 on
266 2462 556 2543 sufficiebant,
587 2485 660 2548 quae
680 2464 945 2529 Weissenbornio
970 2464 1167 2529 coniecturae
1190 2464 1316 2529 inutilis

154 2590 264 2637 causa
284 2569 357 2637 fuit.
855 2644 858 2649 Ι

245 2676 326 2764 Cap.
341 2683 389 2760 10,
409 2682 444 2743 2:
467 2678 609 2745 Hanno
633 2699 962 2744 unus-causam
978 2679 1158 2745 foederis
1175 2701 1315 2764 magno

151 2786 333 2855 silentio
367 2793 538 2873 propter
568 2788 864 2852 auctoritatem
893 2808 1003 2852 suam
1033 2808 1118 2852 cum
1145 2808 1316 2853 assensu

150 2893 414 2960 audientium
447 2897 541 2977 egit.
601 2894 654 2961 Sic
682 2894 824 2961 codices.
884 2895 1026 2960 Additur
1061 2895 1104 2959 ab
1133 2895 1316 2960 editoribus

152 3023 238 3069 non
259 3008 335 3069 ante
359 3022 454 3067 cum.
487 3002 600 3067 Livius
622 3009 692 3066 tum
714 3003 785 3067 sine
808 3001 907 3068 dubio
930 3003 1115 3087 scripsisset
1138 3008 1315 3068 ceterum

151 3131 238 3176 non
258 3108 322 3193 (vel
346 3111 472 3194 potius,
501 3117 539 3176 ut
562 3108 747 3176 Woelfflino
771 3111 871 3175 etiam
894 3111 928 3175 in
950 3117 1092 3175 mentem
1115 3111 1212 3189 venit,
1241 3117 1314 3175 cet.

154 3217 500 3304 haudquaquam);
518 3219 647 3300 magni
666 3218 789 3284 silentii
806 3217 1002 3301 significatio
1021 3218 1196 3301 subinepta
1212 3224 1264 3284 est
1282 3221 1316 3283 in

155 3326 213 3404 iis,
237 3326 293 3410 qui
316 3326 370 3391 vix
393 3324 577 3391 dissensum
600 3325 870 3410 comprimebant.
905 3325 1071 3408 Scriptum
1093 3323 1202 3391 fuerat
1220 3326 1315 3392 olim:

155 3432 278 3513 nugis
308 3432 478 3499 silentio
503 3439 672 3518 propter
695 3434 992 3500 auctoritatem
1016 3453 1122 3511 quan
1148 3456 1233 3500 cum
1258 3456 1315 3499 as-

156 3560 281 3607 sensn
297 3541 562 3608 audientium.
586 3540 709 3623 (1875.)
738 3541 864 3606 Eodem
882 3540 983 3626 cap.§
1001 3545 1020 3606 8
1040 3549 1074 3607 et
1092 3542 1169 3624 9(in
1183 3543 1315 3607 Hanno-

153 3649 212 3715 nis
224 3649 373 3715 oratione
383 3650 419 3714 in
431 3654 549 3715 senatu
559 3648 776 3730 Punico),‘ubi
789 3650 835 3738 sic
846 3650 1015 3715 scribitur:
1040 3649 1115 3715 Sed
1127 3650 1316 3730 Tarento,

153 3755 199 3823 id
230 3756 452 3833 estltalia,
474 3779 550 3823 non
574 3756 907 3823 abstinueramus
937 3780 982 3822 ex
1005 3758 1178 3835 foedere,
1208 3760 1315 3826 sicut

158 3884 268 3930 nnnc
293 3864 475 3949 Sagunto
504 3886 581 3930 non
612 3864 876 3931 abstinemus.
920 3866 1116 3931 Vicerunt
1137 3886 1233 3948 ergo
1258 3866 1316 3931 dii

228 4140 353 4195 iacturae
370 4156 404 4194 ex
420 4140 465 4208 iia,
484 4157 548 4211 quoe
566 4140 596 4195 in
614 4142 845 4198 adnotationibus
863 4147 1091 4198 commemoratae
1110 4146 1199 4209 erant,
1218 4159 1312 4213 sump-

228 4225 275 4281 sit
315 4223 379 4295 Ego
400 4226 447 4281 bie
468 4242 566 4282 omnes
588 4227 756 4297 repetendas
778 4226 904 4295 (stellula
925 4229 1049 4295 notatas)
1067 4227 1251 4296 rationesque
1270 4246 1314 4283 ex·

227 4308 376 4381 ponendas
392 4312 500 4381 putavi,
517 4313 573 4367 nisi
591 4328 661 4381 quae
678 4314 716 4397 ab
733 4312 795 4366 aliis
813 4318 971 4383 praeceptas
989 4317 1090 4383 postea
1106 4312 1244 4369 intellexi.

1052 4417 1085 4468 17
