2994 5108
787 480 848 541 349
916 477 920 484 '
949 448 953 457 ⁵
1215 492 1277 546 nso.
1296 492 1395 546 xxiv.

241 671 413 730 mentum
436 672 546 730 esset
569 664 622 745 (ex
645 672 736 730 recta
760 666 908 729 oratione
932 664 1135 729 huiusmodi:
1167 663 1239 729 boe
1262 699 1305 710 -
1326 666 1394 742 sit3

239 772 418 838 infinitivus
439 773 520 839 ferri
542 774 632 838 nullo
655 773 752 838 modo
775 779 895 856 potest.
919 772 975 836 sed
999 793 1039 837 ne
1063 793 1240 855 pronomen
1264 772 1395 856 quidem

239 882 372 961 abesso;
406 882 447 947 de
481 877 522 942 id
550 877 601 941 vel
629 876 677 941 ad
706 901 764 963 pro
794 880 842 945 ad
873 880 927 957 id,
961 880 1001 944 id
1031 879 1078 944 ad
1107 883 1231 964 scripto
1259 881 1322 944 rid.
1352 881 1395 944 ad

239 988 340 1067 XXV,
362 994 414 1069 40,
437 991 497 1082 8)..
534 989 643 1072 Atque
671 989 740 1053 haec
763 988 894 1069 quidem
917 987 1058 1053 aliorum
1080 989 1211 1054 illorum
1234 990 1396 1054 sententia

237 1096 316 1175 fuit3
351 1096 409 1161 sed
436 1097 470 1161 in
493 1097 533 1161 iis
556 1117 703 1179 quoque,
734 1117 806 1178 quae
829 1094 845 1177 ἓ
869 1102 888 1158 4
912 1102 946 1159 et
969 1102 986 1159 ὅ
1011 1103 1208 1179 sequuntur,
1237 1097 1275 1175 Q.
1298 1097 1392 1162 Fabii
1411 1107 1482 1173 (285)

237 1206 437 1270 sententiam
466 1205 686 1275 continentia,
719 1204 816 1286 plura
844 1211 919 1267 sunt
946 1212 1023 1286 post
1050 1205 1153 1287 Lipsii
1183 1212 1216 1269 et
1241 1206 1397 1270 Gronorii

237 1312 485 1378 emendationes
514 1312 615 1377 dubia
645 1319 703 1377 aut
732 1319 906 1394 corrupta3
941 1333 1016 1375 nam
1045 1313 1186 1394 primum
1215 1313 1265 1393 (ut
1288 1313 1397 1379 adiee-

236 1423 343 1486 tirum
375 1419 509 1485 libera
541 1427 631 1485 rect-e
665 1420 800 1502 adiungi
833 1419 876 1483 ad
911 1420 1088 1485 arbitria
1123 1441 1246 1502 agere
1281 1442 1397 1486 conce·

236 1528 351 1608 datur)
381 1528 625 1594 distributionis
656 1528 849 1611 significatio
878 1535 958 1610 apta
981 1550 1045 1593 uon
1070 1529 1199 1594 videtur
1222 1528 1282 1609 (de
1305 1550 1396 1610 quo·

238 1657 330 1719 que,
370 1636 459 1720 quod
499 1658 563 1701 non
604 1636 689 1700 idem
724 1643 775 1701 est
808 1643 906 1719 atque
942 1637 989 1699 de
1023 1638 1300 1720 unoquoque);
1339 1638 1397 1702 sed

236 1745 378 1809 meliora
399 1766 466 1811 non
487 1745 627 1828 reperio.
680 1743 831 1826 [Rectum
862 1744 1008 1808 videtur:
1043 1744 1174 1809 libero
1204 1765 1396 1829 aequoque

121 1868 129 1872 ·
234 1851 419 1917 arbitrio
448 1872 582 1936 agere.
626 1851 731 1934 1862]
784 1852 909 1916 Deinde
933 1853 966 1915 iu
990 1854 1144 1916 Gronovii
1168 1855 1396 1919 emendatione

237 1982 307 2026 non
329 1967 420 2025 recte
442 1960 512 2025 haec
535 1968 792 2043 componuntur:
828 1982 944 2044 quum
973 1959 1077 2023 illud
1107 1962 1243 2043 potius
1271 1996 1328 2038 —‚
1356 1962 1397 2025 id

236 2090 319 2135 non
349 2069 551 2151 cogitent3
578 2068 640 2132 hoc
664 2069 749 2133 enim
773 2069 937 2151 posterius
960 2070 1007 2132 sic
1031 2069 1165 2147 dicitur,
1196 2071 1290 2152 quasi
1314 2090 1396 2153 prae-

236 2175 356 2242 cedat:
389 2175 494 2259 quod
517 2179 685 2242 maxime
708 2176 907 2257 agendum
931 2177 999 2255 sit3
1022 2198 1129 2260 neque
1153 2184 1243 2242 reete
1265 2184 1397 2242 autem

236 2282 538 2365 (documentum
576 2292 711 2349 autem
751 2285 890 2349 dicant
930 2285 1056 2348 statui
1092 2288 1301 2367 oportere)
1337 2306 1397 2368 pro

235 2391 311 2458 sed
341 2399 419 2475 post
445 2414 521 2458 non
544 2394 687 2476 ponitur.
739 2392 898 2456 Veniebat
920 2393 952 2454 in
976 2399 1131 2456 mentem:
1163 2395 1245 2476 qui,
1276 2415 1397 2477 quum

229 2498 348 2565 illud
371 2494 509 2583 potius
532 2500 731 2583 agendum
754 2507 876 2583 atque
900 2500 1166 2581 cogitandum
1190 2503 1253 2580 sit,
1276 2533 1327 2581 -‚
1350 2524 1397 2568 ne

236 2609 309 2693 qui
336 2608 441 2673 socii
466 2609 607 2692 populi
631 2608 864 2673 desciscant
893 2613 926 2669 et
957 2614 995 2670 ut
1023 2609 1106 2670 nori
1134 2608 1399 2672 concilientur

231 2715 371 2799 [nvn
407 2715 660 2799 concilient]
691 2714 729 2795 (P
758 2724 797 2779 et
824 2738 901 2780 non
930 2716 1145 2797 coement),
1180 2717 1398 2783 documen-

226 2831 323 2889 tum
358 2823 472 2887 ort·-
513 2824 654 2888 dicant
687 2825 822 2893 ,statui
859 2831 1054 2906 oportere
1090 2832 1152 2889 cet.
1215 2823 1298 2888 Tum
1332 2823 1349 2906 ξ
1379 2832 1398 2887 6

238 2930 317 3011 (ubi
364 2933 575 2997 continuatur
613 2933 707 2997 Fabii
753 2932 932 3012 sententia)
968 2933 1254 2997 Weissenbornius
1294 2954 1333 2995 ex
1372 2933 1398 2996 P

223 3039 392 3122 scripsit:
427 3038 536 3115 Quod
570 3041 605 3105 si
638 3040 751 3105 abire
785 3041 833 3104 ab
862 3041 1052 3105 Romanis
1086 3041 1228 3119 liceat,
1262 3039 1398 3105 redire

227 3146 289 3214 ad
313 3167 383 3213 eos
405 3168 481 3211 non
504 3147 641 3227 liceat,
665 3149 733 3232 qui
756 3147 866 3229 (vulgo
890 3152 970 3229 eui)
994 3148 1155 3212 dubium
1179 3169 1282 3213 esse.
1303 3149 1398 3229 quin

221 3256 329 3338 (cod.
353 3263 462 3348 esset
490 3254 571 3339 qui)
602 3256 716 3321 brevi
744 3255 983 3320 desiderata
1012 3256 1124 3337 (vulgo
1148 3256 1218 3320 sine
1240 3256 1398 3320 varietate

222 3363 419 3445 deserta)
449 3362 497 3428 ab
528 3365 656 3429 sociis
680 3366 860 3434 Romana
887 3385 949 3429 res
972 3363 1212 3447 foederibus
1235 3364 1398 3429 Punicis

220 3471 329 3553 (cod.
353 3471 548 3554 puniciis)
585 3473 715 3538 omnia
748 3473 786 3535 in
819 3471 945 3536 Italia
978 3473 1121 3537 iuncta
1154 3474 1290 3537 visura
1323 3473 1400 3538 sit‘?

217 3578 308 3645 Sed
334 3600 443 3661 neque
472 3579 712 3644 desiderata
738 3601 803 3650 res
826 3581 1003 3644 Romana
1029 3601 1089 3663 pro
1119 3602 1173 3659 ea,
1207 3582 1261 3645 cui
1285 3580 1400 3645 adiun-

212 3707 319 3771 gere
349 3707 384 3751 se
406 3687 521 3771 populi
544 3688 695 3772 cupiant,
731 3686 795 3750 dici
823 3686 892 3751 ullo
922 3687 1018 3751 modo
1046 3709 1152 3770 neque
1182 3690 1291 3753 omitti
1318 3696 1400 3752 tem·

209 3794 333 3880 loris
364 3795 547 3878 superioris
581 3795 779 3879 significatio
814 3802 946 3878 poterat
980 3796 1238 3877 (desiderata
1278 3801 1400 3859 antea

206 3902 291 3968 wel
315 3901 539 3984 hactenus),
564 3910 597 3967 et
619 3903 703 3966 alius
727 3903 869 3968 debebat
892 3924 965 3968 esse
988 3906 1068 3969 ordo
1093 3904 1267 3969 verborum
1290 3902 1400 3985 (quin

215 4009 323 4075 des.
348 4008 544 4076 hactenus
571 4031 702 4074 —res
731 4010 844 4076 brevi
872 4012 1081 4092 cet.);.nam
1109 4013 1222 4076 brevi
1252 4013 1400 4093 praeponi

215 4116 345 4183 debet
373 4119 445 4183 voci
472 4119 687 4185 mutationem
717 4119 926 4203 significanti.
982 4120 1031 4183 Ex
1060 4119 1302 4185 desiderata
1330 4118 1400 4182 effi-

218 4224 398 4292 ciendum
431 4226 561 4292 videtur
593 4248 659 4292 non
694 4227 873 4309 deserta,
908 4228 967 4293 sed
1000 4228 1230 4311 desperata.
1285 4225 1399 4307 Neque

216 4336 356 4400 tamen
390 4333 520 4415 celabo,
553 4335 634 4401 mihi
667 4342 775 4401 totum
808 4334 873 4402 hoc
906 4335 946 4399 de
980 4357 1015 4399 re
1043 4336 1190 4401 Romana
1225 4334 1334 4398 omnia
1366 4334 1400 4397 in
