<?xml version="1.0" encoding="UTF-8"?>
<!DOCTYPE html PUBLIC "-//W3C//DTD XHTML 1.0 Transitional//EN"
    "http://www.w3.org/TR/xhtml1/DTD/xhtml1-transitional.dtd">
<html xmlns="http://www.w3.org/1999/xhtml" xml:lang="en" lang="en">
 <head>
  <title>
</title>
<meta http-equiv="Content-Type" content="text/html;charset=utf-8" />
  <meta name='ocr-system' content='tesseract 3.04.00' />
  <meta name='ocr-capabilities' content='ocr_page ocr_carea ocr_par ocr_line ocrx_word'/>
</head>
<body>
  <div class='ocr_page' id='page_1' title='image "./emendationesliv00madvgoog_0710.png"; bbox 0 0 2994 5108; ppageno 0'>
   <div class='ocr_carea' id='block_1_1' title="bbox 630 483 1237 551">
    <p class='ocr_par' dir='ltr' id='par_1_1' title="bbox 630 483 1237 551">
     <span class='ocr_line' id='line_1_1' title="bbox 630 483 1237 551; baseline 0.013 -8"><span class='ocrx_word' id='word_1_1' title='bbox 630 483 691 544; x_wconf 82' lang='grc'>697</span> <span class='ocrx_word' id='word_1_2' title='bbox 917 530 921 537; x_wconf 77' lang='lat'>,</span> <span class='ocrx_word' id='word_1_3' title='bbox 1057 496 1118 550; x_wconf 88' lang='lat' dir='ltr'>Lib.</span> <span class='ocrx_word' id='word_1_4' title='bbox 1138 497 1237 551; x_wconf 86' lang='lat' dir='ltr'>XLIV.</span> 
     </span>
    </p>
   </div>
   <div class='ocr_carea' id='block_1_2' title="bbox 44 669 1333 4434">
    <p class='ocr_par' dir='ltr' id='par_1_2' title="bbox 44 669 1333 4218">
     <span class='ocr_line' id='line_1_2' title="bbox 82 669 1237 754; baseline -0.003 -17"><span class='ocrx_word' id='word_1_5' title='bbox 82 692 246 754; x_wconf 91' lang='lat' dir='ltr'>rumque</span> <span class='ocrx_word' id='word_1_6' title='bbox 270 676 515 752; x_wconf 77' lang='lat' dir='ltr'>excepturus</span> <span class='ocrx_word' id='word_1_7' title='bbox 539 689 606 732; x_wconf 87' lang='lat' dir='ltr'>rex</span> <span class='ocrx_word' id='word_1_8' title='bbox 630 677 750 749; x_wconf 89' lang='lat' dir='ltr'>esset,</span> <span class='ocrx_word' id='word_1_9' title='bbox 774 669 836 733; x_wconf 89' lang='lat' dir='ltr'>his</span> <span class='ocrx_word' id='word_1_10' title='bbox 859 669 1017 753; x_wconf 90' lang='lat' dir='ltr'>quidem</span> <span class='ocrx_word' id='word_1_11' title='bbox 1039 691 1079 734; x_wconf 93' lang='lat' dir='ltr'>se</span> <span class='ocrx_word' id='word_1_12' title='bbox 1103 690 1237 734; x_wconf 86' lang='lat' dir='ltr'>coram</span> 
     </span>
     <span class='ocr_line' id='line_1_3' title="bbox 86 776 1238 862; baseline -0.003 -17"><span class='ocrx_word' id='word_1_13' title='bbox 86 779 328 862; x_wconf 83' lang='lat' dir='ltr'>cognituros</span> <span class='ocrx_word' id='word_1_14' title='bbox 361 776 629 859; x_wconf 89' lang='lat' dir='ltr'>respondent,</span> <span class='ocrx_word' id='word_1_15' title='bbox 663 776 766 842; x_wconf 95' lang='lat' dir='ltr'>illud</span> <span class='ocrx_word' id='word_1_16' title='bbox 799 813 841 823; x_wconf 98' lang='lat'>-</span> <span class='ocrx_word' id='word_1_17' title='bbox 874 779 1150 862; x_wconf 87' lang='lat' dir='ltr'>interrogant,</span> <span class='ocrx_word' id='word_1_18' title='bbox 1174 786 1238 844; x_wconf 88' lang='lat' dir='ltr'>ost.</span> 
     </span>
     <span class='ocr_line' id='line_1_4' title="bbox 44 884 1239 970; baseline -0.001 -18"><span class='ocrx_word' id='word_1_19' title='bbox 44 889 53 898; x_wconf 80' lang='grc'><strong><em>’</em></strong></span> <span class='ocrx_word' id='word_1_20' title='bbox 84 887 221 953; x_wconf 82' lang='lat' dir='ltr'><strong>Poterat</strong></span> <span class='ocrx_word' id='word_1_21' title='bbox 244 885 465 968; x_wconf 85' lang='lat' dir='ltr'>suspicionem</span> <span class='ocrx_word' id='word_1_22' title='bbox 488 905 618 949; x_wconf 87' lang='lat' dir='ltr'>movere</span> <span class='ocrx_word' id='word_1_23' title='bbox 653 886 790 951; x_wconf 89' lang='lat' dir='ltr'>et·ordo</span> <span class='ocrx_word' id='word_1_24' title='bbox 813 884 986 950; x_wconf 84' lang='lat' dir='ltr'>verborum</span> <span class='ocrx_word' id='word_1_25' title='bbox 1021 886 1105 970; x_wconf 83' lang='lat' dir='ltr'>(per</span> <span class='ocrx_word' id='word_1_26' title='bbox 1134 888 1239 951; x_wconf 85' lang='lat' dir='ltr'>viam</span> 
     </span>
     <span class='ocr_line' id='line_1_5' title="bbox 86 992 1238 1087; baseline -0.002 -27"><span class='ocrx_word' id='word_1_27' title='bbox 86 997 157 1061; x_wconf 89' lang='lat' dir='ltr'>sine</span> <span class='ocrx_word' id='word_1_28' title='bbox 181 1015 281 1059; x_wconf 87' lang='lat' dir='ltr'>causa</span> <span class='ocrx_word' id='word_1_29' title='bbox 304 994 487 1076; x_wconf 87' lang='lat' dir='ltr'>pronomini</span> <span class='ocrx_word' id='word_1_30' title='bbox 517 992 717 1087; x_wconf 86' lang='lat' dir='ltr'>praeposito)¹</span> <span class='ocrx_word' id='word_1_31' title='bbox 739 1001 773 1058; x_wconf 89' lang='lat' dir='ltr'>et</span> <span class='ocrx_word' id='word_1_32' title='bbox 805 994 1087 1058; x_wconf 82' lang='lat' dir='ltr'>multitudinis</span> <span class='ocrx_word' id='word_1_33' title='bbox 1119 1016 1238 1060; x_wconf 90' lang='lat' dir='ltr'>nomen</span> 
     </span>
     <span class='ocr_line' id='line_1_6' title="bbox 85 1079 1240 1187; baseline -0.001 -18"><span class='ocrx_word' id='word_1_34' title='bbox 85 1103 259 1170; x_wconf 86' lang='lat' dir='ltr'>abundans</span> <span class='ocrx_word' id='word_1_35' title='bbox 282 1123 342 1166; x_wconf 89' lang='lat' dir='ltr'>nec</span> <span class='ocrx_word' id='word_1_36' title='bbox 367 1109 496 1185; x_wconf 89' lang='lat' dir='ltr'>aptum,</span> <span class='ocrx_word' id='word_1_37' title='bbox 527 1103 680 1185; x_wconf 88' lang='lat' dir='ltr'>quoniam</span> <span class='ocrx_word' id='word_1_38' title='bbox 711 1104 809 1167; x_wconf 88' lang='lat' dir='ltr'>etiam</span> <span class='ocrx_word' id='word_1_39' title='bbox 838 1103 1042 1185; x_wconf 87' lang='lat' dir='ltr'>principibus</span> <span class='ocrx_word' id='word_1_40' title='bbox 1072 1124 1111 1167; x_wconf 86' lang='lat' dir='ltr'>ea</span> <span class='ocrx_word' id='word_1_41' title='bbox 1140 1079 1240 1187; x_wconf 58' lang='lat' dir='ltr'>¹copie</span> 
     </span>
     <span class='ocr_line' id='line_1_7' title="bbox 87 1209 1240 1297; baseline -0.001 -19"><span class='ocrx_word' id='word_1_42' title='bbox 87 1219 205 1297; x_wconf 85' lang='lat' dir='ltr'>parata</span> <span class='ocrx_word' id='word_1_43' title='bbox 228 1218 315 1290; x_wconf 89' lang='lat' dir='ltr'>erat;</span> <span class='ocrx_word' id='word_1_44' title='bbox 338 1211 396 1275; x_wconf 91' lang='lat' dir='ltr'>sed</span> <span class='ocrx_word' id='word_1_45' title='bbox 419 1218 529 1275; x_wconf 90' lang='lat' dir='ltr'>tamen</span> <span class='ocrx_word' id='word_1_46' title='bbox 552 1209 622 1274; x_wconf 86' lang='lat' dir='ltr'>haee</span> <span class='ocrx_word' id='word_1_47' title='bbox 649 1232 767 1294; x_wconf 91' lang='lat' dir='ltr'>parum</span> <span class='ocrx_word' id='word_1_48' title='bbox 795 1210 1069 1294; x_wconf 80' lang='lat' dir='ltr'>graviaforsitan</span> <span class='ocrx_word' id='word_1_49' title='bbox 1091 1211 1240 1277; x_wconf 84' lang='lat' dir='ltr'>videren-</span> 
     </span>
     <span class='ocr_line' id='line_1_8' title="bbox 86 1317 1240 1403; baseline -0.001 -16"><span class='ocrx_word' id='word_1_50' title='bbox 86 1331 150 1397; x_wconf 88' lang='lat' dir='ltr'>tur,</span> <span class='ocrx_word' id='word_1_51' title='bbox 173 1320 236 1385; x_wconf 91' lang='lat' dir='ltr'>nisi</span> <span class='ocrx_word' id='word_1_52' title='bbox 259 1319 356 1383; x_wconf 88' lang='lat' dir='ltr'>aliter</span> <span class='ocrx_word' id='word_1_53' title='bbox 377 1319 504 1384; x_wconf 86' lang='lat' dir='ltr'>Livium</span> <span class='ocrx_word' id='word_1_54' title='bbox 527 1320 696 1401; x_wconf 85' lang='lat' dir='ltr'>scripsisse</span> <span class='ocrx_word' id='word_1_55' title='bbox 720 1317 822 1383; x_wconf 90' lang='lat' dir='ltr'>codex</span> <span class='ocrx_word' id='word_1_56' title='bbox 845 1321 1019 1403; x_wconf 91' lang='lat' dir='ltr'>perspicue</span> <span class='ocrx_word' id='word_1_57' title='bbox 1042 1321 1240 1400; x_wconf 84' lang='lat' dir='ltr'>ostenderet,</span> 
     </span>
     <span class='ocr_line' id='line_1_9' title="bbox 87 1427 1241 1519; baseline 0 -25"><span class='ocrx_word' id='word_1_58' title='bbox 87 1431 142 1514; x_wconf 91' lang='lat' dir='ltr'>qui</span> <span class='ocrx_word' id='word_1_59' title='bbox 177 1428 248 1493; x_wconf 87' lang='lat' dir='ltr'>haec</span> <span class='ocrx_word' id='word_1_60' title='bbox 281 1427 757 1519; x_wconf 45' lang='lat' dir='ltr'>habetyadiecissetque,</span> <span class='ocrx_word' id='word_1_61' title='bbox 798 1447 872 1510; x_wconf 92' lang='lat' dir='ltr'>per</span> <span class='ocrx_word' id='word_1_62' title='bbox 900 1447 1014 1509; x_wconf 92' lang='lat' dir='ltr'>quem</span> <span class='ocrx_word' id='word_1_63' title='bbox 1050 1436 1241 1512; x_wconf 90' lang='lat' dir='ltr'>quantam</span> 
     </span>
     <span class='ocr_line' id='line_1_10' title="bbox 88 1535 1241 1620; baseline -0.001 -17"><span class='ocrx_word' id='word_1_64' title='bbox 88 1538 261 1603; x_wconf 91' lang='lat' dir='ltr'>omnium</span> <span class='ocrx_word' id='word_1_65' title='bbox 284 1542 558 1620; x_wconf 82' lang='lat' dir='ltr'>praeparatam</span> <span class='ocrx_word' id='word_1_66' title='bbox 582 1555 679 1598; x_wconf 89' lang='lat' dir='ltr'>cura</span> <span class='ocrx_word' id='word_1_67' title='bbox 706 1535 815 1617; x_wconf 86' lang='lat' dir='ltr'>regis</span> <span class='ocrx_word' id='word_1_68' title='bbox 846 1537 1003 1620; x_wconf 89' lang='lat' dir='ltr'>copiam</span> <span class='ocrx_word' id='word_1_69' title='bbox 1031 1536 1156 1601; x_wconf 91' lang='lat' dir='ltr'>intuli</span> <span class='ocrx_word' id='word_1_70' title='bbox 1179 1537 1241 1603; x_wconf 88' lang='lat' dir='ltr'>fo-</span> 
     </span>
     <span class='ocr_line' id='line_1_11' title="bbox 86 1643 1333 1723; baseline -0.006 -12"><span class='ocrx_word' id='word_1_71' title='bbox 86 1653 185 1711; x_wconf 89' lang='lat' dir='ltr'>rent.</span> <span class='ocrx_word' id='word_1_72' title='bbox 230 1644 361 1709; x_wconf 88' lang='lat' dir='ltr'>Partem</span> <span class='ocrx_word' id='word_1_73' title='bbox 393 1644 462 1708; x_wconf 85' lang='lat' dir='ltr'>reri</span> <span class='ocrx_word' id='word_1_74' title='bbox 486 1643 771 1708; x_wconf 83' lang='lat' dir='ltr'>lll&#39;eissenbornius</span> <span class='ocrx_word' id='word_1_75' title='bbox 793 1643 889 1723; x_wconf 81' lang='lat' dir='ltr'>vidit,</span> <span class='ocrx_word' id='word_1_76' title='bbox 921 1643 1026 1709; x_wconf 87' lang='lat' dir='ltr'>latere</span> <span class='ocrx_word' id='word_1_77' title='bbox 1054 1647 1088 1709; x_wconf 93' lang='lat' dir='ltr'>in</span> <span class='ocrx_word' id='word_1_78' title='bbox 1116 1645 1236 1710; x_wconf 89' lang='lat' dir='ltr'>litteris</span> <span class='ocrx_word' id='word_1_79' title='bbox 1255 1647 1333 1719; x_wconf 72' lang='grc'><strong>(578)</strong></span> 
     </span>
     <span class='ocr_line' id='line_1_12' title="bbox 88 1741 1242 1836; baseline -0.003 -16"><span class='ocrx_word' id='word_1_80' title='bbox 88 1754 209 1820; x_wconf 90' lang='lat' dir='ltr'>intuli</span> <span class='ocrx_word' id='word_1_81' title='bbox 243 1741 454 1836; x_wconf 84' lang='lat' dir='ltr'>participium</span> <span class='ocrx_word' id='word_1_82' title='bbox 487 1751 590 1816; x_wconf 84' lang='lat' dir='ltr'>futuri</span> <span class='ocrx_word' id='word_1_83' title='bbox 619 1753 777 1835; x_wconf 89' lang='lat' dir='ltr'>temporis</span> <span class='ocrx_word' id='word_1_84' title='bbox 806 1752 846 1817; x_wconf 91' lang='lat' dir='ltr'>de</span> <span class='ocrx_word' id='word_1_85' title='bbox 870 1751 976 1817; x_wconf 90' lang='lat' dir='ltr'>Gallis</span> <span class='ocrx_word' id='word_1_86' title='bbox 1000 1753 1145 1836; x_wconf 87' lang='lat' dir='ltr'>positum</span> <span class='ocrx_word' id='word_1_87' title='bbox 1168 1753 1242 1835; x_wconf 89' lang='lat' dir='ltr'>(in-</span> 
     </span>
     <span class='ocr_line' id='line_1_13' title="bbox 87 1858 1242 1945; baseline -0.002 -18"><span class='ocrx_word' id='word_1_88' title='bbox 87 1863 250 1928; x_wconf 88' lang='lat' dir='ltr'>venturi</span> <span class='ocrx_word' id='word_1_89' title='bbox 272 1859 434 1941; x_wconf 84' lang='lat' dir='ltr'>forent);</span> <span class='ocrx_word' id='word_1_90' title='bbox 457 1860 667 1944; x_wconf 90' lang='lat' dir='ltr'>participium</span> <span class='ocrx_word' id='word_1_91' title='bbox 690 1861 799 1944; x_wconf 91' lang='lat' dir='ltr'>ipsum</span> <span class='ocrx_word' id='word_1_92' title='bbox 822 1858 1001 1945; x_wconf 86' lang='lat' dir='ltr'>ceteraque</span> <span class='ocrx_word' id='word_1_93' title='bbox 1021 1862 1051 1925; x_wconf 93' lang='lat' dir='ltr'>ei</span> <span class='ocrx_word' id='word_1_94' title='bbox 1074 1867 1153 1945; x_wconf 89' lang='lat' dir='ltr'>apta</span> <span class='ocrx_word' id='word_1_95' title='bbox 1176 1883 1242 1927; x_wconf 91' lang='lat' dir='ltr'>non</span> 
     </span>
     <span class='ocr_line' id='line_1_14' title="bbox 87 1967 1242 2052; baseline -0.002 -16"><span class='ocrx_word' id='word_1_96' title='bbox 87 1971 221 2036; x_wconf 88' lang='lat' dir='ltr'>invenit.</span> <span class='ocrx_word' id='word_1_97' title='bbox 272 1967 457 2052; x_wconf 88' lang='lat' dir='ltr'>Scripserat</span> <span class='ocrx_word' id='word_1_98' title='bbox 484 1968 570 2032; x_wconf 91' lang='lat' dir='ltr'>enim</span> <span class='ocrx_word' id='word_1_99' title='bbox 597 1968 720 2032; x_wconf 89' lang='lat' dir='ltr'>Livius:</span> <span class='ocrx_word' id='word_1_100' title='bbox 754 1987 822 2049; x_wconf 81' lang='lat' dir='ltr'>per</span> <span class='ocrx_word' id='word_1_101' title='bbox 855 1976 1032 2045; x_wconf 73' lang='lat' dir='ltr'>quantun</span> <span class='ocrx_word' id='word_1_102' title='bbox 1068 1970 1242 2034; x_wconf 91' lang='lat' dir='ltr'>omnium</span> 
     </span>
     <span class='ocr_line' id='line_1_15' title="bbox 88 2075 1239 2164; baseline -0.002 -20"><span class='ocrx_word' id='word_1_103' title='bbox 88 2084 358 2164; x_wconf 79' lang='lat' dir='ltr'>praeparatam</span> <span class='ocrx_word' id='word_1_104' title='bbox 382 2096 476 2141; x_wconf 88' lang='lat' dir='ltr'>cura</span> <span class='ocrx_word' id='word_1_105' title='bbox 497 2075 607 2158; x_wconf 84' lang='lat' dir='ltr'>regis</span> <span class='ocrx_word' id='word_1_106' title='bbox 626 2077 784 2160; x_wconf 90' lang='lat' dir='ltr'>copiam</span> <span class='ocrx_word' id='word_1_107' title='bbox 801 2076 895 2140; x_wconf 76' lang='lat' dir='ltr'>lturl</span> <span class='ocrx_word' id='word_1_108' title='bbox 913 2077 1052 2157; x_wconf 75' lang='lat' dir='ltr'>terent,</span> <span class='ocrx_word' id='word_1_109' title='bbox 1075 2077 1239 2161; x_wconf 90' lang='lat' dir='ltr'>quibus·</span> 
     </span>
     <span class='ocr_line' id='line_1_16' title="bbox 88 2185 1244 2269; baseline -0.001 -18"><span class='ocrx_word' id='word_1_110' title='bbox 88 2207 164 2269; x_wconf 90' lang='lat' dir='ltr'>que</span> <span class='ocrx_word' id='word_1_111' title='bbox 198 2185 439 2249; x_wconf 89' lang='lat' dir='ltr'>muneribus</span> <span class='ocrx_word' id='word_1_112' title='bbox 471 2219 513 2228; x_wconf 98' lang='lat'>—</span> <span class='ocrx_word' id='word_1_113' title='bbox 552 2191 800 2269; x_wconf 86' lang='lat' dir='ltr'>excepturus</span> <span class='ocrx_word' id='word_1_114' title='bbox 839 2207 910 2251; x_wconf 84' lang='lat' dir='ltr'>rex</span> <span class='ocrx_word' id='word_1_115' title='bbox 945 2192 1064 2251; x_wconf 88' lang='lat' dir='ltr'>esset.</span> <span class='ocrx_word' id='word_1_116' title='bbox 1122 2186 1244 2264; x_wconf 85' lang='lat' dir='ltr'>Quem</span> 
     </span>
     <span class='ocr_line' id='line_1_17' title="bbox 89 2291 1243 2378; baseline -0.003 -18"><span class='ocrx_word' id='word_1_117' title='bbox 89 2302 166 2360; x_wconf 88' lang='lat' dir='ltr'>ante</span> <span class='ocrx_word' id='word_1_118' title='bbox 190 2299 385 2376; x_wconf 89' lang='lat' dir='ltr'>quantam</span> <span class='ocrx_word' id='word_1_119' title='bbox 408 2299 465 2357; x_wconf 90' lang='lat' dir='ltr'>aut</span> <span class='ocrx_word' id='word_1_120' title='bbox 488 2314 527 2356; x_wconf 88' lang='lat' dir='ltr'>ex</span> <span class='ocrx_word' id='word_1_121' title='bbox 548 2291 646 2370; x_wconf 88' lang='lat' dir='ltr'>huius</span> <span class='ocrx_word' id='word_1_122' title='bbox 669 2293 758 2357; x_wconf 85' lang='lat' dir='ltr'>vocis</span> <span class='ocrx_word' id='word_1_123' title='bbox 777 2293 891 2376; x_wconf 90' lang='lat' dir='ltr'>primis</span> <span class='ocrx_word' id='word_1_124' title='bbox 913 2293 1033 2358; x_wconf 89' lang='lat' dir='ltr'>litteris</span> <span class='ocrx_word' id='word_1_125' title='bbox 1056 2314 1154 2378; x_wconf 87' lang='lat' dir='ltr'>prave</span> <span class='ocrx_word' id='word_1_126' title='bbox 1176 2295 1243 2377; x_wconf 84' lang='lat' dir='ltr'>pri·.</span> 
     </span>
     <span class='ocr_line' id='line_1_18' title="bbox 87 2400 1242 2487; baseline -0.001 -20"><span class='ocrx_word' id='word_1_127' title='bbox 87 2422 176 2468; x_wconf 91' lang='lat' dir='ltr'>mum</span> <span class='ocrx_word' id='word_1_128' title='bbox 209 2403 343 2487; x_wconf 86' lang='lat' dir='ltr'>scriptis</span> <span class='ocrx_word' id='word_1_129' title='bbox 377 2408 435 2466; x_wconf 86' lang='lat' dir='ltr'>aut</span> <span class='ocrx_word' id='word_1_130' title='bbox 467 2422 508 2465; x_wconf 84' lang='lat' dir='ltr'>ex</span> <span class='ocrx_word' id='word_1_131' title='bbox 536 2421 609 2483; x_wconf 89' lang='lat' dir='ltr'>qne</span> <span class='ocrx_word' id='word_1_132' title='bbox 638 2400 728 2482; x_wconf 83' lang='lat' dir='ltr'>(ante</span> <span class='ocrx_word' id='word_1_133' title='bbox 762 2403 847 2484; x_wconf 92' lang='lat' dir='ltr'>per)</span> <span class='ocrx_word' id='word_1_134' title='bbox 878 2408 986 2466; x_wconf 89' lang='lat' dir='ltr'>ortum</span> <span class='ocrx_word' id='word_1_135' title='bbox 1009 2423 1081 2468; x_wconf 90' lang='lat' dir='ltr'>esse</span> <span class='ocrx_word' id='word_1_136' title='bbox 1105 2401 1242 2468; x_wconf 83' lang='lat' dir='ltr'>ridetur.</span> 
     </span>
     <span class='ocr_line' id='line_1_19' title="bbox 87 2507 1246 2595; baseline -0.001 -18"><span class='ocrx_word' id='word_1_137' title='bbox 87 2512 206 2576; x_wconf 86' lang='lat' dir='ltr'>Restat</span> <span class='ocrx_word' id='word_1_138' title='bbox 239 2512 273 2575; x_wconf 93' lang='lat' dir='ltr'>in</span> <span class='ocrx_word' id='word_1_139' title='bbox 306 2508 323 2592; x_wconf 64' lang='grc' dir='ltr'>ἓ</span> <span class='ocrx_word' id='word_1_140' title='bbox 360 2514 395 2573; x_wconf 89' lang='grc'>11</span> <span class='ocrx_word' id='word_1_141' title='bbox 432 2507 569 2589; x_wconf 87' lang='lat' dir='ltr'>(Quum</span> <span class='ocrx_word' id='word_1_142' title='bbox 608 2509 655 2572; x_wconf 89' lang='lat' dir='ltr'>ad</span> <span class='ocrx_word' id='word_1_143' title='bbox 693 2509 733 2574; x_wconf 95' lang='lat' dir='ltr'>id</span> <span class='ocrx_word' id='word_1_144' title='bbox 771 2509 880 2575; x_wconf 90' lang='lat' dir='ltr'>nihil</span> <span class='ocrx_word' id='word_1_145' title='bbox 913 2511 1246 2595; x_wconf 87' lang='lat' dir='ltr'>responderetur,</span> 
     </span>
     <span class='ocr_line' id='line_1_20' title="bbox 87 2617 1243 2703; baseline 0.001 -19"><span class='ocrx_word' id='word_1_146' title='bbox 87 2617 309 2685; x_wconf 81' lang='lat' dir='ltr'>Clondicus</span> <span class='ocrx_word' id='word_1_147' title='bbox 332 2617 502 2699; x_wconf 84' lang='lat' dir='ltr'>regulus</span> <span class='ocrx_word' id='word_1_148' title='bbox 526 2638 674 2682; x_wconf 91' lang='lat' dir='ltr'>eorum:</span> <span class='ocrx_word' id='word_1_149' title='bbox 698 2617 789 2697; x_wconf 85' lang='lat' dir='ltr'>Abi,</span> <span class='ocrx_word' id='word_1_150' title='bbox 818 2620 1019 2684; x_wconf 89' lang='lat' dir='ltr'>renuntia</span> <span class='ocrx_word' id='word_1_151' title='bbox 1048 2640 1160 2703; x_wconf 84' lang='lat' dir='ltr'>ergo,</span> <span class='ocrx_word' id='word_1_152' title='bbox 1183 2621 1243 2685; x_wconf 91' lang='lat' dir='ltr'>in·</span> 
     </span>
     <span class='ocr_line' id='line_1_21' title="bbox 88 2725 1246 2814; baseline 0.001 -21"><span class='ocrx_word' id='word_1_153' title='bbox 88 2729 285 2814; x_wconf 70' lang='lat' dir='ltr'>quit‚&#39;nisi</span> <span class='ocrx_word' id='word_1_154' title='bbox 307 2748 445 2793; x_wconf 91' lang='lat' dir='ltr'>aurum</span> <span class='ocrx_word' id='word_1_155' title='bbox 469 2725 719 2808; x_wconf 90' lang='lat' dir='ltr'>obsidesque</span> <span class='ocrx_word' id='word_1_156' title='bbox 742 2726 1023 2808; x_wconf 82' lang='lat' dir='ltr'>accepissent,</span> <span class='ocrx_word' id='word_1_157' title='bbox 1045 2750 1246 2811; x_wconf 84' lang='lat' dir='ltr'>nusquam</span> 
     </span>
     <span class='ocr_line' id='line_1_22' title="bbox 88 2834 1246 2916; baseline -0.002 -13"><span class='ocrx_word' id='word_1_158' title='bbox 88 2837 184 2903; x_wconf 93' lang='lat' dir='ltr'>inde</span> <span class='ocrx_word' id='word_1_159' title='bbox 219 2836 364 2902; x_wconf 85' lang='lat' dir='ltr'>Gallos</span> <span class='ocrx_word' id='word_1_160' title='bbox 403 2834 568 2916; x_wconf 84' lang='lat' dir='ltr'>longius</span> <span class='ocrx_word' id='word_1_161' title='bbox 608 2834 827 2916; x_wconf 83' lang='lat' dir='ltr'>vestigium</span> <span class='ocrx_word' id='word_1_162' title='bbox 867 2836 1059 2916; x_wconf 89' lang='lat' dir='ltr'>moturos)</span> <span class='ocrx_word' id='word_1_163' title='bbox 1094 2837 1178 2900; x_wconf 91' lang='lat' dir='ltr'>mira</span> <span class='ocrx_word' id='word_1_164' title='bbox 1211 2844 1246 2901; x_wconf 92' lang='lat' dir='ltr'>et</span> 
     </span>
     <span class='ocr_line' id='line_1_23' title="bbox 87 2942 1245 3030; baseline 0 -20"><span class='ocrx_word' id='word_1_165' title='bbox 87 2946 186 3030; x_wconf 90' lang='lat' dir='ltr'>plane</span> <span class='ocrx_word' id='word_1_166' title='bbox 209 2944 411 3009; x_wconf 89' lang='lat' dir='ltr'>incredibilis</span> <span class='ocrx_word' id='word_1_167' title='bbox 445 2943 515 3006; x_wconf 88' lang='lat' dir='ltr'>sine</span> <span class='ocrx_word' id='word_1_168' title='bbox 538 2942 608 3006; x_wconf 88' lang='lat' dir='ltr'>ulla</span> <span class='ocrx_word' id='word_1_169' title='bbox 641 2962 743 3007; x_wconf 88' lang='lat' dir='ltr'>causa</span> <span class='ocrx_word' id='word_1_170' title='bbox 772 2943 918 3008; x_wconf 88' lang='lat' dir='ltr'>confusio</span> <span class='ocrx_word' id='word_1_171' title='bbox 949 2954 1048 3008; x_wconf 87' lang='lat' dir='ltr'>rectae</span> <span class='ocrx_word' id='word_1_172' title='bbox 1082 2945 1245 3010; x_wconf 89' lang='lat' dir='ltr'>orationis</span> 
     </span>
     <span class='ocr_line' id='line_1_24' title="bbox 89 3049 1242 3138; baseline -0.003 -19"><span class='ocrx_word' id='word_1_173' title='bbox 89 3053 193 3138; x_wconf 80' lang='lat' dir='ltr'>(Abi,</span> <span class='ocrx_word' id='word_1_174' title='bbox 227 3052 375 3137; x_wconf 86' lang='lat' dir='ltr'>inquit)</span> <span class='ocrx_word' id='word_1_175' title='bbox 410 3056 443 3115; x_wconf 91' lang='lat' dir='ltr'>et</span> <span class='ocrx_word' id='word_1_176' title='bbox 475 3049 617 3133; x_wconf 87' lang='lat' dir='ltr'>obliquae</span> <span class='ocrx_word' id='word_1_177' title='bbox 645 3051 741 3133; x_wconf 88' lang='lat' dir='ltr'>(nisi</span> <span class='ocrx_word' id='word_1_178' title='bbox 773 3086 816 3095; x_wconf 93' lang='lat'><em>-</em></span> <span class='ocrx_word' id='word_1_179' title='bbox 846 3053 1124 3134; x_wconf 84' lang='lat' dir='ltr'>accepissent,</span> <span class='ocrx_word' id='word_1_180' title='bbox 1147 3074 1242 3117; x_wconf 91' lang='lat' dir='ltr'>nus-</span> 
     </span>
     <span class='ocr_line' id='line_1_25' title="bbox 90 3158 1248 3247; baseline -0.001 -21"><span class='ocrx_word' id='word_1_181' title='bbox 90 3183 208 3247; x_wconf 90' lang='lat' dir='ltr'>quam</span> <span class='ocrx_word' id='word_1_182' title='bbox 230 3160 323 3225; x_wconf 91' lang='lat' dir='ltr'>inde</span> <span class='ocrx_word' id='word_1_183' title='bbox 346 3182 422 3243; x_wconf 86' lang='lat' dir='ltr'>pro:</span> <span class='ocrx_word' id='word_1_184' title='bbox 457 3159 602 3222; x_wconf 89' lang='lat' dir='ltr'>nisi-</span> <span class='ocrx_word' id='word_1_185' title='bbox 625 3158 881 3242; x_wconf 88' lang='lat' dir='ltr'>acceperint,</span> <span class='ocrx_word' id='word_1_186' title='bbox 914 3180 1113 3242; x_wconf 90' lang='lat' dir='ltr'>nusquam</span> <span class='ocrx_word' id='word_1_187' title='bbox 1146 3159 1248 3225; x_wconf 89' lang='lat' dir='ltr'>hinc</span> 
     </span>
     <span class='ocr_line' id='line_1_26' title="bbox 91 3265 1245 3355; baseline -0.003 -18"><span class='ocrx_word' id='word_1_188' title='bbox 91 3271 142 3337; x_wconf 85' lang='lat' dir='ltr'>vel</span> <span class='ocrx_word' id='word_1_189' title='bbox 166 3271 291 3355; x_wconf 90' lang='lat' dir='ltr'>potius:</span> <span class='ocrx_word' id='word_1_190' title='bbox 314 3269 394 3332; x_wconf 91' lang='lat' dir='ltr'>nisi</span> <span class='ocrx_word' id='word_1_191' title='bbox 420 3303 460 3311; x_wconf 91' lang='lat'><em>—</em></span> <span class='ocrx_word' id='word_1_192' title='bbox 482 3265 786 3349; x_wconf 86' lang='lat' dir='ltr'>acceperimus),</span> <span class='ocrx_word' id='word_1_193' title='bbox 810 3266 852 3331; x_wconf 88' lang='lat' dir='ltr'>ad</span> <span class='ocrx_word' id='word_1_194' title='bbox 876 3288 975 3349; x_wconf 91' lang='lat' dir='ltr'>quam</span> <span class='ocrx_word' id='word_1_195' title='bbox 1003 3268 1245 3351; x_wconf 84' lang='lat' dir='ltr'>coarguendam</span> 
     </span>
     <span class='ocr_line' id='line_1_27' title="bbox 91 3374 1242 3458; baseline -0.003 -14"><span class='ocrx_word' id='word_1_196' title='bbox 91 3379 222 3444; x_wconf 88' lang='lat' dir='ltr'>accedit</span> <span class='ocrx_word' id='word_1_197' title='bbox 254 3377 371 3443; x_wconf 85' lang='lat' dir='ltr'>vitiose</span> <span class='ocrx_word' id='word_1_198' title='bbox 404 3376 513 3458; x_wconf 89' lang='lat' dir='ltr'>posita</span> <span class='ocrx_word' id='word_1_199' title='bbox 547 3395 641 3455; x_wconf 86' lang='lat' dir='ltr'>ergo</span> <span class='ocrx_word' id='word_1_200' title='bbox 676 3374 854 3456; x_wconf 83' lang='lat' dir='ltr'>particula3</span> <span class='ocrx_word' id='word_1_201' title='bbox 896 3375 1041 3441; x_wconf 90' lang='lat' dir='ltr'>debebat</span> <span class='ocrx_word' id='word_1_202' title='bbox 1074 3378 1160 3441; x_wconf 93' lang='lat' dir='ltr'>enim</span> <span class='ocrx_word' id='word_1_203' title='bbox 1194 3378 1242 3441; x_wconf 85' lang='lat' dir='ltr'>sie</span> 
     </span>
     <span class='ocr_line' id='line_1_28' title="bbox 92 3481 1246 3569; baseline -0.003 -16"><span class='ocrx_word' id='word_1_204' title='bbox 92 3488 207 3554; x_wconf 91' lang='lat' dir='ltr'>scribi:</span> <span class='ocrx_word' id='word_1_205' title='bbox 242 3486 316 3552; x_wconf 83' lang='lat' dir='ltr'>Abi</span> <span class='ocrx_word' id='word_1_206' title='bbox 351 3505 461 3566; x_wconf 83' lang='lat' dir='ltr'>ergo,</span> <span class='ocrx_word' id='word_1_207' title='bbox 495 3483 698 3548; x_wconf 89' lang='lat' dir='ltr'>renuntia.</span> <span class='ocrx_word' id='word_1_208' title='bbox 744 3481 856 3548; x_wconf 86' lang='lat' dir='ltr'>Mendi</span> <span class='ocrx_word' id='word_1_209' title='bbox 879 3505 958 3549; x_wconf 90' lang='lat' dir='ltr'>sane</span> <span class='ocrx_word' id='word_1_210' title='bbox 981 3486 1055 3549; x_wconf 93' lang='lat' dir='ltr'>miri</span> <span class='ocrx_word' id='word_1_211' title='bbox 1078 3487 1246 3569; x_wconf 88' lang='lat' dir='ltr'>praecipua</span> 
     </span>
     <span class='ocr_line' id='line_1_29' title="bbox 91 3589 1247 3678; baseline -0.003 -16"><span class='ocrx_word' id='word_1_212' title='bbox 91 3596 186 3662; x_wconf 89' lang='lat' dir='ltr'>sedes</span> <span class='ocrx_word' id='word_1_213' title='bbox 211 3597 244 3660; x_wconf 92' lang='lat' dir='ltr'>in</span> <span class='ocrx_word' id='word_1_214' title='bbox 267 3593 411 3676; x_wconf 90' lang='lat' dir='ltr'>inquid</span> <span class='ocrx_word' id='word_1_215' title='bbox 435 3593 496 3674; x_wconf 89' lang='lat' dir='ltr'>(sic</span> <span class='ocrx_word' id='word_1_216' title='bbox 519 3589 603 3670; x_wconf 91' lang='lat' dir='ltr'>cod.)</span> <span class='ocrx_word' id='word_1_217' title='bbox 629 3613 688 3674; x_wconf 90' lang='lat' dir='ltr'>pro</span> <span class='ocrx_word' id='word_1_218' title='bbox 711 3591 824 3656; x_wconf 91' lang='lat' dir='ltr'>iubet</span> <span class='ocrx_word' id='word_1_219' title='bbox 847 3595 985 3678; x_wconf 90' lang='lat' dir='ltr'>scripto:</span> <span class='ocrx_word' id='word_1_220' title='bbox 1021 3592 1247 3660; x_wconf 86' lang='lat' dir='ltr'>Clondicus</span> 
     </span>
     <span class='ocr_line' id='line_1_30' title="bbox 92 3698 1246 3787; baseline -0.001 -19"><span class='ocrx_word' id='word_1_221' title='bbox 92 3702 260 3787; x_wconf 85' lang='lat' dir='ltr'>regulus</span> <span class='ocrx_word' id='word_1_222' title='bbox 284 3720 421 3768; x_wconf 89' lang='lat' dir='ltr'>eorum</span> <span class='ocrx_word' id='word_1_223' title='bbox 456 3700 564 3764; x_wconf 84' lang='lat' dir='ltr'>abire</span> <span class='ocrx_word' id='word_1_224' title='bbox 596 3698 848 3776; x_wconf 73' lang='lat' dir='ltr'>untiareque</span> <span class='ocrx_word' id='word_1_225' title='bbox 882 3700 991 3764; x_wconf 75' lang='lat' dir='ltr'>lubet</span> <span class='ocrx_word' id='word_1_226' title='bbox 1025 3703 1128 3783; x_wconf 83' lang='lat' dir='ltr'>regi,</span> <span class='ocrx_word' id='word_1_227' title='bbox 1165 3704 1246 3767; x_wconf 91' lang='lat' dir='ltr'>nisi</span> 
     </span>
     <span class='ocr_line' id='line_1_31' title="bbox 92 3806 1246 3893; baseline -0.001 -17"><span class='ocrx_word' id='word_1_228' title='bbox 92 3821 154 3877; x_wconf 76' lang='lat' dir='ltr'>oet,</span> <span class='ocrx_word' id='word_1_229' title='bbox 198 3810 308 3875; x_wconf 90' lang='lat' dir='ltr'>Prima</span> <span class='ocrx_word' id='word_1_230' title='bbox 330 3818 440 3875; x_wconf 88' lang='lat' dir='ltr'>tamen</span> <span class='ocrx_word' id='word_1_231' title='bbox 463 3810 553 3892; x_wconf 85' lang='lat' dir='ltr'>origo</span> <span class='ocrx_word' id='word_1_232' title='bbox 576 3807 718 3873; x_wconf 88' lang='lat' dir='ltr'>fortasse</span> <span class='ocrx_word' id='word_1_233' title='bbox 739 3806 802 3872; x_wconf 88' lang='lat' dir='ltr'>fuit</span> <span class='ocrx_word' id='word_1_234' title='bbox 829 3809 1014 3893; x_wconf 84' lang='lat' dir='ltr'>imperativi</span> <span class='ocrx_word' id='word_1_235' title='bbox 1048 3809 1142 3892; x_wconf 86' lang='lat' dir='ltr'>(abi)</span> <span class='ocrx_word' id='word_1_236' title='bbox 1173 3832 1246 3892; x_wconf 87' lang='lat' dir='ltr'>spe·</span> 
     </span>
     <span class='ocr_line' id='line_1_32' title="bbox 93 3915 1247 4001; baseline -0.002 -16"><span class='ocrx_word' id='word_1_237' title='bbox 93 3922 159 3985; x_wconf 88' lang='lat' dir='ltr'>cies</span> <span class='ocrx_word' id='word_1_238' title='bbox 184 3920 315 3984; x_wconf 89' lang='lat' dir='ltr'>obiecta</span> <span class='ocrx_word' id='word_1_239' title='bbox 338 3919 461 3997; x_wconf 88' lang='lat' dir='ltr'>animo,</span> <span class='ocrx_word' id='word_1_240' title='bbox 495 3938 595 4001; x_wconf 92' lang='lat' dir='ltr'>quum</span> <span class='ocrx_word' id='word_1_241' title='bbox 617 3937 658 3980; x_wconf 91' lang='lat' dir='ltr'>re</span> <span class='ocrx_word' id='word_1_242' title='bbox 682 3915 809 4000; x_wconf 85' lang='lat' dir='ltr'>syllaba</span> <span class='ocrx_word' id='word_1_243' title='bbox 831 3917 872 3981; x_wconf 86' lang='lat' dir='ltr'>ad</span> <span class='ocrx_word' id='word_1_244' title='bbox 895 3919 1081 4000; x_wconf 85' lang='lat' dir='ltr'>proximum</span> <span class='ocrx_word' id='word_1_245' title='bbox 1104 3919 1247 3983; x_wconf 87' lang='lat' dir='ltr'>vocabu·</span> 
     </span>
     <span class='ocr_line' id='line_1_33' title="bbox 91 4023 1252 4109; baseline -0.002 -18"><span class='ocrx_word' id='word_1_246' title='bbox 91 4027 160 4092; x_wconf 92' lang='lat' dir='ltr'>lum</span> <span class='ocrx_word' id='word_1_247' title='bbox 194 4025 464 4109; x_wconf 84' lang='lat' dir='ltr'>(renuntiare)</span> <span class='ocrx_word' id='word_1_248' title='bbox 497 4032 608 4091; x_wconf 88' lang='lat' dir='ltr'>tracta</span> <span class='ocrx_word' id='word_1_249' title='bbox 642 4029 740 4089; x_wconf 89' lang='lat' dir='ltr'>esset.</span> <span class='ocrx_word' id='word_1_250' title='bbox 786 4023 940 4090; x_wconf 90' lang='lat' dir='ltr'>Secutum</span> <span class='ocrx_word' id='word_1_251' title='bbox 975 4033 1024 4091; x_wconf 90' lang='lat' dir='ltr'>est</span> <span class='ocrx_word' id='word_1_252' title='bbox 1056 4027 1252 4092; x_wconf 76' lang='lat' dir='ltr'>renuntia,</span> 
     </span>
     <span class='ocr_line' id='line_1_34' title="bbox 92 4135 477 4218; baseline -0.003 -19"><span class='ocrx_word' id='word_1_253' title='bbox 92 4155 205 4217; x_wconf 80' lang='lat' dir='ltr'>ergo,</span> <span class='ocrx_word' id='word_1_254' title='bbox 229 4142 300 4200; x_wconf 91' lang='lat' dir='ltr'>tum</span> <span class='ocrx_word' id='word_1_255' title='bbox 322 4135 477 4218; x_wconf 91' lang='lat' dir='ltr'>inquid.</span> 
     </span>
    </p>

    <p class='ocr_par' dir='ltr' id='par_1_3' title="bbox 95 4240 1246 4434">
     <span class='ocr_line' id='line_1_35' title="bbox 180 4240 1246 4328; baseline 0 -21"><span class='ocrx_word' id='word_1_256' title='bbox 180 4240 259 4327; x_wconf 81' lang='lat' dir='ltr'>Gap.</span> <span class='ocrx_word' id='word_1_257' title='bbox 289 4247 340 4323; x_wconf 76' lang='lat'>27,</span> <span class='ocrx_word' id='word_1_258' title='bbox 377 4250 403 4307; x_wconf 93' lang='lat' dir='ltr'>l.</span> <span class='ocrx_word' id='word_1_259' title='bbox 448 4242 586 4307; x_wconf 88' lang='lat' dir='ltr'>Perseus</span> <span class='ocrx_word' id='word_1_260' title='bbox 620 4246 749 4307; x_wconf 89' lang='lat' dir='ltr'>tantum</span> <span class='ocrx_word' id='word_1_261' title='bbox 785 4242 928 4325; x_wconf 93' lang='lat' dir='ltr'>quinque</span> <span class='ocrx_word' id='word_1_262' title='bbox 963 4241 1078 4328; x_wconf 87' lang='lat' dir='ltr'>millia</span> <span class='ocrx_word' id='word_1_263' title='bbox 1099 4243 1246 4326; x_wconf 91' lang='lat' dir='ltr'>equitum</span> 
     </span>
     <span class='ocr_line' id='line_1_36' title="bbox 95 4350 1246 4434; baseline 0.001 -18"><span class='ocrx_word' id='word_1_264' title='bbox 95 4351 265 4417; x_wconf 89' lang='lat' dir='ltr'>Gallorum</span> <span class='ocrx_word' id='word_1_265' title='bbox 300 4374 335 4417; x_wconf 89' lang='lat' dir='ltr'>se</span> <span class='ocrx_word' id='word_1_266' title='bbox 369 4352 607 4417; x_wconf 90' lang='lat' dir='ltr'>conducturum</span> <span class='ocrx_word' id='word_1_267' title='bbox 641 4350 784 4428; x_wconf 87' lang='lat' dir='ltr'>dixerat,</span> <span class='ocrx_word' id='word_1_268' title='bbox 818 4350 937 4434; x_wconf 89' lang='lat' dir='ltr'>quibus</span> <span class='ocrx_word' id='word_1_269' title='bbox 971 4352 1018 4415; x_wconf 91' lang='lat' dir='ltr'>uti</span> <span class='ocrx_word' id='word_1_270' title='bbox 1053 4351 1096 4415; x_wconf 91' lang='lat' dir='ltr'>ad</span> <span class='ocrx_word' id='word_1_271' title='bbox 1124 4351 1246 4417; x_wconf 88' lang='lat' dir='ltr'>bellum</span> 
     </span>
    </p>
   </div>
   <div class='ocr_carea' id='block_1_3' title="bbox 0 0 1512 5108">
    <p class='ocr_par' dir='ltr' id='par_1_4' title="bbox 0 0 1512 5108">
     <span class='ocr_line' id='line_1_37' title="bbox 0 0 1512 5108; baseline 0 0"><span class='ocrx_word' id='word_1_272' title='bbox 0 0 1512 5108; x_wconf 95' lang='lat' dir='ltr'> </span> 
     </span>
    </p>
   </div>
  </div>
 </body>
</html>
