3000 5116
172 471 235 528 Lib
254 471 353 528 XXIV.
723 458 785 519 336

259 643 339 729 Gap.
363 650 393 724 8,
426 650 464 710 15
498 643 545 724 (in
571 644 720 709 oratione
745 643 782 721 Q.
807 644 902 709 Fabii
924 649 1040 710 contra
1061 644 1098 709 T.
1123 644 1330 726 Otacilium:

174 753 242 818 Sin
260 761 392 819 autem
411 761 450 819 te
473 754 648 818 classem
672 752 885 818 obtinente
909 753 1031 818 etiam
1049 753 1159 818 velut
1177 762 1331 836 pacato

172 863 272 927 mari
295 863 443 944 quaevis
466 860 690 927 Hannibali
713 867 805 926 tuta
828 866 951 944 atque
967 861 1130 943 integra
1148 861 1196 926 ab
1215 862 1329 928 domo

171 978 371 1035 venerunt
393 976 454 1035 cet.
507 969 622 1052 Neque
650 970 774 1034 etiam
803 975 917 1052 aptum
945 969 1115 1034 sententiae
1143 977 1196 1035 est
1223 992 1330 1056 neque

172 1079 323 1162 quavis
348 1076 461 1158 (Dralr.
485 1077 693 1160 qualibet)
721 1077 802 1142 ferri
829 1084 954 1160 potest,
983 1077 1138 1159 quoniam
1166 1077 1231 1145 boc
1254 1101 1332 1163 pro-

171 1206 291 1251 nomen
323 1208 389 1251 non
421 1187 544 1252 dicitur
577 1187 622 1251 sic
655 1186 778 1269 plurali
810 1206 945 1251 numero
973 1206 1034 1268 pro
1062 1185 1268 1252 substantivo
1296 1195 1330 1252 et

172 1293 445 1376 significationem
485 1294 587 1359 habet
625 1296 729 1359 omnis
763 1295 891 1377 generis
929 1295 999 1359 sine
1033 1290 1155 1359 dilectu
1190 1295 1233 1360 ab
1266 1294 1328 1360 boc

171 1401 244 1468 loco
284 1402 435 1467 alienam.
497 1403 534 1466 ln
581 1402 749 1467 codicibus
789 1402 828 1483 (P
851 1403 884 1468 M
907 1401 1019 1482 Cant,
1060 1402 1149 1484 aliis)
1190 1425 1251 1487 pro
1289 1425 1327 1469 eo

172 1511 328 1576 scribitur
356 1512 461 1594 quib.
486 1510 538 1592 (P)
568 1519 627 1576 aut
655 1511 812 1595 quibus.
864 1510 1029 1595 Scriptum
1056 1509 1159 1576 fuisse
1182 1512 1327 1578 videtur:

170 1653 214 1665 -
252 1620 470 1685 obtinente
515 1620 639 1683 mla
684 1620 796 1685 velut
842 1627 987 1703 pacato
1026 1620 1129 1685 mari
1168 1621 1327 1685 navitus

171 1727 392 1794 Hannibali
422 1735 482 1794 cet.
535 1727 677 1793 Omnia
705 1729 825 1793 mutari
855 1730 965 1811 potuit
995 1728 1037 1795 ob
1061 1735 1242 1795 extremam
1263 1729 1327 1814 syl·

171 1824 280 1903 labam
304 1838 392 1903 vocis
415 1836 641 1920 praecedentis.
687 1835 810 1918 (1876.)
854 1833 937 1919 §10
959 1844 1143 1919 exspectes:
1178 1845 1325 1904 utnon

171 1952 233 2008 ant
256 1947 372 2011 deum
394 1952 464 2010 aut
487 1945 588 2009 belli
611 1945 846 2010 deseramus
868 1965 1042 2010 causam.
1087 1946 1214 2028 (1862.)

256 2053 335 2138 Cap.
365 2060 398 2132 9,
436 2058 474 2117 10
507 2053 562 2134 (de
591 2051 628 2128 Q.
658 2052 762 2118 Fabio
797 2054 930 2118 consule
958 2054 999 2119 iis
1033 2055 1174 2121 comitiis
1205 2063 1326 2135 creato,

171 2181 244 2244 quae
266 2163 338 2246 ipse
361 2163 473 2228 consul
497 2161 671 2242 habebatl:
706 2161 877 2245 Tempus
900 2183 946 2228 ac
967 2163 1203 2229 necessitas
1226 2163 1325 2230 belli

170 2290 215 2333 ac
238 2269 460 2336 discrimen
484 2291 640 2335 summae
661 2290 795 2360 rerum
817 2270 1043 2350 faciebant,
1071 2291 1119 2336 ne
1142 2273 1236 2355 quis
1258 2286 1326 2339 aut-

169 2379 208 2441 in
248 2379 472 2462 exemplum
512 2381 749 2463 exquireret
788 2386 858 2445 aut
898 2386 1133 2462 suspectum
1167 2380 1326 2464 cupidi-

169 2487 272 2551 tatis
295 2488 457 2569 imperii
480 2488 684 2552 consulem
708 2487 885 2553 haberet.
920 2487 1016 2566 Quod
1037 2508 1089 2553 me
1108 2489 1328 2554 autemultos

169 2614 273 2658 annos
303 2595 454 2675 offendit,
488 2596 527 2660 in
563 2595 787 2678 exemplum
825 2597 1060 2681 exquirere,
1092 2597 1128 2660 in
1157 2617 1198 2663 eo
1227 2597 1326 2663 etiam

169 2702 455 2770 Weissenbornius
477 2704 588 2783 hasit3
617 2704 673 2769 sed
703 2704 792 2789 quod
821 2704 962 2771 fortasse
990 2705 1227 2788 inquireret
1249 2704 1328 2770 sub·

168 2812 373 2878 stituendum
400 2819 498 2896 putat
526 2819 560 2878 et
588 2813 771 2896 exemplum
801 2818 872 2878 tum
901 2815 935 2878 in
965 2820 1136 2897 posterum
1159 2814 1328 2897 proditum

168 2920 339 3005 intellegit,
363 2941 468 3005 neque
492 2921 716 3005 exemplum
739 2922 826 2987 nude
850 2923 995 3004 positum
1019 2923 1066 2986 sic
1083 2923 1188 3006 accipi
1208 2928 1329 3007 potest,

81 3049 157 3119 ¹(alo)
175 3050 280 3112 neque
309 3030 520 3114 inquirere
548 3031 588 3094 in
611 3030 834 3113 exemplum
858 3037 910 3094 est
933 3050 1090 3113 quaerere,
1114 3051 1215 3113 quam
1238 3031 1329 3098 bono

42 4422 158 4752 κ,

170 3138 296 3205 malove
335 3140 484 3222 exemplo
519 3139 599 3221 quid
632 3138 699 3203 fiat.
763 3138 996 3203 Scribendum:
1036 3159 1084 3202 ne
1124 3139 1218 3220 quis
1257 3147 1330 3206 aut

170 3248 401 3331 exemplum
424 3248 664 3340 exquireret
692 3254 761 3312 aut
790 3253 852 3311 cet.
909 3245 1012 3310 Nemo
1041 3245 1228 3330 exemplum
1256 3249 1331 3313 cius

168 3357 216 3421 rei
239 3356 437 3422 antefactae
460 3355 656 3440 exquirebat
678 3356 739 3437 (ut,
770 3355 797 3419 si
821 3375 887 3419 non
908 3355 1119 3436 repperisset,
1142 3376 1214 3420 rem
1236 3356 1331 3422 nullo

169 3466 318 3549 exemplo
340 3463 462 3530 iactam
486 3465 741 3548 quereretur).¹)

237 3736 362 3806 Utroque
388 3739 453 3793 loco
477 3738 614 3809 praecedit
639 3753 669 3789 ιιι.
713 3737 746 3791 Ιιι
770 3735 890 3790 Vindob.
913 3740 1008 3789 tamen
1031 3733 1126 3803 XLII,
1153 3738 1202 3802 51,
1230 3741 1248 3794 3
1275 3758 1334 3796 nou

236 3824 413 3892 praecedente
437 3839 460 3875 ιιι
484 3824 626 3877 scribitur:
657 3828 811 3876 armatos
840 3822 874 3874 in
903 3837 1020 3890 campo
1050 3821 1189 3876 struxit
1236 3823 1333 3881 Besti-

236 3908 373 3964 tueudum
391 3909 573 3976 instructi,
597 3909 770 3963 instruxit.
812 3907 896 3961 Acies
921 3905 1118 3974 aliquomodo
1137 3910 1253 3977 strui,
1278 3911 1335 3967 hoc

238 3998 290 4058 est,
313 3993 440 4048 ordinari
458 4000 488 4049 et
506 3995 638 4064 componi
657 3994 713 4049 dici
730 3998 826 4062 potest
845 3990 930 4059 (VIII,
952 3995 977 4058 8,
1001 3993 1025 4056 3,
1050 3990 1101 4058 IX,
1123 3993 1167 4058 31,
1190 3995 1216 4059 9,
1242 3995 1336 4059 XLII,

236 4080 261 4145 7,
278 4084 314 4147 4),
332 4080 436 4135 milites
455 4087 566 4136 tantum
585 4081 724 4135 instrui.

196 4160 221 4231 ¹)
240 4162 371 4219 Proxime
397 4167 576 4237 paragrapho
601 4166 657 4235 (11)
680 4173 824 4236 receptum
851 4180 940 4236 nuper
967 4173 1010 4222 est
1033 4168 1164 4225 codicum
1187 4171 1340 4236 mendum,

238 4250 313 4318 quod
343 4268 441 4308 omnes
470 4253 506 4307 ad
528 4259 656 4307 nostram
686 4257 800 4308 aetatem
824 4258 900 4307 recte
924 4260 1102 4322 spreverant:
1129 4271 1240 4322 seque
1269 4263 1339 4310 tum

234 4333 449 4393 hauddubie
472 4354 562 4404 esse;
590 4339 688 4394 abesse
712 4354 886 4408 pronomen,
914 4339 944 4394 in
967 4356 1024 4408 quo
1050 4340 1111 4410 ipsa
1128 4340 1255 4395 vertitur
1274 4361 1339 4404 sen,
