2994 5108
683 480 742 543 119
1161 496 1225 553 Lib.
1243 497 1289 551 1v.

129 665 370 751 lentumque
397 665 533 750 praeda
560 665 818 750 triumphans
846 667 1029 734 dictator
1051 666 1164 750 (Mam.
1187 669 1289 734 AEmi·

129 773 209 857 lius)
238 775 401 858 Romam
433 772 609 840 reduxit.
661 774 724 841 Illa
758 775 806 842 ab
836 777 974 858 equite
1003 777 1052 842 ad
1080 779 1289 844 centurio·

129 904 219 949 nem
251 882 540 950 Weissenbomins
575 882 632 966 (-
664 905 743 950 nam
776 885 878 952 ceteri
911 884 1055 951 editores
1086 890 1200 952 tacent
1231 887 1288 970 —)

130 992 216 1057 verti
237 992 348 1059 iubet:
382 1013 468 1058 rom
490 992 626 1058 Ritter
652 992 717 1058 bie
745 1014 830 1059 uum
852 991 1088 1059 centurion.
1143 995 1197 1061 Ita
1218 1001 1289 1061 tum

129 1100 262 1182 dicitur,
292 1119 404 1185 quum,
432 1100 617 1185 significato
639 1121 758 1186 genere
781 1101 905 1187 aliquo,
933 1122 1046 1168 omnes
1067 1103 1209 1183 omnino,
1232 1104 1289 1189 qui

129 1208 188 1275 illo
211 1210 459 1290 contineantur,
486 1209 726 1295 intellegendos
755 1230 827 1276 esse
849 1210 1055 1292 declaratum
1088 1212 1200 1294 itaque
1222 1213 1288 1297 pri·

130 1338 221 1383 mum
249 1318 393 1386 duorum
419 1319 644 1404 proximorum
672 1318 848 1402 graduum,
882 1320 968 1385 inter
996 1339 1078 1402 quos
1106 1320 1217 1386 nullus
1238 1321 1288 1386 in·

127 1428 289 1493 teriectus
321 1433 388 1509 cst,
426 1428 563 1495 nomina
595 1427 643 1492 sic
675 1426 831 1512 coniungi
864 1428 995 1494 omuino
1029 1449 1096 1494 non
1128 1437 1285 1514 possunt3
1303 1447 1356 1516 (99)

128 1542 221 1602 recte
244 1536 332 1602 enim
355 1536 459 1603 dicas:
493 1558 579 1602 vom
602 1535 804 1602 Obersten
825 1535 890 1601 bis
912 1558 999 1601 zum
1022 1536 1288 1618 Lieutenant3

128 1650 221 1711 recte
243 1645 361 1711 etiam:
389 1666 474 1712 vom
497 1651 635 1712 ersten
657 1644 916 1731 Hauptmann
938 1645 1003 1711 bis
1025 1667 1109 1710 zum
1130 1644 1288 1712 letzten

128 1751 387 1834 Lieuteuant,
409 1754 535 1839 inepte:
557 1774 642 1820 vom
659 1754 916 1840 Hauptmann
937 1755 1002 1820 bis
1026 1775 1110 1818 zum
1129 1752 1288 1821 Lieute·

129 1868 238 1928 nant.
289 1862 417 1929 Deinde
446 1862 504 1929 illa
526 1861 767 1946 significatione
788 1864 975 1929 necessario
997 1863 1068 1928 haec
1089 1864 1191 1929 verba
1213 1886 1288 1929 cum

131 1969 283 2038 subiecto
312 1972 484 2038 sententia
513 1970 719 2057 (captivis)
742 1973 1026 2055 coniungerentur,
1082 1971 1183 2056 Atqui
1205 1972 1287 2037 nihil

128 2086 182 2146 est
202 2081 340 2162 certius,
368 2101 467 2164 quam
488 2080 676 2165 significari,
703 2080 747 2146 ad
768 2102 853 2164 quos
876 2086 964 2148 sorte
987 2082 1108 2166 captivi
1129 2102 1287 2166 pervene-

128 2189 211 2271 rint3
245 2189 396 2273 alioquin
428 2191 515 2256 enim
547 2189 695 2274 intellegi
724 2190 856 2257 omnino
884 2191 1000 2273 nequit
1026 2191 1124 2256 sortis
1147 2212 1287 2257 comme·

130 2297 289 2378 moratis,
328 2298 483 2383 idemque
522 2299 730 2384 apertissime
764 2300 864 2365 etiam
897 2300 1045 2383 proxima
1072 2298 1132 2364 illa
1153 2299 1287 2365 demon-

130 2413 254 2472 strant:
290 2414 330 2474 et
352 2428 519 2492 quorum
542 2407 689 2473 eximia
709 2408 841 2474 virtus
863 2408 1014 2488 fuerat,
1044 2407 1164 2473 binis.
1219 2408 1286 2473 lta-

129 2535 195 2599 que
235 2515 284 2582 ab
327 2517 466 2600 equite
503 2516 691 2583 necessario
731 2515 926 2600 simpliciter
963 2516 1174 2600 coniungitur
1212 2538 1286 2583 oum

129 2629 244 2690 sorte
267 2623 418 2707 ductis;
440 2625 597 2692 adiuncto
621 2624 720 2691 simul
741 2624 799 2689 illo
821 2624 869 2689 ad
893 2625 1174 2692 centurionem
1196 2627 1287 2693 nulla

129 2731 198 2797 alia
230 2731 373 2798 efficitur
399 2734 566 2800 sententia
594 2734 657 2799 nisi
684 2755 823 2819 prorsus
850 2732 1005 2813 ridicula,
1039 2734 1185 2817 singulos
1208 2755 1286 2819 cap-

129 2839 217 2906 tivos
250 2840 294 2907 ab
327 2842 437 2925 aliquo
471 2843 582 2926 equite
615 2842 659 2908 ad
687 2842 831 2925 aliquem
859 2843 1083 2908 centurionem
1105 2848 1194 2911 sorte
1216 2848 1286 2907 tra·
1401 2928 1404 2934 7

130 2948 249 3016 ductos
282 2970 374 3032 esse;
406 2952 470 3017 etsi
502 2951 711 3018 traductis
745 2951 811 3016 dici
845 2950 1002 3031 debebat,
1035 2971 1102 3016 non
1135 2950 1284 3016 ductis.

85 3062 90 3068 '
130 3055 220 3134 Quid
241 3057 353 3124 Livius
374 3057 499 3125 iactum
522 3080 593 3126 esse
615 3059 795 3143 significet,
829 3059 1005 3129 obscurum
1033 3080 1098 3124 non
1121 3065 1187 3139 est;
1221 3058 1285 3125 hoc

129 3166 219 3232 enim
242 3165 338 3247 dicit,
372 3168 540 3252 equitibus
571 3174 605 3234 et
630 3168 877 3235 centurionibus
905 3168 969 3235 hoc
991 3167 1148 3253 praecipui
1171 3167 1286 3233 datum

128 3295 222 3357 esse,
259 3281 298 3341 nt
330 3275 452 3360 singuli
485 3277 633 3362 singulos
666 3278 814 3362 captivos
848 3282 939 3343 sorte
973 3277 1147 3355 ducerent,
1188 3297 1286 3360 quum

127 3385 291 3468 gregariis
330 3385 492 3451 militibus
530 3391 659 3452 tantum
697 3388 839 3472 pecunia
872 3408 912 3451 ex
943 3386 1056 3471 praeda
1087 3385 1287 3451 venumdata

129 3492 326 3559 solveretur.
383 3491 567 3580 Scripserat
588 3495 705 3580 igitur,
739 3495 829 3578 quod
850 3515 951 3561 unum
973 3495 1065 3560 illam
1088 3496 1285 3561 sententiam
1337 3584 1340 3589 .

127 3599 248 3668 habet:
289 3602 466 3687 singulis
507 3604 685 3688 captivis
725 3604 772 3670 ab
814 3605 952 3688 equite
985 3623 1024 3667 ar
1058 3605 1285 3667 contulere

126 3718 243 3777 sorte
265 3709 420 3790 ductis,
449 3710 608 3796 singulari
630 3733 766 3780 numero
790 3711 943 3795 (equite
964 3747 1008 3756 -
1031 3712 1284 3795 centurione)

126 3818 163 3884 in
187 3818 422 3886 distributione
444 3819 559 3886 eodem
580 3821 678 3887 modo
700 3822 833 3907 posit0‚·
850 3841 915 3904 quo
937 3819 994 3900 IX,
1016 3823 1057 3886 43
1079 3821 1132 3887 bis
1155 3820 1186 3904 (ἓ
1210 3825 1229 3885 6
1252 3828 1286 3887 et

126 3927 186 4011 21)
216 3928 389 4014 singulte
417 3928 457 3994 in
484 3929 656 3995 militem
683 3931 830 3996 tunieae
860 3929 1013 3996 dicuntur
1035 3935 1069 3995 et
1090 3928 1199 4007 XXII,
1235 3932 1285 4009 23,

127 4041 148 4103 6
184 4037 352 4122 argenti
389 4038 522 4123 pondo
554 4037 654 4104 bina
687 4044 728 4104 et
761 4037 925 4104 selibrae
958 4039 998 4103 in
1030 4037 1203 4102 militem
1237 4036 1286 4118 (et

125 4143 221 4230 apud
238 4142 443 4212 Ciceronem:
465 4147 601 4213 tritici
623 4148 783 4214 modius
806 4154 896 4213 erat
914 4146 969 4213 HS
985 4146 1142 4228 ternis).
1177 4144 1285 4211 Semel

127 4254 257 4338 scripto
283 4274 300 4318 c
329 4252 627 4340 (acenturione)
660 4253 784 4323 iactum
818 4255 936 4323 deinde
969 4263 1021 4322 est
1053 4254 1204 4340 (propter
1236 4254 1284 4319 ab

127 4362 285 4444 equite)
315 4363 364 4429 ad
386 4365 683 4446 centurionem,
711 4366 769 4449 qui
792 4385 885 4431 error
906 4362 970 4447 (ad
993 4363 1201 4446 colloquia
1224 4385 1284 4447 pro
