3000 5116
684 481 746 544 28⁷
1126 494 1189 552 Lib.
1206 495 1295 553 XXII.

138 666 326 732 substituit:
365 664 697 751 prodictatorem
735 687 822 750 pop.
855 669 1015 732 creavit
1048 666 1085 744 Q.
1114 667 1295 749 Fabium,

137 774 331 840 coniectura
356 773 459 841 ducta
485 794 526 839 ex
551 773 607 854 iis,
641 793 714 855 quae
741 772 851 838 Livius
884 774 947 839 hoc
979 775 1051 859 ipso
1083 774 1168 841 libro
1198 797 1224 841 c.
1254 779 1292 840 31

137 881 268 962 scribit,
302 878 440 947 (laelium
461 881 673 966 Antipatrum
702 888 736 946 et
764 881 847 946 alios
869 882 1124 965 reprebendens.
1173 881 1223 948 Ne
1247 883 1295 948 ‹li-

138 1008 226 1070 cam,
261 989 344 1056 satis
378 987 488 1055 audax
521 986 585 1054 hoc
612 1009 684 1055 esse
713 988 901 1071 corrigendi
929 1010 1047 1073 genus,
1082 989 1171 1074 quod
1203 991 1297 1056 nulla
1412 1075 1416 1082 ξ

136 1094 272 1182 syllabae
300 1097 444 1163 maxime
472 1096 667 1162 necessaria
696 1096 822 1162 omissae
851 1115 952 1161 causa
973 1098 1154 1181 excogitari
1176 1104 1296 1183 potest,

137 1211 241 1288 utque
264 1206 431 1285 omittam,
462 1225 528 1270 non
555 1203 663 1268 minus
684 1204 1008 1288 promagistrum
1030 1206 1215 1288 equitnm
1237 1227 1296 1291 ap·

137 1311 329 1396 pellandum
357 1310 476 1391 fuisse,
509 1311 666 1395 quoniam
697 1310 801 1377 nihilo
829 1311 935 1393 magis
962 1313 1121 1394 magister
1148 1314 1296 1398 equitum

140 1420 306 1505 apopulo
335 1419 442 1485 creari
468 1424 617 1504 poterat,
652 1418 784 1483 omnino
818 1438 885 1483 non
917 1419 1015 1484 credo
1043 1420 1170 1485 Livium
1203 1443 1295 1506 pro·

139 1525 389 1595 dictatorem
419 1532 569 1592 meatum
592 1525 737 1591 scribere
758 1526 918 1610 potuisse.
974 1526 1058 1591 Nam
1081 1548 1195 1610 quum,
1224 1531 1295 1614 qni·

137 1631 201 1700 bus
229 1626 289 1699 aut
315 1641 533 1719 prorogatum
561 1632 736 1718 imperium
764 1640 837 1699 erat
864 1639 924 1698 aut
951 1639 1045 1698 extra
1068 1634 1216 1701 ordinem
1239 1637 1295 1702 da·

139 1749 227 1821 tum,
261 1741 319 1806 diu
341 1729 471 1808 tantum
499 1763 572 1827 pro
601 1741 767 1806 consule
796 1739 880 1824 (pro
904 1742 1092 1824 praetore)
1114 1764 1186 1809 esse
1209 1743 1296 1810 dice·

138 1855 255 1915 rentur
288 1862 350 1916 nec
377 1849 541 1916 baberent
568 1848 754 1934 proprium,
788 1869 853 1932 quo
877 1847 1141 1932 appellarentur,
1177 1872 1295 1916 nomen

139 1956 410 2038 (substantivum
444 1977 522 2023 nam
546 1957 589 2021 Μ.
613 1955 775 2020 Tullius
804 1976 874 2040 pro
903 1957 1072 2021 consule
1101 1956 1295 2039 dicebatur),

139 2065 261 2131 sensim
281 2071 393 2130 tamen
416 2084 456 2131 eo
479 2069 673 2149 perventum
696 2069 756 2143 est,
779 2070 817 2128 ut
839 2084 900 2147 pro
923 2085 989 2129 uno
1010 2065 1143 2130 nornine
1167 2065 1291 2130 dicere·
1310 2082 1382 2149 (234)

138 2179 195 2238 tur
217 2171 451 2257 proconsul,
473 2177 719 2256 propraet0r;
743 2191 793 2251 ea,
817 2192 957 2256 quorum
978 2174 1087 2237 rarior
1109 2193 1189 2237 usus
1212 2179 1294 2252 erat,

140 2280 288 2346 nondum
312 2278 479 2345 Ciceronis
501 2278 649 2361 Liviique
678 2284 775 2345 atate
798 2299 839 2343 ne
861 2279 1054 2362 quotidiano
1078 2278 1209 2362 quidem
1231 2302 1296 2346 usu

138 2394 277 2472 recepta
297 2387 414 2466 luisse,
444 2386 590 2452 ostendit
616 2407 688 2470 pro
716 2386 916 2470 magistro
944 2406 1075 2469 semper
1097 2387 1295 2472 appellatus,

140 2493 197 2576 qui
225 2494 378 2578 magistri
405 2493 475 2559 vice
502 2491 712 2575 fungeretur,
746 2500 780 2557 et
812 2493 953 2559 vitatum
987 2494 1037 2575 (ut
1063 2493 1126 2558 hoc
1154 2494 1246 2576 utar)
1276 2516 1297 2559 a

141 2600 301 2667 Cicerone
323 2602 356 2666 in
380 2599 666 2666 commemoranda
682 2600 794 2665 Verris
815 2599 850 2664 in
873 2599 988 2666 Cilicia
1010 2601 1296 2668 administratione

140 2709 311 2790 quaestorii
338 2707 483 2774 muneris
505 2707 548 2788 (V
549 2727 611 2773 err.
635 2706 651 2771 I
680 2728 706 2772 c.
732 2711 772 2772 36
796 2707 883 2793 sqq.)
906 2710 1143 2793 proquaestoris
1166 2730 1295 2775 nomen.

141 2814 380 2882 Prodictatoris
414 2814 546 2898 quidem
580 2814 759 2899 appellatio
795 2837 834 2880 ex
867 2835 933 2881 uno
969 2815 1025 2881 illo
1060 2815 1205 2895 homine,
1240 2817 1296 2898 qui

140 2922 351 2989 dictatoriam
373 2928 576 3011 potestatem
600 2929 694 2988 cxtm
716 2923 863 2988 ordinem
886 2945 926 2988 ea
949 2929 1047 2988 aetate
1070 2924 1202 3003 habuit,
1232 2943 1297 3005 qua

138 3029 287 3096 nondum
327 3031 502 3114 quisquam
542 3030 751 3114 proconsulis
789 3052 909 3096 nomen
949 3030 1204 3111 (substantivum
1236 3051 1297 3113 per

140 3157 240 3203 casus
271 3137 486 3220 declinatum)
515 3137 701 3218 audiverat,
734 3138 827 3202 nasci
863 3140 915 3202 vix
944 3139 1061 3221 potuit.
1117 3138 1235 3219 ltaque
1263 3143 1296 3202 et

139 3245 244 3310 ceteri
277 3251 312 3310 et
339 3245 452 3310 Livius
484 3245 519 3309 in
553 3245 682 3330 reliqua
716 3246 906 3311 narratione
934 3245 1073 3311 Fabium
1101 3244 1297 3310 dictatorem

138 3352 211 3431 sine
233 3348 304 3416 ulla
325 3352 488 3418 varietate
511 3353 697 3436 appellant3
731 3373 771 3418 ac
798 3374 840 3418 ne
868 3351 926 3417 illo
951 3352 1083 3437 quidem
1107 3353 1195 3432 loco,
1229 3372 1296 3436 quo

138 3457 251 3524 Livius
290 3463 473 3525 ceterorum
513 3481 657 3526 errorem
698 3461 856 3544 castigat,
896 3461 1131 3543 prodictatoris
1164 3461 1295 3526 nomine

139 3564 264 3646 utitur,
298 3566 358 3632 sed
386 3572 581 3646 creatum,
615 3568 682 3649 qui
709 3589 781 3652 pro
810 3566 1019 3633 dictatore
1048 3573 1171 3648 esset,
1205 3568 1294 3633 dicit.

138 3673 247 3756 Atque
269 3672 350 3738 mihi
371 3673 466 3738 illum
487 3672 596 3739 locum
617 3674 740 3757 legenti
762 3680 796 3739 et
818 3695 892 3738 cum
915 3676 1084 3757 superiore
1107 3677 1296 3740 narratione

138 3782 348 3864 comparanti
378 3780 655 3866 contendentique
683 3782 776 3846 illum
803 3781 882 3846 libri
912 3783 1023 3865 quarti
1051 3782 1161 3848 locum
1190 3782 1230 3864 (c.
1257 3786 1295 3846 19

140 3894 174 3952 et
197 3885 269 3968 20),
300 3907 366 3971 quo
388 3885 499 3952 Livius
522 3889 664 3970 primum
686 3889 767 3953 satis
790 3887 903 3953 multis
927 3895 960 3953 et
983 3889 1164 3972 splendidis
1186 3887 1296 3954 verbis

140 3992 249 4077 spolia
281 3993 392 4079 opima
424 4015 445 4060 a
473 3991 626 4061 Cornelio
656 3993 758 4061 Cosso
793 4001 833 4058 tr.
863 3996 1005 4061 militum
1039 4001 1137 4079 capta
1169 4002 1294 4074 narrat,

141 4121 278 4167 omnes
306 4108 400 4167 ante
428 4122 470 4167 se
493 4105 682 4168 auctores
706 4107 889 4182 secutus,
918 4103 1034 4168 deinde
1057 4109 1169 4168 autem
1191 4103 1296 4166 critici
1370 4154 1373 4158 .

139 4228 316 4292 personam
339 4209 491 4293 suscipit,
525 4209 699 4294 probabile
729 4229 768 4274 ac
796 4211 907 4293 potius
935 4216 1060 4275 certum
1082 4208 1135 4290 fit,
1169 4209 1296 4273 Livium

139 4336 246 4400 usque
269 4312 312 4380 ad
333 4312 427 4381 illum
448 4316 483 4381 in
506 4337 578 4401 cap.
603 4319 640 4382 31
665 4316 782 4397 locum,
804 4322 954 4382 secutum
977 4317 1147 4383 omnium
1168 4337 1295 4401 prope
