2994 5108
216 475 279 530 Lib.
296 473 420 529 XXXIV.
760 465 821 526 506

215 648 259 713 ad
287 655 444 713 tantum
472 669 558 713 uon.
604 645 668 712 Cfr.
692 647 734 713 ad
758 651 808 727 23,
832 652 860 712 2.
907 648 975 731 (Sic
997 651 1062 714 iarn
1084 650 1119 715 P.
1143 652 1181 716 R.
1204 649 1364 715 Miillerus

212 755 330 820 Philol.
352 757 415 822 XII
438 779 470 840 p.
495 755 596 837 59.)¹)

134 856 144 874 ⁶
298 864 377 950 Cap.
410 870 465 946 52,
499 870 518 929 5
555 863 609 944 (de
644 863 813 948 triumpho
842 865 876 929 T.
906 863 1082 945 Quinctiil:
1115 865 1267 931 Infecti
1301 886 1365 929 ar·

211 974 321 1057 genti
344 973 425 1040 fuit
448 972 585 1038 decem
608 978 649 1037 et
676 978 769 1037 octo
796 972 933 1037 millia
961 972 1091 1056 pondo
1120 979 1159 1038 et
1186 972 1365 1038 ducenta

212 1083 481 1165 septuaginta
503 1080 623 1159 facti:
653 1099 748 1143 vasa
770 1078 898 1144 multa
920 1080 1046 1145 omnis
1068 1082 1241 1162 generis,
1272 1100 1365 1145 cae·

210 1188 297 1254 lata
318 1189 536 1272 pleraque,
570 1186 747 1271 quaedam
775 1187 929 1252 eximiae
952 1189 1065 1252 artis.
1121 1189 1224 1253 Recte
1247 1186 1364 1253 Creve-

210 1298 279 1361 rius
307 1297 404 1361 nimis
433 1297 587 1378 exiguum
615 1294 696 1360 facti
725 1295 852 1377 argenti
881 1294 1011 1378 pondus
1039 1296 1176 1361 miratus
1205 1302 1270 1371 est,
1303 1297 1364 1362 mi·

210 1405 296 1469 nime
330 1402 496 1469 sufficiens
525 1403 611 1468 vasis
639 1400 752 1467 multis
784 1402 888 1467 omnis
917 1403 1062 1485 generis;
1095 1409 1228 1486 poterat
1255 1405 1363 1488 suspi-

210 1513 336 1576 cionem
370 1532 491 1594 augere
527 1510 689 1575 rotundus
717 1530 871 1574 numerus
898 1508 1056 1575 librarum
1084 1508 1197 1575 infecti
1224 1512 1364 1592 argenti,

116 1662 119 1669 ·
209 1627 281 1685 tum
303 1620 432 1683 numeri
455 1620 502 1684 sic
526 1617 743 1683 substantivis
759 1616 966 1700 interpositi,
994 1623 1033 1682 ut
1054 1624 1302 1698 concurrerent,
1332 1625 1366 1684 et

211 1725 420 1791 substantiva
447 1725 613 1810 particula
640 1732 680 1789 et
702 1724 873 1808 copulata;
907 1724 1019 1790 Livius
1049 1727 1133 1789 enim
1158 1726 1365 1810 scripsisset:

209 1832 343 1898 XVIII
366 1832 481 1898 milia
503 1833 648 1917 pondo,
681 1830 785 1897 facti
809 1829 982 1896 CCLXX.
1039 1832 1186 1916 Apparet
1207 1854 1363 1899 numeros

209 1940 450 2006 continuandos
478 1961 548 2005 esse
576 1946 610 2005 et
637 1940 738 2005 verba
766 1941 812 2004 sic
841 1939 1087 2021 distinguenda:
1122 1939 1270 2006 infecti
1287 1962 1364 2007 ar·

209 2048 319 2130 genti
357 2046 440 2112 fuit
472 2046 605 2112 XVIII
645 2048 760 2112 milia
797 2047 930 2130 pondo
964 2053 1003 2113 ct
1036 2045 1215 2127 cunali,
1256 2047 1363 2115 facti

209 2174 303 2218 rasa
335 2154 460 2220 multa
493 2156 619 2219 omnis
654 2155 816 2237 generis
850 2158 911 2219 cet.
967 2153 1064 2219 Facti
1093 2157 1221 2236 argenti
1250 2155 1363 2223 Livius

208 2262 336 2344 copiam
370 2263 556 2326 universam
591 2269 625 2327 et
656 2283 759 2344 genus
792 2260 964 2344 significat,
998 2261 1126 2344 pondus
1159 2284 1225 2328 non
1258 2266 1364 2348 ponit

208 2368 481 2450 quemadmodum
508 2371 541 2433 in
562 2369 616 2433 M.'
667 2369 763 2434 Acilii
787 2369 978 2436 Glabrionis
1005 2369 1172 2453 triumpho
1194 2370 1364 2450 XXXVII,

206 2478 257 2554 46,
281 2479 315 2538 3:
346 2496 443 2540 vasa
472 2482 669 2559 argentea
692 2476 855 2541 caelata
877 2476 1006 2542 multa
1028 2478 1242 2562 magnique
1266 2501 1364 2563 pon·

207 2580 327 2646 deris.
383 2582 446 2646 Hic
476 2583 721 2649 subsistendum
751 2591 836 2663 erat,
872 2584 899 2648 si
927 2582 1010 2648 nihil
1038 2592 1125 2651 esset
1154 2591 1250 2650 extra
1277 2586 1365 2653 Livii

205 2688 307 2753 libros
329 2688 371 2753 ad
395 2689 481 2754 hunc
503 2691 614 2756 locum
635 2692 846 2756 tractandum
869 2691 1022 2771 subsidia
1051 2713 1138 2756 nunc
1160 2692 1366 2760 Plutarchus

206 2797 238 2859 in
267 2798 335 2860 rita
364 2797 540 2861 Flaminini
569 2820 596 2862 c.
624 2804 662 2862 14
686 2820 702 2862 e
727 2798 910 2881 Sempronii
934 2798 1091 2863 Tuditani
1120 2800 1301 2866 annalibus
1331 2810 1365 2869 et

205 2905 276 2967 auri
311 2902 388 2968 facti
421 2912 453 2969 et
482 2905 731 2988 Philippeorum
762 2906 893 2970 eosdem
924 2927 1091 2990 numeros,
1126 2928 1211 2989 quos
1240 2909 1366 2985 Livius,

207 3012 300 3093 ponit
325 3009 411 3090 (auri
428 3019 538 3076 tamen
556 3011 820 3077 MMMDCCXIII
840 3034 900 3096 pro
920 3011 1207 3094 MMMDCCXIV),
1231 3021 1366 3100 argenti

205 3124 315 3182 autem
335 3127 425 3200 λίτρας
443 3129 665 3200 τετρακισμυρίας
683 3129 834 3200 τρισχιλίας
853 3127 993 3189 trauecta
1013 3125 1201 3200 ἑβδομήκοντα.
1242 3123 1366 3208 ltaque

205 3225 291 3306 apud
312 3225 439 3289 Livium
462 3249 522 3308 pro
541 3214 648 3291 XVI—II
668 3227 877 3292 scribendum
895 3213 1014 3305 ffssl,
1035 3228 1367 3314 intellegentiamque

205 3332 303 3394 etiam
328 3352 367 3394 ex
390 3332 452 3396 hoe
475 3333 562 3412 loco,
596 3336 628 3397 iu
657 3337 803 3418 antiquis
829 3334 911 3399 Livii
943 3334 1110 3399 codicibus
1132 3339 1223 3402 notis
1246 3338 1366 3406 huius·

231 3549 255 3616 ¹)
274 3548 349 3617 [Cap.
369 3554 416 3616 48,
441 3554 457 3604 5
481 3551 600 3606 fortasse
624 3569 675 3606 scr.
704 3549 823 3604 Omnia
842 3568 915 3606 cum
934 3553 1195 3621 approbatione
1214 3551 1459 3625 ingentii²

271 3640 352 3687 sunt
374 3635 506 3701 audita,
533 3641 764 3704 praeterquam
789 3652 887 3703 quum
911 3637 951 3689 ad
975 3640 1189 3692 mentionem
1209 3639 1445 3697 Nabidi-

269 3725 406 3772 ventum
437 3726 491 3773 est
520 3721 581 3788 (pro
610 3721 719 3784 esset).
762 3719 828 3787 Cap.
851 3723 898 3787 49,
926 3724 957 3784 5,
984 3722 1033 3774 ubi
1056 3723 1097 3775 sic
1122 3723 1275 3778 scribitur:
1303 3727 1379 3781 Li-

270 3804 407 3857 bertate
429 3804 563 3857 modice
585 3811 746 3869 utentum
773 3810 1001 3873 temperatam
1030 3822 1100 3859 eam
1125 3807 1306 3864 salubrem
1331 3829 1346 3866 e
1450 3838 1497 3846 <ffl—

270 3888 417 3955 singulis
437 3893 469 3941 et
488 3889 699 3942 civitatibus
718 3906 804 3954 esse,
831 3889 973 3942 nimiam
996 3893 1030 3942 et
1053 3890 1136 3943 aliis
1159 3907 1304 3960 gravem
1328 3913 1344 3949 e

269 3973 369 4039 ipsis,
395 3973 449 4039 qui
472 3973 636 4039 habeant,
661 3972 864 4027 effrenatam
884 3978 918 4028 et
934 3975 1159 4043 precipitem
1179 3993 1270 4043 esse,
1293 3996 1338 4033 ma

269 4056 323 4107 lem
351 4057 462 4110 abesset
488 4060 522 4108 et
548 4056 752 4111 effrenatam
780 4064 829 4111 aut
855 4059 1039 4112 scriberetur:
1069 4061 1212 4114 nimiam
1244 4069 1281 4116 et
1308 4053 1490 4118 οε

268 4138 438 4192 frenatam
467 4145 500 4192 et
527 4141 608 4193 aliis
638 4159 772 4209 gravem
803 4151 835 4196 et
862 4143 964 4211 ipsis,
991 4144 1047 4211 qui
1072 4144 1241 4209 habeant,
1269 4164 1437 4216 pr&¹
1477 4168 1486 4180 ·

269 4224 407 4291 cipitem
430 4241 511 4373 ειαρ.
552 4223 657 4277 Vitium
683 4227 772 4280 sensit
796 4228 880 4281 etiam
903 4227 1075 4282 Ritschelius
1095 4229 1167 4282 Mus.
1187 4229 1241 4284 Rh.
1263 4225 1479 4285 amm

268 4323 295 4372 p.
314 4309 372 4360 rra.
413 4309 485 4360 raca.
