2994 5108
690 475 751 537 68⁷
1112 489 1174 546 Lib.
1192 490 1290 547 xnlv.

233 652 311 741 Cap.
339 662 387 736 15,
414 663 444 722 1:
480 655 676 724 Claudius
717 660 822 725 nihil
856 682 1099 745 responsum¹
1135 662 1293 744 (Rhodio-

143 786 217 830 rum
251 765 369 849 legatis
403 766 543 850 superbe
564 766 787 833 Romanorum
820 776 969 834 senatum
1001 768 1045 834 ad
1070 790 1185 853 pacem
1218 791 1292 837 cum

143 872 264 940 Perseo
287 873 472 939 faciendam
493 873 717 955 hortantibus)
741 884 886 944 auctor
908 882 985 956 est;
1008 883 1165 943 tantum
1184 900 1291 945 eena-

143 986 211 1047 tus
244 981 473 1047 consultum
506 985 743 1063 recitatum,
767 1005 842 1068 quo
866 983 991 1051 Caras
1020 991 1058 1050 et
1081 985 1226 1070 Lycios
1248 987 1291 1052 li·

143 1088 263 1154 beros
293 1109 381 1154 esse
414 1089 488 1170 (nec
520 1111 645 1174 parere
660 1091 809 1173 Rhodiis)
832 1092 996 1159 iuberet
1017 1094 1194 1177 populus
1217 1095 1291 1160 Ro-

142 1217 297 1275 manus,
329 1196 582 1282 litterasque
616 1201 818 1285 extemplo
851 1201 962 1266 mitti
990 1200 1040 1266 ad
1073 1207 1286 1285 utramque
1304 1210 1379 1279 (ott)

143 1311 300 1387 gentem
329 1307 455 1371 sciret
481 1306 711 1374 indi-catum
738 1309 856 1374 mitti.
901 1308 955 1375 Sic
977 1309 1081 1374 codex
1104 1309 1191 1389 (edd.
1215 1317 1291 1375 ante

142 1412 274 1497 Kreyss.
311 1413 489 1495 scireut).
535 1414 692 1481 Extrema
731 1423 887 1501 corrupta
925 1423 983 1482 aut
1021 1417 1177 1491 lacunosa
1210 1438 1290 1500 esse,

142 1522 363 1602 consentitur3
396 1543 502 1605 neque
525 1530 635 1588 tamen
668 1524 763 1589 valde
786 1545 883 1608 grave
911 1524 1028 1591 vulnus
1056 1546 1127 1593 esse
1150 1527 1288 1594 videtur.

142 1629 315 1697 Constabit
334 1631 420 1695 enim
437 1633 608 1710 sententia,
628 1633 656 1696 si
674 1632 850 1698 scribetur:
874 1633 1125 1718 litterasque
1148 1643 1290 1702 extem·

141 1739 208 1824 plo
228 1737 277 1804 ad
294 1744 509 1823 utramque
527 1746 696 1822 gentem,
720 1745 757 1803 rt
775 1741 901 1806 sciret
917 1741 1149 1823 iudicatum,
1171 1745 1289 1810 mitti.

141 1845 285 1913 Causam
320 1846 483 1932 apopulo
507 1848 654 1913 Romano
688 1855 857 1933 tamquam
892 1849 1022 1915 domino
1057 1853 1221 1933 cognitam
1255 1859 1289 1917 et

139 1955 321 2021 iudicatam
354 1976 442 2034 esse,
478 1955 636 2021 edocendi
670 1954 770 2023 Cares
803 1964 838 2023 et
864 1957 955 2041 Lycii
988 1963 1091 2023 erant.
1138 1957 1203 2042 [Ut
1223 1961 1289 2025 iam

141 2061 321 2148 Sigonius]
617 2064 620 2081 '

227 2170 306 2256 Cap.
332 2176 379 2252 16,
402 2177 438 2236 4:
472 2170 506 2236 C.
532 2170 744 2255 Sulpicius
768 2194 821 2257 pr.
846 2194 915 2238 sex
937 2173 1068 2239 millia
1090 2180 1289 2259 togarum,
1339 2204 1346 2225 ν

138 2281 314 2364 triginta
335 2280 564 2345 tunicarum
587 2287 626 2344 et
648 2300 777 2364 equos
805 2280 1060 2365 deportanda
1092 2283 1131 2347 in
1159 2282 1290 2350 Mace·

139 2389 299 2455 doniam
330 2422 374 2433 —
405 2387 569 2454 locavit.
619 2387 728 2453 Etiam
756 2409 914 2471 equorum
941 2411 1096 2456 numerus
1118 2392 1288 2475 ponendus

139 2502 221 2563 erat.
267 2495 387 2563 Codex:
422 2497 654 2562 tunicarum
687 2516 817 2579 equos
840 2503 880 2562 et
902 2497 1172 2581 deportanda,
1200 2501 1287 2568 unde

139 2604 396 2671 Forcbhammer
418 2603 596 2671 efficiebat:
629 2605 876 2684 tunicarum,
911 2627 1037 2688 equos
1060 2604 1117 2673 CC
1146 2608 1288 2692 depor-

138 2713 273 2779 tanda
307 2714 429 2779 Verum
450 2734 515 2779 non
539 2712 800 2796 deportabantur
822 2713 1020 2780 exercitibus
1042 2717 1233 2782 necessaria
1253 2718 1288 2782 iu

138 2821 351 2905 provinciam,
387 2820 445 2887 sed
479 2820 699 2904 portabantur
733 2820 845 2901 (XXV,
871 2825 898 2900 3,
925 2826 973 2900 10,
990 2821 1074 2888 'Sall
1096 2822 1165 2908 lug.
1190 2828 1230 2888 36
1253 2830 1287 2889 et

142 2927 230 3011 104);
253 2930 366 3011 itaque
388 2930 513 2995 malim:
536 2929 764 2994 tunicarum
786 2936 827 2994 et
849 2950 977 3013 equos
996 2927 1053 2995 CC
1070 2931 1286 3014 portanda.

138 3036 181 3121 [E
203 3038 378 3122 provinciis
401 3045 435 3102 et
462 3037 591 3103 omnino
621 3036 742 3102 olocis
776 3037 960 3121 longinquis
984 3044 1017 3102 et
1045 3037 1212 3123 dissipatis
1234 3060 1286 3104 res

138 3146 171 3209 in
194 3145 309 3210 urbem
332 3153 391 3211 eut
413 3152 535 3211 certam
558 3145 683 3224 sedem,
718 3145 774 3210 ubi
802 3165 914 3210 aarum
937 3167 1016 3211 usus
1049 3153 1115 3226 est,
1144 3146 1286 3231 depor-

137 3260 338 3339 tantur-et
360 3251 610 3335 convehuntur]
654 3252 744 3318 Infra
767 3251 783 3335 ἐ
806 3257 834 3332 8,
857 3252 914 3318 ubi
937 3253 1059 3325 editur:
1083 3252 1286 3321 Censores

138 3382 297 3427 censum
326 3361 462 3443 idibus
495 3360 787 3427 Decembribus
821 3363 1006 3427 severius
1039 3382 1157 3444 quam
1190 3369 1285 3428 ante

136 3469 383 3549 habuerunt,
417 3471 449 3535 in
484 3469 595 3534 codice
627 3469 677 3533 ita
707 3468 863 3534 scribitur
897 3468 1032 3550 (omisso
1065 3469 1285 3553 censores):

135 3597 347 3643 recensum
368 3576 507 3642 idibus
531 3584 592 3642 cet.
633 3576 765 3642 Excidit
786 3577 887 3658 igitur
907 3577 1038 3643 initium
1060 3599 1190 3657 eorum,
1214 3600 1285 3662 quae

136 3683 177 3749 de
211 3704 351 3750 censura
384 3684 474 3749 dicta
506 3690 610 3764 erant,
646 3690 797 3765 senatus,
831 3685 956 3769 opinor,
977 3685 1054 3751 lecti
1087 3687 1283 3752 mentionem

135 3791 524 3875 continens,<scribique
558 3793 613 3858 sic·
637 3791 750 3858 debet:
783 3791 839 3831 **
872 3792 1040 3870 equltn
1075 3814 1283 3860 recensum

134 3929 206 3939 ...ι-

206 3999 362 4069 inopiam
380 4000 471 4054 insul
482 4018 532 4055 em
550 4000 684 4071 inopem
697 4003 779 4057 miss
780 4042 966 4057 ........
986 4002 1125 4057 ritimus
1144 4003 1285 4058 iuuetur

205 4083 421 4154 colendoque
440 4087 687 4142 commeatibus
709 4104 780 4142 cum
798 4093 851 4142 cet
887 4087 970 4143 Effici
995 4082 1118 4143 videtur:
1145 4088 1232 4146 mari
1249 4115 1284 4126 -

167 4188 172 4195 ¹
204 4169 414 4240 intercluso,
433 4172 466 4226 in
485 4189 579 4242 opem
593 4173 753 4242 insulam,
773 4173 1038 4227 nisimaritimis
1053 4173 1189 4229 iuvetur
1203 4190 1285 4229 com·

203 4256 388 4324 meatibus,
412 4257 566 4312 colentes
594 4256 778 4326 (colentis).
813 4257 931 4328 Itaque
958 4275 1031 4313 cum
1059 4265 1110 4314 cot
1152 4258 1189 4314 Et
1215 4259 1284 4313 nisi

203 4368 239 4379 -
256 4342 394 4396 iuvetur
411 4343 495 4397 etiam
514 4341 667 4412 Gitlbauer,
687 4348 784 4399 cetera
800 4344 1037 4413 improbabiliter,
1056 4362 1084 4414 p.
1102 4342 1154 4413 91.]
