2994 5108
772 439 811 500 18

214 633 325 692 autem
347 624 425 689 libri
446 644 473 688 c.
493 627 543 703 32,
566 628 586 687 4
610 644 711 705 quum
730 623 777 688 sic
794 621 905 688 Livius
930 623 1130 707 scripsisset:
1153 624 1223 689 ubi
1245 631 1284 690 et
1305 648 1369 692 va·

215 741 328 799 stare
371 732 455 818 ipsi
496 730 734 797 Samnitium
780 746 920 813 agrum
964 731 1288 814 prohiberentur
1329 740 1368 800 et

216 841 357 927 egredi
379 839 476 905 inde
499 841 538 904 in
560 846 710 924 pacata
732 840 1016 921 sociorumque
1038 841 1180 926 populi
1198 843 1368 909 Romani

215 951 323 1016 lines
352 949 568 1016 Samnitem
596 946 923 1032 prohiberent1),
952 947 1030 1027 fuit,
1059 950 1116 1041 qui
1143 949 1241 1016 alteri
1268 952 1367 1018 verbo

147 1072 199 1137 (17)
219 1057 384 1144 (egredi)
402 1079 468 1123 non
486 1057 567 1122 satis
584 1055 785 1140 respondere
802 1056 894 1139 prius
912 1054 1106 1138 (vastare)
1118 1065 1261 1140 putaret,
1278 1060 1368 1142 quod

215 1189 281 1232 non
297 1164 512 1249 intellegeret,
528 1164 611 1229 nihil
628 1165 715 1229 inter
731 1165 915 1248 ingressum
933 1164 1005 1247 agri
1021 1163 1150 1230 hostilis
1164 1172 1197 1231 et
1209 1170 1370 1234 vastatio-

215 1297 290 1340 nem
312 1275 481 1353 interesse,
510 1279 569 1339 aut
592 1273 649 1355 qui
671 1272 734 1338 hoc
756 1273 863 1356 ipsum
886 1272 1103 1338 animadverti
1127 1274 1234 1353 vellet,
1256 1276 1290 1340 in
1312 1299 1368 1342 ra·

215 1383 326 1449 standi
337 1383 437 1448 verbo
449 1381 608 1447 contineri
620 1380 717 1446 simul
729 1378 911 1444 intrandi
929 1381 1096 1445 notionem
1108 1384 1309 1449 contrariam
1320 1385 1369 1450 al-

215 1493 279 1557 teri
297 1489 540 1575 egrediendi,
562 1510 666 1571 eaque
684 1489 750 1553 sive
768 1488 928 1552 correctio
946 1488 1011 1553 sive
1023 1488 1194 1556 adnotatio
1207 1514 1309 1574 quum
1320 1495 1371 1560 sic

757 1596 920 1660 intrare

216 1707 523 1796 essetperscripta:
559 1705 629 1770 ubi
657 1710 698 1770 et
720 1709 899 1782 vastare,
933 1703 1009 1769 inde
1032 1704 1066 1768 in
1089 1705 1190 1787 Med,
1223 1707 1314 1773 Leid.
1341 1715 1369 1790 l,

216 1814 291 1880 aliis
314 1820 422 1879 ortum
445 1822 511 1880 est:
545 1814 614 1879 ubi
638 1818 678 1879 et
698 1813 858 1876 intrare
881 1819 1056 1892 vastare,
1086 1813 1204 1879 deinde
1227 1816 1260 1880 in
1284 1815 1370 1898 aliis,

215 1924 419 2007 transposita
441 1922 577 2007 copula:
602 1922 670 1986 ubi
693 1922 853 1984 intrare
877 1926 915 1984 et
936 1928 1110 1986 vastare.
1146 1920 1223 2003 (Qui
1242 1922 1368 1990 factum

216 2032 269 2111 sit,
291 2038 330 2095 ut
346 2030 419 2095 Par.
433 2037 467 2096 et
484 2031 541 2096 alii
558 2031 656 2114 pauci
673 2028 826 2094 hocloco
844 2029 963 2111 integri
984 2029 1059 2109 sint,
1082 2032 1250 2114 aperietur
1266 2033 1370 2117 paulo

216 2138 315 2223 post.)
358 2139 441 2204 Item
463 2141 792 2221 interpretamentum
810 2143 891 2215 erat,
913 2158 978 2202 non
996 2139 1169 2203 varietatis
1186 2138 1369 2223 adnotatio,

216 2247 305 2329 quod
327 2246 412 2311 libro
435 2246 482 2325 Π,
513 2251 563 2325 56,
594 2246 684 2309 taio
707 2242 809 2309 codex
832 2242 1030 2329 archetypus
1054 2248 1213 2331 scriptum
1235 2248 1369 2315 habuit:

975 2353 1369 2422 administraturum

217 2484 304 2528 eum
323 2460 517 2526 vexandis
534 2461 688 2545 prioris
706 2461 800 2525 anni
818 2460 1058 2527 consulibus
1077 2464 1368 2545 permissurum

108 2577 114 2590 “
217 2570 472 2635 tribunatum
495 2568 732 2648 credebant,
755 2590 796 2633 ex
819 2591 884 2652 quo
907 2569 941 2632 in
963 2569 1047 2634 Med.
1069 2578 1103 2635 et
1126 2571 1197 2636 cod.
1217 2572 1369 2638 Rheno-ni

216 2676 427 2745 factumest:
457 2677 748 2760 permissurum
771 2676 1155 2743 administraturum
1178 2679 1371 2745 tribuna·

217 2795 298 2852 tum
321 2785 453 2868 (deinde
477 2786 511 2849 in
534 2784 777 2864 recentissimis,
801 2784 888 2867 quod
911 2785 990 2849 ferri
1013 2784 1133 2869 duplex
1151 2787 1286 2851 verbum
1302 2811 1369 2853 non

216 2901 361 2979 poterat:
385 2892 761 2978 pertinacissimum
784 2893 1167 2958 administraturum
1185 2895 1370 2960 tribuna-

216 3010 297 3068 tum
319 2992 379 3068 aut
400 3001 771 3087 pertinacissimum
796 3000 1068 3066 admissurum
1086 3002 1369 3086 tribunatum),

216 3113 250 3176 in
272 3111 346 3176 Par.
371 3110 418 3193 (et
440 3111 531 3176 Voss.
557 3108 588 3190 1)
611 3108 676 3174 alio
701 3107 829 3173 ordine:
870 3109 1255 3175 administraturum
1278 3133 1370 3195 per-

217 3222 436 3284 missurum
453 3216 822 3297 tribunatum(unde
838 3217 1225 3282 inunorecentiortum:
1249 3219 1370 3284 admi·

217 3329 489 3391 nistraturum
515 3325 759 3408 permissum
777 3325 1047 3389 tribunatum.
1081 3324 1170 3388 Leid.
1192 3329 1218 3401 1,
1237 3326 1329 3391 Harl.
1352 3333 1366 3391 l

217 3434 377 3516 multique
394 3433 575 3498 deteriores
591 3432 654 3497 hoc
672 3434 1002 3516 interpretamentum
1018 3453 1084 3496 non
1095 3432 1242 3514 babent).
1272 3434 1371 3499 Pror-

218 3564 273 3608 sus
296 3548 406 3606 autem
429 3541 575 3607 eiusdem
593 3547 644 3606 est
663 3541 802 3624 generis,
826 3539 914 3621 quod
933 3538 967 3602 in
985 3538 1071 3603 libro
1089 3539 1128 3619 X,
1147 3546 1174 3621 (t,
1194 3546 1211 3603 3
1229 3542 1277 3606 sic
1294 3541 1370 3609 dico

1172 3648 1348 3714 deducta

218 3759 376 3841 scriptum
403 3757 580 3840 aliquando
603 3756 717 3821 fuisse:
751 3755 908 3839 plebem
937 3755 1114 3837 quietam
1141 3766 1371 3824 exonerata

216 3867 256 3930 in
280 3866 465 3931 colonias
488 3864 715 3931 multitudo
738 3863 975 3947 praestabat,
998 3863 1061 3927 nisi
1079 3863 1166 3946 quod
1188 3885 1369 3931 consensus

247 4146 269 4214 ¹)
288 4145 440 4213 Regredi
468 4152 498 4200 et
519 4145 604 4214 paulo
628 4149 692 4197 ante
716 4160 894 4212 regressos
919 4160 1013 4197 errore
1037 4148 1104 4197 nata
1127 4146 1198 4198 sunt.
1242 4141 1275 4194 In
1297 4141 1369 4211 ipsis

286 4229 414 4286 confiniis
446 4231 551 4285 Samnii
584 4235 612 4283 et
643 4228 802 4298 Campaniae
835 4226 1006 4282 Samnitibus
1036 4227 1158 4284 Romani
1188 4234 1369 4284 occurrentes

286 4316 385 4386 egredi
403 4316 468 4371 illos
487 4316 544 4371 suis
560 4315 664 4370 finibus
682 4313 880 4383 prohibebant,
898 4327 957 4367 non
973 4312 1093 4382 regredi.
