<?xml version="1.0" encoding="UTF-8"?>
<!DOCTYPE html PUBLIC "-//W3C//DTD XHTML 1.0 Transitional//EN"
    "http://www.w3.org/TR/xhtml1/DTD/xhtml1-transitional.dtd">
<html xmlns="http://www.w3.org/1999/xhtml" xml:lang="en" lang="en">
 <head>
  <title>
</title>
<meta http-equiv="Content-Type" content="text/html;charset=utf-8" />
  <meta name='ocr-system' content='tesseract 3.04.00' />
  <meta name='ocr-capabilities' content='ocr_page ocr_carea ocr_par ocr_line ocrx_word'/>
</head>
<body>
  <div class='ocr_page' id='page_1' title='image "./emendationesliv00madvgoog_0209.png"; bbox 0 0 2994 5108; ppageno 0'>
   <div class='ocr_carea' id='block_1_1' title="bbox 208 521 813 588">
    <p class='ocr_par' dir='ltr' id='par_1_1' title="bbox 208 521 813 588">
     <span class='ocr_line' id='line_1_1' title="bbox 208 521 813 588; baseline -0.005 -3"><span class='ocrx_word' id='word_1_1' title='bbox 208 533 270 588; x_wconf 86' lang='lat' dir='ltr'><strong>Lib.</strong></span> <span class='ocrx_word' id='word_1_2' title='bbox 288 532 362 587; x_wconf 76' lang='lat' dir='ltr'><strong>vni</strong></span> <span class='ocrx_word' id='word_1_3' title='bbox 503 580 505 584; x_wconf 93' lang='lat'>.</span> <span class='ocrx_word' id='word_1_4' title='bbox 750 521 813 583; x_wconf 77' lang='grc'><strong>200</strong></span> 
     </span>
    </p>
   </div>
   <div class='ocr_carea' id='block_1_2' title="bbox 124 702 1367 2744">
    <p class='ocr_par' dir='ltr' id='par_1_2' title="bbox 124 702 1367 2744">
     <span class='ocr_line' id='line_1_2' title="bbox 209 702 1358 789; baseline -0.003 -20"><span class='ocrx_word' id='word_1_5' title='bbox 209 706 297 789; x_wconf 91' lang='lat' dir='ltr'><strong>quod</strong></span> <span class='ocrx_word' id='word_1_6' title='bbox 327 705 467 771; x_wconf 87' lang='lat' dir='ltr'><strong>alterum</strong></span> <span class='ocrx_word' id='word_1_7' title='bbox 496 705 602 772; x_wconf 88' lang='lat' dir='ltr'><strong>simile</strong></span> <span class='ocrx_word' id='word_1_8' title='bbox 631 706 663 769; x_wconf 92' lang='lat' dir='ltr'><strong>in</strong></span> <span class='ocrx_word' id='word_1_9' title='bbox 691 705 776 770; x_wconf 88' lang='lat' dir='ltr'><strong>libro</strong></span> <span class='ocrx_word' id='word_1_10' title='bbox 805 706 851 770; x_wconf 92' lang='lat' dir='ltr'><strong>IX</strong></span> <span class='ocrx_word' id='word_1_11' title='bbox 881 728 908 772; x_wconf 86' lang='lat' dir='ltr'><strong>c.</strong></span> <span class='ocrx_word' id='word_1_12' title='bbox 932 711 987 786; x_wconf 82' lang='lat'><strong>39,</strong></span> <span class='ocrx_word' id='word_1_13' title='bbox 1015 711 1036 770; x_wconf 86' lang='grc'>4</span> <span class='ocrx_word' id='word_1_14' title='bbox 1063 702 1265 788; x_wconf 85' lang='lat' dir='ltr'><strong>adiungitur)</strong></span> <span class='ocrx_word' id='word_1_15' title='bbox 1294 702 1358 766; x_wconf 89' lang='lat' dir='ltr'><strong>hoc</strong></span> 
     </span>
     <span class='ocr_line' id='line_1_3' title="bbox 209 814 1358 899; baseline -0.004 -20"><span class='ocrx_word' id='word_1_16' title='bbox 209 814 326 879; x_wconf 89' lang='lat' dir='ltr'><strong>saltem</strong></span> <span class='ocrx_word' id='word_1_17' title='bbox 359 821 410 879; x_wconf 86' lang='lat' dir='ltr'><strong>est</strong></span> <span class='ocrx_word' id='word_1_18' title='bbox 445 816 537 894; x_wconf 89' lang='lat' dir='ltr'><strong>boni,</strong></span> <span class='ocrx_word' id='word_1_19' title='bbox 571 815 659 898; x_wconf 91' lang='lat' dir='ltr'><strong>quod</strong></span> <span class='ocrx_word' id='word_1_20' title='bbox 692 815 747 880; x_wconf 91' lang='lat' dir='ltr'><strong>hic</strong></span> <span class='ocrx_word' id='word_1_21' title='bbox 780 837 910 899; x_wconf 88' lang='lat' dir='ltr'><strong>quoque</strong></span> <span class='ocrx_word' id='word_1_22' title='bbox 939 816 1165 899; x_wconf 79' lang='lat' dir='ltr'>cognoscitur,</span> <span class='ocrx_word' id='word_1_23' title='bbox 1199 816 1358 896; x_wconf 88' lang='lat' dir='ltr'><strong>quantum</strong></span> 
     </span>
     <span class='ocr_line' id='line_1_4' title="bbox 209 919 1298 1007; baseline -0.003 -19"><span class='ocrx_word' id='word_1_24' title='bbox 209 925 325 989; x_wconf 87' lang='lat' dir='ltr'><strong>ceteris</strong></span> <span class='ocrx_word' id='word_1_25' title='bbox 348 924 517 989; x_wconf 79' lang='lat' dir='ltr'><strong>codicibus</strong></span> <span class='ocrx_word' id='word_1_26' title='bbox 541 923 641 988; x_wconf 86' lang='lat' dir='ltr'><strong>etiam</strong></span> <span class='ocrx_word' id='word_1_27' title='bbox 662 924 860 989; x_wconf 85' lang='lat' dir='ltr'><strong>auctoritate</strong></span> <span class='ocrx_word' id='word_1_28' title='bbox 883 925 1038 1007; x_wconf 84' lang='lat' dir='ltr'>proximis</span> <span class='ocrx_word' id='word_1_29' title='bbox 1061 922 1094 988; x_wconf 93' lang='lat' dir='ltr'>M</span> <span class='ocrx_word' id='word_1_30' title='bbox 1116 919 1298 1007; x_wconf 68' lang='lat' dir='ltr'><strong>praestet.¹)</strong></span> 
     </span>
     <span class='ocr_line' id='line_1_5' title="bbox 295 1026 1357 1116; baseline -0.008 -19"><span class='ocrx_word' id='word_1_31' title='bbox 295 1031 373 1116; x_wconf 87' lang='lat' dir='ltr'><strong>Cap.</strong></span> <span class='ocrx_word' id='word_1_32' title='bbox 403 1038 458 1112; x_wconf 75' lang='grc'><strong>21,</strong></span> <span class='ocrx_word' id='word_1_33' title='bbox 492 1038 510 1098; x_wconf 78' lang='grc'><strong>1</strong></span> <span class='ocrx_word' id='word_1_34' title='bbox 539 1033 609 1114; x_wconf 87' lang='lat' dir='ltr'><strong>(nbi</strong></span> <span class='ocrx_word' id='word_1_35' title='bbox 632 1032 806 1098; x_wconf 81' lang='lat' dir='ltr'><strong>Alexandri</strong></span> <span class='ocrx_word' id='word_1_36' title='bbox 829 1033 973 1116; x_wconf 68' lang='lat' dir='ltr'><strong>Epirotae</strong></span> <span class='ocrx_word' id='word_1_37' title='bbox 996 1033 1149 1097; x_wconf 89' lang='lat' dir='ltr'><strong>interitus</strong></span> <span class='ocrx_word' id='word_1_38' title='bbox 1171 1026 1357 1108; x_wconf 85' lang='lat' dir='ltr'><strong>narratur):</strong></span> 
     </span>
     <span class='ocr_line' id='line_1_6' title="bbox 210 1141 1358 1225; baseline -0.006 -19"><span class='ocrx_word' id='word_1_39' title='bbox 210 1142 360 1207; x_wconf 87' lang='lat' dir='ltr'><strong>Imbres</strong></span> <span class='ocrx_word' id='word_1_40' title='bbox 383 1141 565 1208; x_wconf 81' lang='lat' dir='ltr'><strong>continui</strong></span> <span class='ocrx_word' id='word_1_41' title='bbox 588 1143 739 1225; x_wconf 89' lang='lat' dir='ltr'><strong>eampis</strong></span> <span class='ocrx_word' id='word_1_42' title='bbox 763 1142 945 1207; x_wconf 92' lang='lat' dir='ltr'><strong>omnibus</strong></span> <span class='ocrx_word' id='word_1_43' title='bbox 969 1141 1217 1206; x_wconf 88' lang='lat' dir='ltr'><strong>inundantes</strong></span> <span class='ocrx_word' id='word_1_44' title='bbox 1241 1157 1358 1221; x_wconf 90' lang='lat' dir='ltr'><strong>quum</strong></span> 
     </span>
     <span class='ocr_line' id='line_1_7' title="bbox 209 1246 1360 1316; baseline -0.006 -1"><span class='ocrx_word' id='word_1_45' title='bbox 209 1252 553 1316; x_wconf 76' lang='lat' dir='ltr'><strong>interclusissent</strong></span> <span class='ocrx_word' id='word_1_46' title='bbox 597 1250 807 1316; x_wconf 87' lang='lat' dir='ltr'><strong>trifarium</strong></span> <span class='ocrx_word' id='word_1_47' title='bbox 847 1252 1072 1315; x_wconf 87' lang='lat' dir='ltr'><strong>exercitum</strong></span> <span class='ocrx_word' id='word_1_48' title='bbox 1110 1256 1172 1315; x_wconf 86' lang='lat' dir='ltr'><strong>cet.</strong></span> <span class='ocrx_word' id='word_1_49' title='bbox 1233 1246 1360 1311; x_wconf 85' lang='lat' dir='ltr'><strong>Arnum</strong></span> 
     </span>
     <span class='ocr_line' id='line_1_8' title="bbox 210 1359 1359 1442; baseline -0.004 -19"><span class='ocrx_word' id='word_1_50' title='bbox 210 1359 342 1423; x_wconf 85' lang='lat' dir='ltr'><strong>fluvium</strong></span> <span class='ocrx_word' id='word_1_51' title='bbox 370 1359 562 1439; x_wconf 87' lang='lat' dir='ltr'><strong>inundasse,</strong></span> <span class='ocrx_word' id='word_1_52' title='bbox 595 1360 658 1424; x_wconf 91' lang='lat' dir='ltr'><strong>hoc</strong></span> <span class='ocrx_word' id='word_1_53' title='bbox 686 1366 750 1437; x_wconf 86' lang='lat' dir='ltr'><strong>est,</strong></span> <span class='ocrx_word' id='word_1_54' title='bbox 784 1359 875 1442; x_wconf 84' lang='lat' dir='ltr'><strong>ripas</strong></span> <span class='ocrx_word' id='word_1_55' title='bbox 910 1365 1151 1441; x_wconf 84' lang='lat' dir='ltr'><strong>transgressum</strong></span> <span class='ocrx_word' id='word_1_56' title='bbox 1185 1363 1359 1439; x_wconf 84' lang='lat' dir='ltr'><strong>stagnasso</strong></span> 
     </span>
     <span class='ocr_line' id='line_1_9' title="bbox 209 1466 1361 1550; baseline -0.004 -19"><span class='ocrx_word' id='word_1_57' title='bbox 209 1468 469 1549; x_wconf 88' lang='lat' dir='ltr'><strong>(inundationem</strong></span> <span class='ocrx_word' id='word_1_58' title='bbox 487 1468 627 1550; x_wconf 83' lang='lat' dir='ltr'><strong>fecisse),</strong></span> <span class='ocrx_word' id='word_1_59' title='bbox 647 1468 756 1533; x_wconf 90' lang='lat' dir='ltr'><strong>Livius</strong></span> <span class='ocrx_word' id='word_1_60' title='bbox 775 1467 924 1531; x_wconf 89' lang='lat' dir='ltr'><strong>absolute</strong></span> <span class='ocrx_word' id='word_1_61' title='bbox 943 1467 1026 1531; x_wconf 83' lang='lat' dir='ltr'><strong>dixit</strong></span> <span class='ocrx_word' id='word_1_62' title='bbox 1038 1466 1141 1545; x_wconf 88' lang='lat' dir='ltr'>XXII,</span> <span class='ocrx_word' id='word_1_63' title='bbox 1159 1469 1188 1545; x_wconf 83' lang='lat'><strong>2,</strong></span> <span class='ocrx_word' id='word_1_64' title='bbox 1206 1468 1241 1543; x_wconf 75' lang='grc'>2,</span> <span class='ocrx_word' id='word_1_65' title='bbox 1259 1483 1361 1527; x_wconf 90' lang='lat' dir='ltr'><strong>eam·</strong></span> 
     </span>
     <span class='ocr_line' id='line_1_10' title="bbox 210 1569 1362 1660; baseline -0.005 -20"><span class='ocrx_word' id='word_1_66' title='bbox 210 1577 270 1660; x_wconf 90' lang='lat' dir='ltr'><strong>pis</strong></span> <span class='ocrx_word' id='word_1_67' title='bbox 292 1577 489 1641; x_wconf 89' lang='lat' dir='ltr'><strong>inundare</strong></span> <span class='ocrx_word' id='word_1_68' title='bbox 511 1599 570 1660; x_wconf 90' lang='lat' dir='ltr'><strong>pro</strong></span> <span class='ocrx_word' id='word_1_69' title='bbox 594 1599 644 1655; x_wconf 90' lang='lat' dir='ltr'><strong>eo,</strong></span> <span class='ocrx_word' id='word_1_70' title='bbox 668 1576 756 1658; x_wconf 93' lang='lat' dir='ltr'><strong>quod</strong></span> <span class='ocrx_word' id='word_1_71' title='bbox 780 1581 831 1640; x_wconf 88' lang='lat' dir='ltr'><strong>est</strong></span> <span class='ocrx_word' id='word_1_72' title='bbox 853 1596 1012 1657; x_wconf 85' lang='lat' dir='ltr'><strong>campos</strong></span> <span class='ocrx_word' id='word_1_73' title='bbox 1035 1575 1233 1639; x_wconf 91' lang='lat' dir='ltr'><strong>inundare</strong></span> <span class='ocrx_word' id='word_1_74' title='bbox 1256 1569 1362 1655; x_wconf 87' lang='lat' dir='ltr'><strong>(quod</strong></span> 
     </span>
     <span class='ocr_line' id='line_1_11' title="bbox 124 1683 1362 1775; baseline -0.006 -26"><span class='ocrx_word' id='word_1_75' title='bbox 124 1708 195 1775; x_wconf 80' lang='lat'>(170)</span> <span class='ocrx_word' id='word_1_76' title='bbox 213 1684 264 1749; x_wconf 91' lang='lat' dir='ltr'><strong>bis</strong></span> <span class='ocrx_word' id='word_1_77' title='bbox 294 1690 352 1749; x_wconf 88' lang='lat' dir='ltr'><strong>aut</strong></span> <span class='ocrx_word' id='word_1_78' title='bbox 375 1685 492 1768; x_wconf 76' lang='lat' dir='ltr'><strong>sapius</strong></span> <span class='ocrx_word' id='word_1_79' title='bbox 516 1684 603 1767; x_wconf 87' lang='lat' dir='ltr'><strong>apud</strong></span> <span class='ocrx_word' id='word_1_80' title='bbox 626 1686 733 1768; x_wconf 88' lang='lat' dir='ltr'><strong>ipsum</strong></span> <span class='ocrx_word' id='word_1_81' title='bbox 756 1683 900 1765; x_wconf 83' lang='lat' dir='ltr'><strong>legitur),</strong></span> <span class='ocrx_word' id='word_1_82' title='bbox 923 1704 987 1747; x_wconf 92' lang='lat' dir='ltr'><strong>uon</strong></span> <span class='ocrx_word' id='word_1_83' title='bbox 1010 1691 1082 1747; x_wconf 84' lang='lat' dir='ltr'><strong>erat</strong></span> <span class='ocrx_word' id='word_1_84' title='bbox 1105 1683 1269 1758; x_wconf 90' lang='lat' dir='ltr'><strong>dicturus,</strong></span> <span class='ocrx_word' id='word_1_85' title='bbox 1303 1700 1362 1743; x_wconf 87' lang='lat' dir='ltr'><strong>ne-</strong></span> 
     </span>
     <span class='ocr_line' id='line_1_12' title="bbox 210 1785 1364 1875; baseline -0.007 -18"><span class='ocrx_word' id='word_1_86' title='bbox 210 1793 286 1857; x_wconf 92' lang='lat' dir='ltr'><strong>dum</strong></span> <span class='ocrx_word' id='word_1_87' title='bbox 315 1793 435 1857; x_wconf 89' lang='lat' dir='ltr'><strong>imbros</strong></span> <span class='ocrx_word' id='word_1_88' title='bbox 458 1813 578 1874; x_wconf 86' lang='lat' dir='ltr'><strong>eosque</strong></span> <span class='ocrx_word' id='word_1_89' title='bbox 601 1793 775 1857; x_wconf 89' lang='lat' dir='ltr'><strong>continuos</strong></span> <span class='ocrx_word' id='word_1_90' title='bbox 799 1793 923 1875; x_wconf 89' lang='lat' dir='ltr'><strong>campis</strong></span> <span class='ocrx_word' id='word_1_91' title='bbox 945 1790 1105 1856; x_wconf 87' lang='lat' dir='ltr'><strong>inundare</strong></span> <span class='ocrx_word' id='word_1_92' title='bbox 1128 1790 1265 1868; x_wconf 88' lang='lat' dir='ltr'><strong>diceret,</strong></span> <span class='ocrx_word' id='word_1_93' title='bbox 1294 1785 1364 1851; x_wconf 85' lang='lat' dir='ltr'><strong>alia</strong></span> 
     </span>
     <span class='ocr_line' id='line_1_13' title="bbox 210 1895 1364 1985; baseline -0.003 -21"><span class='ocrx_word' id='word_1_94' title='bbox 210 1900 324 1966; x_wconf 86' lang='lat' dir='ltr'><strong>addita</strong></span> <span class='ocrx_word' id='word_1_95' title='bbox 342 1903 514 1985; x_wconf 83' lang='lat' dir='ltr'><strong>pravitate,</strong></span> <span class='ocrx_word' id='word_1_96' title='bbox 538 1901 632 1983; x_wconf 88' lang='lat' dir='ltr'><strong>quasi</strong></span> <span class='ocrx_word' id='word_1_97' title='bbox 651 1901 777 1966; x_wconf 89' lang='lat' dir='ltr'><strong>scribas</strong></span> <span class='ocrx_word' id='word_1_98' title='bbox 797 1900 1004 1965; x_wconf 82' lang='lat' dir='ltr'><strong>Germanice:</strong></span> <span class='ocrx_word' id='word_1_99' title='bbox 1029 1899 1081 1962; x_wconf 92' lang='lat' dir='ltr'><strong>die</strong></span> <span class='ocrx_word' id='word_1_100' title='bbox 1098 1895 1364 1963; x_wconf 74' lang='lat' dir='ltr'><strong>fcrtwahrenden</strong></span> 
     </span>
     <span class='ocr_line' id='line_1_14' title="bbox 210 2004 1363 2092; baseline -0.005 -18"><span class='ocrx_word' id='word_1_101' title='bbox 210 2009 461 2092; x_wconf 84' lang='lat' dir='ltr'><strong>Regenscbauer</strong></span> <span class='ocrx_word' id='word_1_102' title='bbox 484 2009 598 2074; x_wconf 89' lang='lat' dir='ltr'><strong>stehcn</strong></span> <span class='ocrx_word' id='word_1_103' title='bbox 621 2010 680 2073; x_wconf 90' lang='lat' dir='ltr'><strong>auf</strong></span> <span class='ocrx_word' id='word_1_104' title='bbox 700 2009 762 2073; x_wconf 90' lang='lat' dir='ltr'><strong>den</strong></span> <span class='ocrx_word' id='word_1_105' title='bbox 784 2009 939 2087; x_wconf 81' lang='lat' dir='ltr'><strong>Faldern3</strong></span> <span class='ocrx_word' id='word_1_106' title='bbox 968 2030 1043 2072; x_wconf 89' lang='lat' dir='ltr'><strong>nam</strong></span> <span class='ocrx_word' id='word_1_107' title='bbox 1072 2007 1193 2073; x_wconf 87' lang='lat' dir='ltr'><strong>imbres</strong></span> <span class='ocrx_word' id='word_1_108' title='bbox 1223 2006 1257 2071; x_wconf 92' lang='lat' dir='ltr'><strong>in</strong></span> <span class='ocrx_word' id='word_1_109' title='bbox 1280 2004 1363 2069; x_wconf 85' lang='lat' dir='ltr'><strong>caelo</strong></span> 
     </span>
     <span class='ocr_line' id='line_1_15' title="bbox 210 2113 1365 2201; baseline -0.004 -19"><span class='ocrx_word' id='word_1_110' title='bbox 210 2115 245 2182; x_wconf 84' lang='lat' dir='ltr'><strong>et&#39;</strong></span> <span class='ocrx_word' id='word_1_111' title='bbox 265 2125 339 2182; x_wconf 68' lang='lat' dir='ltr'><strong>aere</strong></span> <span class='ocrx_word' id='word_1_112' title='bbox 362 2126 446 2197; x_wconf 91' lang='lat' dir='ltr'><strong>sunt,</strong></span> <span class='ocrx_word' id='word_1_113' title='bbox 468 2119 501 2181; x_wconf 94' lang='lat' dir='ltr'><strong>iu</strong></span> <span class='ocrx_word' id='word_1_114' title='bbox 519 2119 642 2201; x_wconf 88' lang='lat' dir='ltr'><strong>campis</strong></span> <span class='ocrx_word' id='word_1_115' title='bbox 665 2139 768 2201; x_wconf 81' lang='lat' dir='ltr'><strong>aqum.</strong></span> <span class='ocrx_word' id='word_1_116' title='bbox 800 2115 990 2199; x_wconf 81' lang='lat' dir='ltr'><strong>Corrigendi</strong></span> <span class='ocrx_word' id='word_1_117' title='bbox 1008 2115 1116 2180; x_wconf 90' lang='lat' dir='ltr'><strong>mendi</strong></span> <span class='ocrx_word' id='word_1_118' title='bbox 1134 2116 1219 2179; x_wconf 85' lang='lat' dir='ltr'><strong>viam</strong></span> <span class='ocrx_word' id='word_1_119' title='bbox 1236 2113 1309 2178; x_wconf 89' lang='lat' dir='ltr'><strong>cod.</strong></span> <span class='ocrx_word' id='word_1_120' title='bbox 1328 2113 1365 2177; x_wconf 88' lang='lat' dir='ltr'>M</span> 
     </span>
     <span class='ocr_line' id='line_1_16' title="bbox 210 2222 1365 2307; baseline -0.003 -18"><span class='ocrx_word' id='word_1_121' title='bbox 210 2226 369 2306; x_wconf 79' lang='lat' dir='ltr'><strong>ostendit,</strong></span> <span class='ocrx_word' id='word_1_122' title='bbox 402 2227 435 2290; x_wconf 91' lang='lat' dir='ltr'><strong>in</strong></span> <span class='ocrx_word' id='word_1_123' title='bbox 466 2247 530 2307; x_wconf 87' lang='lat' dir='ltr'><strong>quo</strong></span> <span class='ocrx_word' id='word_1_124' title='bbox 559 2232 609 2290; x_wconf 88' lang='lat' dir='ltr'><strong>eat</strong></span> <span class='ocrx_word' id='word_1_125' title='bbox 637 2226 866 2290; x_wconf 89' lang='lat' dir='ltr'><strong>inundates.</strong></span> <span class='ocrx_word' id='word_1_126' title='bbox 923 2224 1029 2289; x_wconf 87' lang='lat' dir='ltr'><strong>Scribi</strong></span> <span class='ocrx_word' id='word_1_127' title='bbox 1058 2224 1171 2289; x_wconf 84' lang='lat' dir='ltr'><strong>debet:</strong></span> <span class='ocrx_word' id='word_1_128' title='bbox 1206 2222 1365 2305; x_wconf 88' lang='lat' dir='ltr'><strong>eampis</strong></span> 
     </span>
     <span class='ocr_line' id='line_1_17' title="bbox 211 2330 1341 2415; baseline -0.003 -18"><span class='ocrx_word' id='word_1_129' title='bbox 211 2333 396 2399; x_wconf 89' lang='lat' dir='ltr'><strong>omnibus</strong></span> <span class='ocrx_word' id='word_1_130' title='bbox 419 2333 640 2398; x_wconf 76' lang='lat' dir='ltr'><strong>inundatis,</strong></span> <span class='ocrx_word' id='word_1_131' title='bbox 685 2333 793 2415; x_wconf 77' lang='lat' dir='ltr'><strong>(Agri</strong></span> <span class='ocrx_word' id='word_1_132' title='bbox 816 2333 1005 2398; x_wconf 85' lang='lat' dir='ltr'><strong>inundati</strong></span> <span class='ocrx_word' id='word_1_133' title='bbox 1028 2332 1158 2411; x_wconf 85' lang='lat' dir='ltr'>XXXV,</span> <span class='ocrx_word' id='word_1_134' title='bbox 1183 2335 1233 2410; x_wconf 87' lang='grc'><strong>21,</strong></span> <span class='ocrx_word' id='word_1_135' title='bbox 1258 2330 1341 2412; x_wconf 80' lang='lat'>6.)²)</span> 
     </span>
     <span class='ocr_line' id='line_1_18' title="bbox 297 2439 1365 2525; baseline -0.001 -21"><span class='ocrx_word' id='word_1_136' title='bbox 297 2439 374 2524; x_wconf 85' lang='lat' dir='ltr'><strong>Cap.</strong></span> <span class='ocrx_word' id='word_1_137' title='bbox 399 2447 453 2521; x_wconf 78' lang='grc'>25,</span> <span class='ocrx_word' id='word_1_138' title='bbox 484 2449 501 2508; x_wconf 86' lang='grc'>5</span> <span class='ocrx_word' id='word_1_139' title='bbox 525 2443 565 2507; x_wconf 91' lang='lat' dir='ltr'><strong>de</strong></span> <span class='ocrx_word' id='word_1_140' title='bbox 589 2442 832 2525; x_wconf 86' lang='lat' dir='ltr'><strong>Pnlaepolitauis</strong></span> <span class='ocrx_word' id='word_1_141' title='bbox 856 2448 889 2506; x_wconf 90' lang='lat' dir='ltr'><strong>et</strong></span> <span class='ocrx_word' id='word_1_142' title='bbox 911 2441 1146 2525; x_wconf 83' lang='lat' dir='ltr'><strong>Neapolitanis,</strong></span> <span class='ocrx_word' id='word_1_143' title='bbox 1176 2440 1300 2525; x_wconf 89' lang='lat' dir='ltr'><strong>quibus</strong></span> <span class='ocrx_word' id='word_1_144' title='bbox 1324 2439 1365 2517; x_wconf 85' lang='lat' dir='ltr'><strong>Q.</strong></span> 
     </span>
     <span class='ocr_line' id='line_1_19' title="bbox 215 2548 1365 2630; baseline 0.002 -20"><span class='ocrx_word' id='word_1_145' title='bbox 215 2548 372 2614; x_wconf 85' lang='lat' dir='ltr'><strong>Publilius</strong></span> <span class='ocrx_word' id='word_1_146' title='bbox 402 2551 620 2616; x_wconf 87' lang='lat' dir='ltr'><strong>diremerat</strong></span> <span class='ocrx_word' id='word_1_147' title='bbox 648 2552 889 2617; x_wconf 86' lang='lat' dir='ltr'><strong>societatem</strong></span> <span class='ocrx_word' id='word_1_148' title='bbox 918 2551 1046 2615; x_wconf 91' lang='lat' dir='ltr'><strong>mutui</strong></span> <span class='ocrx_word' id='word_1_149' title='bbox 1070 2548 1219 2614; x_wconf 83' lang='lat' dir='ltr'><strong>auxilii</strong></span> <span class='ocrx_word' id='word_1_150' title='bbox 1243 2548 1285 2630; x_wconf 82' lang='lat' dir='ltr'><strong>(c.</strong></span> <span class='ocrx_word' id='word_1_151' title='bbox 1310 2552 1365 2627; x_wconf 86' lang='grc'>23,</span> 
     </span>
     <span class='ocr_line' id='line_1_20' title="bbox 216 2656 1367 2744; baseline 0.003 -25"><span class='ocrx_word' id='word_1_152' title='bbox 216 2656 282 2738; x_wconf 87' lang='grc'>10),</span> <span class='ocrx_word' id='word_1_153' title='bbox 316 2660 362 2723; x_wconf 89' lang='lat' dir='ltr'><strong>sie</strong></span> <span class='ocrx_word' id='word_1_154' title='bbox 391 2660 557 2724; x_wconf 86' lang='lat' dir='ltr'><strong>scribitur:</strong></span> <span class='ocrx_word' id='word_1_155' title='bbox 598 2660 852 2744; x_wconf 82' lang='lat' dir='ltr'><strong>Intersaeptis</strong></span> <span class='ocrx_word' id='word_1_156' title='bbox 881 2661 1142 2724; x_wconf 89' lang='lat' dir='ltr'><strong>munimentis</strong></span> <span class='ocrx_word' id='word_1_157' title='bbox 1181 2658 1367 2723; x_wconf 87' lang='lat' dir='ltr'><strong>hostium</strong></span> 
     </span>
    </p>
   </div>
   <div class='ocr_carea' id='block_1_3' title="bbox 212 2832 440 2841">
    <p class='ocr_par' dir='ltr' id='par_1_3' title="bbox 212 2832 440 2841">
     <span class='ocr_line' id='line_1_21' title="bbox 212 2832 440 2841; baseline 0.013 -3"><span class='ocrx_word' id='word_1_158' title='bbox 212 2832 440 2841; x_wconf 70' lang='lat'><em>-———--.</em></span> 
     </span>
    </p>
   </div>
   <div class='ocr_carea' id='block_1_4' title="bbox 241 2930 1370 4283">
    <p class='ocr_par' dir='ltr' id='par_1_4' title="bbox 242 2930 1367 3756">
     <span class='ocr_line' id='line_1_22' title="bbox 242 2930 1364 3001; baseline 0.001 -17"><span class='ocrx_word' id='word_1_159' title='bbox 242 2931 264 2997; x_wconf 82' lang='lat'><strong>¹)</strong></span> <span class='ocrx_word' id='word_1_160' title='bbox 283 2932 389 2984; x_wconf 82' lang='lat' dir='ltr'><strong>Eodem</strong></span> <span class='ocrx_word' id='word_1_161' title='bbox 419 2951 478 3001; x_wconf 86' lang='lat' dir='ltr'><strong>esp.</strong></span> <span class='ocrx_word' id='word_1_162' title='bbox 507 2932 522 2999; x_wconf 67' lang='grc' dir='ltr'>β</span> <span class='ocrx_word' id='word_1_163' title='bbox 552 2936 583 2984; x_wconf 81' lang='grc'><strong>15</strong></span> <span class='ocrx_word' id='word_1_164' title='bbox 609 2934 811 2986; x_wconf 82' lang='lat' dir='ltr'><strong>restituendum</strong></span> <span class='ocrx_word' id='word_1_165' title='bbox 839 2933 1010 2997; x_wconf 85' lang='lat' dir='ltr'><strong>necessarie,</strong></span> <span class='ocrx_word' id='word_1_166' title='bbox 1039 2931 1114 3000; x_wconf 86' lang='lat' dir='ltr'><strong>quod</strong></span> <span class='ocrx_word' id='word_1_167' title='bbox 1140 2949 1228 2999; x_wconf 89' lang='lat' dir='ltr'><strong>usque</strong></span> <span class='ocrx_word' id='word_1_168' title='bbox 1256 2930 1294 2984; x_wconf 80' lang='lat' dir='ltr'><strong>sd</strong></span> <span class='ocrx_word' id='word_1_169' title='bbox 1313 2932 1364 2985; x_wconf 83' lang='lat' dir='ltr'><strong>Al·</strong></span> 
     </span>
     <span class='ocr_line' id='line_1_23' title="bbox 281 3017 1366 3086; baseline 0.001 -15"><span class='ocrx_word' id='word_1_170' title='bbox 281 3018 450 3071; x_wconf 85' lang='lat' dir='ltr'><strong>sebefskiurn</strong></span> <span class='ocrx_word' id='word_1_171' title='bbox 473 3019 578 3072; x_wconf 88' lang='lat' dir='ltr'><strong>editum</strong></span> <span class='ocrx_word' id='word_1_172' title='bbox 597 3023 640 3071; x_wconf 89' lang='lat' dir='ltr'><strong>est</strong></span> <span class='ocrx_word' id='word_1_173' title='bbox 657 3018 896 3084; x_wconf 72' lang='lat' dir='ltr'><strong>(continuantibus</strong></span> <span class='ocrx_word' id='word_1_174' title='bbox 915 3018 988 3079; x_wconf 87' lang='lat' dir='ltr'><strong>Plll,</strong></span> <span class='ocrx_word' id='word_1_175' title='bbox 1007 3018 1193 3071; x_wconf 84' lang='lat' dir='ltr'><strong>deterioribus</strong></span> <span class='ocrx_word' id='word_1_176' title='bbox 1212 3017 1366 3086; x_wconf 80' lang='lat' dir='ltr'><strong>plerisque)</strong></span> 
     </span>
     <span class='ocr_line' id='line_1_24' title="bbox 281 3103 1366 3172; baseline 0.003 -18"><span class='ocrx_word' id='word_1_177' title='bbox 281 3103 445 3172; x_wconf 87' lang='lat' dir='ltr'><strong>scriptum</strong></span> <span class='ocrx_word' id='word_1_178' title='bbox 475 3122 563 3168; x_wconf 88' lang='lat' dir='ltr'><strong>esse,</strong></span> <span class='ocrx_word' id='word_1_179' title='bbox 590 3121 640 3171; x_wconf 89' lang='lat' dir='ltr'><strong>pro</strong></span> <span class='ocrx_word' id='word_1_180' title='bbox 669 3122 724 3172; x_wconf 86' lang='lat' dir='ltr'><strong>quo</strong></span> <span class='ocrx_word' id='word_1_181' title='bbox 751 3123 825 3157; x_wconf 92' lang='lat' dir='ltr'><strong>nunc</strong></span> <span class='ocrx_word' id='word_1_182' title='bbox 848 3104 940 3156; x_wconf 85' lang='lat' dir='ltr'><strong>editur</strong></span> <span class='ocrx_word' id='word_1_183' title='bbox 963 3104 1127 3171; x_wconf 88' lang='lat' dir='ltr'><strong>seriptum</strong></span> <span class='ocrx_word' id='word_1_184' title='bbox 1153 3108 1246 3156; x_wconf 85' lang='lat' dir='ltr'><strong>osset</strong></span> <span class='ocrx_word' id='word_1_185' title='bbox 1270 3103 1366 3170; x_wconf 83' lang='lat' dir='ltr'><strong>(MLl,</strong></span> 
     </span>
     <span class='ocr_line' id='line_1_25' title="bbox 282 3187 1365 3258; baseline 0.002 -17"><span class='ocrx_word' id='word_1_186' title='bbox 282 3188 349 3241; x_wconf 73' lang='grc' dir='ltr'><strong>[ιον.</strong></span> <span class='ocrx_word' id='word_1_187' title='bbox 368 3191 397 3253; x_wconf 87' lang='grc'>2,</span> <span class='ocrx_word' id='word_1_188' title='bbox 420 3193 448 3255; x_wconf 81' lang='grc'>4,</span> <span class='ocrx_word' id='word_1_189' title='bbox 473 3188 569 3258; x_wconf 80' lang='lat' dir='ltr'><strong>fragm.</strong></span> <span class='ocrx_word' id='word_1_190' title='bbox 588 3189 724 3254; x_wconf 65' lang='lat' dir='ltr'><strong>Haerere).</strong></span> <span class='ocrx_word' id='word_1_191' title='bbox 770 3189 836 3241; x_wconf 87' lang='lat' dir='ltr'><strong>Tria</strong></span> <span class='ocrx_word' id='word_1_192' title='bbox 862 3189 967 3242; x_wconf 89' lang='lat' dir='ltr'><strong>tribuni</strong></span> <span class='ocrx_word' id='word_1_193' title='bbox 994 3189 1029 3242; x_wconf 89' lang='lat' dir='ltr'><strong>ad</strong></span> <span class='ocrx_word' id='word_1_194' title='bbox 1057 3206 1194 3258; x_wconf 80' lang='lat' dir='ltr'><strong>augurum</strong></span> <span class='ocrx_word' id='word_1_195' title='bbox 1217 3187 1365 3243; x_wconf 86' lang='lat' dir='ltr'><strong>decretum</strong></span> 
     </span>
     <span class='ocr_line' id='line_1_26' title="bbox 282 3272 1364 3342; baseline 0.003 -18"><span class='ocrx_word' id='word_1_196' title='bbox 282 3274 310 3325; x_wconf 92' lang='lat' dir='ltr'><strong>in</strong></span> <span class='ocrx_word' id='word_1_197' title='bbox 335 3274 521 3342; x_wconf 83' lang='lat' dir='ltr'><strong>suspicionem</strong></span> <span class='ocrx_word' id='word_1_198' title='bbox 544 3280 573 3327; x_wconf 89' lang='lat' dir='ltr'><strong>et</strong></span> <span class='ocrx_word' id='word_1_199' title='bbox 597 3275 702 3328; x_wconf 85' lang='lat' dir='ltr'><strong>crimen</strong></span> <span class='ocrx_word' id='word_1_200' title='bbox 720 3274 874 3327; x_wconf 85' lang='lat' dir='ltr'><strong>vocandum</strong></span> <span class='ocrx_word' id='word_1_201' title='bbox 896 3274 1062 3340; x_wconf 81' lang='lat' dir='ltr'><strong>afferebant,</strong></span> <span class='ocrx_word' id='word_1_202' title='bbox 1091 3272 1166 3341; x_wconf 91' lang='lat' dir='ltr'><strong>quod</strong></span> <span class='ocrx_word' id='word_1_203' title='bbox 1185 3291 1236 3342; x_wconf 91' lang='lat' dir='ltr'><strong>per</strong></span> <span class='ocrx_word' id='word_1_204' title='bbox 1253 3292 1285 3327; x_wconf 85' lang='lat' dir='ltr'><strong>se</strong></span> <span class='ocrx_word' id='word_1_205' title='bbox 1303 3292 1364 3327; x_wconf 90' lang='lat' dir='ltr'><strong>om·</strong></span> 
     </span>
     <span class='ocr_line' id='line_1_27' title="bbox 282 3359 1366 3427; baseline 0.006 -18"><span class='ocrx_word' id='word_1_206' title='bbox 282 3359 347 3410; x_wconf 90' lang='lat' dir='ltr'><strong>nino</strong></span> <span class='ocrx_word' id='word_1_207' title='bbox 366 3359 479 3411; x_wconf 80' lang='lat' dir='ltr'><strong>difficile</strong></span> <span class='ocrx_word' id='word_1_208' title='bbox 496 3359 594 3412; x_wconf 86' lang='lat' dir='ltr'><strong>fuisset</strong></span> <span class='ocrx_word' id='word_1_209' title='bbox 613 3360 709 3412; x_wconf 86' lang='lat' dir='ltr'><strong>vitium</strong></span> <span class='ocrx_word' id='word_1_210' title='bbox 727 3359 886 3412; x_wconf 86' lang='lat' dir='ltr'><strong>huiusmodi</strong></span> <span class='ocrx_word' id='word_1_211' title='bbox 905 3360 996 3426; x_wconf 89' lang='lat' dir='ltr'><strong>nosci,</strong></span> <span class='ocrx_word' id='word_1_212' title='bbox 1021 3361 1096 3427; x_wconf 91' lang='lat' dir='ltr'><strong>quod</strong></span> <span class='ocrx_word' id='word_1_213' title='bbox 1120 3359 1219 3412; x_wconf 89' lang='lat' dir='ltr'><strong>consul</strong></span> <span class='ocrx_word' id='word_1_214' title='bbox 1238 3360 1311 3413; x_wconf 90' lang='lat' dir='ltr'><strong>nihil</strong></span> <span class='ocrx_word' id='word_1_215' title='bbox 1330 3360 1366 3415; x_wconf 87' lang='lat' dir='ltr'><strong>de</strong></span> 
     </span>
     <span class='ocr_line' id='line_1_28' title="bbox 282 3444 1365 3515; baseline 0.006 -21"><span class='ocrx_word' id='word_1_216' title='bbox 282 3461 315 3494; x_wconf 84' lang='lat' dir='ltr'><strong>en</strong></span> <span class='ocrx_word' id='word_1_217' title='bbox 332 3461 362 3496; x_wconf 90' lang='lat' dir='ltr'><strong>re</strong></span> <span class='ocrx_word' id='word_1_218' title='bbox 381 3445 550 3513; x_wconf 86' lang='lat' dir='ltr'><strong>scripsisset,</strong></span> <span class='ocrx_word' id='word_1_219' title='bbox 578 3446 654 3513; x_wconf 88' lang='lat' dir='ltr'><strong>quod</strong></span> <span class='ocrx_word' id='word_1_220' title='bbox 672 3463 753 3497; x_wconf 86' lang='lat' dir='ltr'><strong>nemo</strong></span> <span class='ocrx_word' id='word_1_221' title='bbox 773 3447 842 3499; x_wconf 89' lang='lat' dir='ltr'><strong>alius</strong></span> <span class='ocrx_word' id='word_1_222' title='bbox 861 3446 942 3499; x_wconf 89' lang='lat' dir='ltr'><strong>testis</strong></span> <span class='ocrx_word' id='word_1_223' title='bbox 961 3451 1043 3498; x_wconf 87' lang='lat' dir='ltr'><strong>esset.</strong></span> <span class='ocrx_word' id='word_1_224' title='bbox 1089 3444 1193 3498; x_wconf 88' lang='lat' dir='ltr'><strong>Nesci</strong></span> <span class='ocrx_word' id='word_1_225' title='bbox 1217 3446 1254 3499; x_wconf 87' lang='lat' dir='ltr'><strong>ad</strong></span> <span class='ocrx_word' id='word_1_226' title='bbox 1274 3447 1365 3515; x_wconf 80' lang='lat' dir='ltr'><strong>ipsam</strong></span> 
     </span>
     <span class='ocr_line' id='line_1_29' title="bbox 282 3529 1367 3600; baseline 0.007 -21"><span class='ocrx_word' id='word_1_227' title='bbox 282 3529 310 3580; x_wconf 91' lang='lat' dir='ltr'><strong>in</strong></span> <span class='ocrx_word' id='word_1_228' title='bbox 335 3530 508 3583; x_wconf 85' lang='lat' dir='ltr'><strong>observando</strong></span> <span class='ocrx_word' id='word_1_229' title='bbox 533 3530 800 3583; x_wconf 85' lang='lat' dir='ltr'><strong>animadversionem</strong></span> <span class='ocrx_word' id='word_1_230' title='bbox 824 3532 959 3599; x_wconf 85' lang='lat' dir='ltr'><strong>pertinet,</strong></span> <span class='ocrx_word' id='word_1_231' title='bbox 987 3549 1043 3584; x_wconf 91' lang='lat' dir='ltr'><strong>non</strong></span> <span class='ocrx_word' id='word_1_232' title='bbox 1066 3530 1102 3583; x_wconf 87' lang='lat' dir='ltr'><strong>ad</strong></span> <span class='ocrx_word' id='word_1_233' title='bbox 1126 3548 1185 3584; x_wconf 89' lang='lat' dir='ltr'><strong>rem</strong></span> <span class='ocrx_word' id='word_1_234' title='bbox 1210 3533 1367 3600; x_wconf 80' lang='lat' dir='ltr'><strong>auguribus</strong></span> 
     </span>
     <span class='ocr_line' id='line_1_30' title="bbox 283 3614 1366 3687; baseline 0.007 -22"><span class='ocrx_word' id='word_1_235' title='bbox 283 3614 446 3680; x_wconf 75' lang='lat' dir='ltr'><strong>indicatam,</strong></span> <span class='ocrx_word' id='word_1_236' title='bbox 479 3615 602 3682; x_wconf 83' lang='lat' dir='ltr'><strong>alioquin</strong></span> <span class='ocrx_word' id='word_1_237' title='bbox 630 3616 808 3669; x_wconf 88' lang='lat' dir='ltr'><strong>scribendum</strong></span> <span class='ocrx_word' id='word_1_238' title='bbox 835 3616 934 3669; x_wconf 87' lang='lat' dir='ltr'><strong>fuisset</strong></span> <span class='ocrx_word' id='word_1_239' title='bbox 960 3616 1057 3668; x_wconf 87' lang='lat' dir='ltr'><strong>etiam:</strong></span> <span class='ocrx_word' id='word_1_240' title='bbox 1090 3632 1151 3669; x_wconf 88' lang='lat' dir='ltr'><strong>nec</strong></span> <span class='ocrx_word' id='word_1_241' title='bbox 1181 3617 1366 3687; x_wconf 84' lang='lat' dir='ltr'><strong>quisquam</strong></span> 
     </span>
     <span class='ocr_line' id='line_1_31' title="bbox 282 3700 720 3756; baseline 0.005 -6"><span class='ocrx_word' id='word_1_242' title='bbox 282 3700 479 3752; x_wconf 88' lang='lat' dir='ltr'><strong>mortalium</strong></span> <span class='ocrx_word' id='word_1_243' title='bbox 498 3706 652 3753; x_wconf 83' lang='lat' dir='ltr'><strong>exstaret</strong></span> <span class='ocrx_word' id='word_1_244' title='bbox 669 3707 720 3756; x_wconf 91' lang='lat' dir='ltr'><strong>cet.</strong></span> 
     </span>
    </p>

    <p class='ocr_par' dir='ltr' id='par_1_5' title="bbox 241 3784 1370 4283">
     <span class='ocr_line' id='line_1_32' title="bbox 241 3784 1366 3854; baseline 0.006 -18"><span class='ocrx_word' id='word_1_245' title='bbox 241 3785 266 3849; x_wconf 86' lang='lat'><strong>²)</strong></span> <span class='ocrx_word' id='word_1_246' title='bbox 285 3784 391 3837; x_wconf 76' lang='lat' dir='ltr'><strong>Eodem</strong></span> <span class='ocrx_word' id='word_1_247' title='bbox 410 3786 503 3853; x_wconf 69' lang='lat' dir='ltr'><strong>(sapite</strong></span> <span class='ocrx_word' id='word_1_248' title='bbox 521 3785 536 3853; x_wconf 63' lang='grc' dir='ltr'><strong>ξ</strong></span> <span class='ocrx_word' id='word_1_249' title='bbox 555 3788 579 3849; x_wconf 80' lang='grc'>4,</span> <span class='ocrx_word' id='word_1_250' title='bbox 598 3786 646 3838; x_wconf 88' lang='lat' dir='ltr'><strong>ubi</strong></span> <span class='ocrx_word' id='word_1_251' title='bbox 664 3786 767 3839; x_wconf 89' lang='lat' dir='ltr'><strong>oditur:</strong></span> <span class='ocrx_word' id='word_1_252' title='bbox 796 3804 892 3854; x_wconf 89' lang='lat' dir='ltr'><strong>quum</strong></span> <span class='ocrx_word' id='word_1_253' title='bbox 912 3803 998 3854; x_wconf 77' lang='lat' dir='ltr'><strong>sape</strong></span> <span class='ocrx_word' id='word_1_254' title='bbox 1016 3786 1174 3840; x_wconf 83' lang='lat' dir='ltr'><strong>Bruttias</strong></span> <span class='ocrx_word' id='word_1_255' title='bbox 1192 3787 1366 3843; x_wconf 82' lang='lat' dir='ltr'><strong>Lucanas·</strong></span> 
     </span>
     <span class='ocr_line' id='line_1_33' title="bbox 283 3866 1366 3938; baseline 0.006 -16"><span class='ocrx_word' id='word_1_256' title='bbox 283 3888 344 3937; x_wconf 81' lang='lat' dir='ltr'><strong>quc</strong></span> <span class='ocrx_word' id='word_1_257' title='bbox 367 3871 527 3938; x_wconf 82' lang='lat' dir='ltr'><strong>legiones</strong></span> <span class='ocrx_word' id='word_1_258' title='bbox 550 3870 709 3936; x_wconf 86' lang='lat' dir='ltr'><strong>fudisset,</strong></span> <span class='ocrx_word' id='word_1_259' title='bbox 737 3866 948 3938; x_wconf 68' lang='lat' dir='ltr'><strong>Heracleam}</strong></span> <span class='ocrx_word' id='word_1_260' title='bbox 976 3871 1247 3926; x_wconf 84' lang='lat' dir='ltr'><strong>Tarentinorum</strong></span> <span class='ocrx_word' id='word_1_261' title='bbox 1269 3875 1366 3929; x_wconf 88' lang='lat' dir='ltr'><strong>colo·</strong></span> 
     </span>
     <span class='ocr_line' id='line_1_34' title="bbox 283 3955 1368 4031; baseline 0.006 -22"><span class='ocrx_word' id='word_1_262' title='bbox 283 3957 383 4021; x_wconf 86' lang='lat' dir='ltr'><strong>niam,</strong></span> <span class='ocrx_word' id='word_1_263' title='bbox 408 3955 626 4009; x_wconf 83' lang='lat' dir='ltr'><strong>Consentiam</strong></span> <span class='ocrx_word' id='word_1_264' title='bbox 651 3958 713 4023; x_wconf 86' lang='lat' dir='ltr'><strong>(hoe</strong></span> <span class='ocrx_word' id='word_1_265' title='bbox 738 3975 791 4011; x_wconf 88' lang='lat' dir='ltr'><strong>om.</strong></span> <span class='ocrx_word' id='word_1_266' title='bbox 811 3957 850 4024; x_wconf 76' lang='lat' dir='ltr'><strong>M)</strong></span> <span class='ocrx_word' id='word_1_267' title='bbox 876 3976 913 4011; x_wconf 86' lang='lat' dir='ltr'><strong>ex</strong></span> <span class='ocrx_word' id='word_1_268' title='bbox 936 3957 1082 4011; x_wconf 84' lang='lat' dir='ltr'><strong>Lucanis</strong></span> <span class='ocrx_word' id='word_1_269' title='bbox 1106 3956 1368 4031; x_wconf 82' lang='lat' dir='ltr'><strong>Sipontumque,</strong></span> 
     </span>
     <span class='ocr_line' id='line_1_35' title="bbox 283 4041 1367 4109; baseline 0.007 -16"><span class='ocrx_word' id='word_1_270' title='bbox 283 4042 500 4094; x_wconf 88' lang='lat' dir='ltr'><strong>Bruttiorum</strong></span> <span class='ocrx_word' id='word_1_271' title='bbox 522 4041 680 4096; x_wconf 87' lang='lat' dir='ltr'><strong>Terinam</strong></span> <span class='ocrx_word' id='word_1_272' title='bbox 702 4043 742 4108; x_wconf 84' lang='lat' dir='ltr'><strong>(M</strong></span> <span class='ocrx_word' id='word_1_273' title='bbox 764 4043 998 4109; x_wconf 86' lang='lat' dir='ltr'><strong>Aerentinam,</strong></span> <span class='ocrx_word' id='word_1_274' title='bbox 1029 4042 1136 4096; x_wconf 86' lang='lat' dir='ltr'><strong>PLllll</strong></span> <span class='ocrx_word' id='word_1_275' title='bbox 1160 4042 1260 4097; x_wconf 67' lang='lat' dir='ltr'><strong>Klock,</strong></span> <span class='ocrx_word' id='word_1_276' title='bbox 1280 4046 1367 4101; x_wconf 80' lang='lat' dir='ltr'><strong>Aca·</strong></span> 
     </span>
     <span class='ocr_line' id='line_1_36' title="bbox 285 4125 1369 4197; baseline 0.008 -18"><span class='ocrx_word' id='word_1_277' title='bbox 285 4127 389 4191; x_wconf 83' lang='lat' dir='ltr'><strong>riam),</strong></span> <span class='ocrx_word' id='word_1_278' title='bbox 417 4125 588 4179; x_wconf 82' lang='lat' dir='ltr'><strong>confusionis</strong></span> <span class='ocrx_word' id='word_1_279' title='bbox 616 4127 721 4194; x_wconf 87' lang='lat' dir='ltr'><strong>aliquid</strong></span> <span class='ocrx_word' id='word_1_280' title='bbox 749 4145 808 4180; x_wconf 90' lang='lat' dir='ltr'><strong>esse</strong></span> <span class='ocrx_word' id='word_1_281' title='bbox 829 4129 858 4182; x_wconf 93' lang='lat' dir='ltr'><strong>in</strong></span> <span class='ocrx_word' id='word_1_282' title='bbox 880 4128 1040 4182; x_wconf 90' lang='lat' dir='ltr'><strong>nominibus</strong></span> <span class='ocrx_word' id='word_1_283' title='bbox 1063 4134 1195 4197; x_wconf 78' lang='lat' dir='ltr'><strong>apparct5</strong></span> <span class='ocrx_word' id='word_1_284' title='bbox 1222 4133 1369 4188; x_wconf 78' lang='lat' dir='ltr'><strong>correctio</strong></span> 
     </span>
     <span class='ocr_line' id='line_1_37' title="bbox 284 4209 1370 4283; baseline 0.008 -19"><span class='ocrx_word' id='word_1_285' title='bbox 284 4212 393 4264; x_wconf 82' lang='lat' dir='ltr'><strong>incerta</strong></span> <span class='ocrx_word' id='word_1_286' title='bbox 420 4215 474 4274; x_wconf 76' lang='lat' dir='ltr'><strong>est,</strong></span> <span class='ocrx_word' id='word_1_287' title='bbox 506 4209 624 4263; x_wconf 82' lang='lat' dir='ltr'><strong>sortasse</strong></span> <span class='ocrx_word' id='word_1_288' title='bbox 651 4213 841 4266; x_wconf 88' lang='lat' dir='ltr'><strong>scribendum:</strong></span> <span class='ocrx_word' id='word_1_289' title='bbox 873 4212 1092 4280; x_wconf 86' lang='lat' dir='ltr'><strong>Heracleam,</strong></span> <span class='ocrx_word' id='word_1_290' title='bbox 1120 4212 1193 4267; x_wconf 86' lang='lat' dir='ltr'><strong>Tar.</strong></span> <span class='ocrx_word' id='word_1_291' title='bbox 1221 4215 1300 4283; x_wconf 76' lang='lat' dir='ltr'><strong>eol,</strong></span> <span class='ocrx_word' id='word_1_292' title='bbox 1328 4233 1370 4273; x_wconf 83' lang='lat' dir='ltr'><strong>ex</strong></span> 
     </span>
    </p>
   </div>
   <div class='ocr_carea' id='block_1_5' title="bbox 284 4293 1371 4451">
    <p class='ocr_par' dir='ltr' id='par_1_6' title="bbox 284 4293 1371 4451">
     <span class='ocr_line' id='line_1_38' title="bbox 284 4293 1371 4367; baseline 0.012 -19"><span class='ocrx_word' id='word_1_293' title='bbox 284 4295 432 4349; x_wconf 85' lang='lat' dir='ltr'><strong>Lucanis</strong></span> <span class='ocrx_word' id='word_1_294' title='bbox 469 4293 785 4367; x_wconf 85' lang='lat' dir='ltr'><strong>Metapontumque,</strong></span> <span class='ocrx_word' id='word_1_295' title='bbox 821 4298 1040 4354; x_wconf 86' lang='lat' dir='ltr'><strong>Consentiam</strong></span> <span class='ocrx_word' id='word_1_296' title='bbox 1073 4299 1293 4358; x_wconf 85' lang='lat' dir='ltr'><strong>Bruttiorum</strong></span> <span class='ocrx_word' id='word_1_297' title='bbox 1330 4320 1371 4363; x_wconf 72' lang='lat' dir='ltr'><strong>co</strong></span> 
     </span>
     <span class='ocr_line' id='line_1_39' title="bbox 285 4378 586 4451; baseline -0.013 -15"><span class='ocrx_word' id='word_1_298' title='bbox 285 4379 453 4436; x_wconf 82' lang='lat' dir='ltr'><strong>Terinam.</strong></span> <span class='ocrx_word' id='word_1_299' title='bbox 491 4378 586 4451; x_wconf 76' lang='lat'>(1861.)</span> 
     </span>
    </p>
   </div>
   <div class='ocr_carea' id='block_1_6' title="bbox 0 0 1517 5108">
    <p class='ocr_par' dir='ltr' id='par_1_7' title="bbox 0 0 1517 5108">
     <span class='ocr_line' id='line_1_40' title="bbox 0 0 1517 5108; baseline 0 0"><span class='ocrx_word' id='word_1_300' title='bbox 0 0 1517 5108; x_wconf 95' lang='lat' dir='ltr'><strong> </strong></span> 
     </span>
    </p>
   </div>
  </div>
 </body>
</html>
