2994 5108
757 451 821 514 254

212 639 357 705 editione
384 638 466 703 lien.
493 641 631 702 11498
660 638 748 722 typis
774 636 908 721 vulgata
934 643 1026 718 sunt,
1060 638 1224 722 scriptura
1250 638 1285 704 in
1311 638 1365 704 Li·

211 744 781 831 11111111ρί11111811111111111.
837 745 888 810 Ea
919 746 1087 830 copulatio
1113 753 1212 830 atque
1241 748 1366 815 codicis

212 856 378 941 Spirensis
400 860 435 921 et
457 853 607 920 Rhenani
629 854 881 920 adnotationum
903 853 1023 920 oblivio
1046 853 1169 936 effecit,
1201 863 1240 921 ut
1260 857 1364 924 Weis-

212 965 409 1033 senbornius
441 969 548 1029 totum
576 962 664 1028 huno
691 962 801 1028 locum
830 963 1005 1029 damnaret
1030 969 1190 1046 tanquam
1212 965 1256 1031 ab
1278 965 1364 1035 Italo

211 1075 323 1159 aliquo
351 1072 593 1138 renascentium
620 1071 807 1136 litterarum
835 1077 985 1155 tempore
1008 1073 1224 1157 compositum
1247 1096 1366 1160 meque

210 1185 245 1249 in
267 1182 407 1248 eandem
429 1181 617 1265 opinionem
639 1179 862 1267 pertraheret,
889 1201 931 1245 ne
955 1180 1035 1264 quid
1057 1181 1183 1247 scilicet
1204 1182 1365 1266 obstaret,

211 1313 276 1376 quo
305 1291 412 1356 minus
440 1290 541 1355 etiam
570 1290 604 1353 in
632 1289 684 1354 his
707 1291 853 1375 quinque
875 1289 1116 1375 posterioribus
1137 1289 1231 1358 libris
1253 1315 1367 1361 omnes

211 1400 343 1466 codices
376 1420 395 1464 e
427 1397 454 1461 P
488 1398 553 1463 orti
585 1397 827 1478 iudicarentur,
867 1418 968 1481 quam
1006 1399 1225 1482 suspicionem
1258 1408 1365 1469 totam

210 1511 338 1595 primus
368 1507 639 1590 Heerwagenius,
673 1512 831 1572 renovata
859 1505 983 1572 codicis
1005 1505 1170 1591 Spirensis
1196 1514 1366 1594 memoria,

213 1619 339 1685 evertit.
384 1615 574 1699 Eademque
603 1613 771 1681 damnatio
794 1616 895 1680 etiam
917 1616 960 1680 ad
982 1614 1122 1681 alterum
1143 1616 1220 1682 libri
1241 1618 1365 1686 XXVII

209 1727 333 1805 locum,
368 1725 424 1808 qui
454 1745 591 1808 prorsus
618 1725 747 1807 integer
774 1724 808 1786 in
830 1723 853 1788 S
875 1724 1142 1808 perscribebatur
1164 1724 1216 1808 (ut
1238 1749 1256 1792 e
1278 1728 1363 1795 Rhe·

210 1836 288 1901 uani
312 1832 581 1899 adnotationibus
604 1831 819 1916 intellegitur)
842 1839 877 1897 et
893 1853 911 1897 e
927 1833 1095 1899 codicibus
1111 1834 1187 1900 inde
1206 1834 1363 1904 derivatis

209 1945 244 2010 in
268 1943 430 2009 editiones
452 1940 558 2020 venit,
584 1939 750 2006 translata
772 1947 831 2020 est,
861 1961 900 2005 eo
923 1943 1065 2025 pravius,
1094 1943 1191 2026 quod,
1220 1967 1295 2030 quae
1316 1947 1363 2013 ihi

211 2054 250 2119 de
280 2072 359 2134 agro
384 2049 550 2133 Campano
577 2048 688 2114 locato
716 2054 750 2113 11
771 2047 813 2113 de
836 2050 1061 2115 coniuratione
1084 2048 1204 2135 Capuae
1225 2052 1362 2123 Blossiis

210 2160 414 2248 principibus
447 2157 539 2223 facta
566 2158 732 2241 leguntur,
765 2158 886 2222 nemini
920 2159 953 2222 in
986 2166 1129 2224 mentem
1162 2163 1273 2230 venire
1305 2188 1361 2252 po·

209 2276 298 2337 terat
330 2268 463 2351 fingere.
521 2265 596 2348 (Illa
629 2266 761 2348 quidem
790 2265 830 2331 de
859 2286 938 2348 agro
962 2264 1129 2351 Campano
1158 2290 1184 2334 c.
1210 2275 1244 2353 3,
1282 2280 1361 2343 lue

209 2378 357 2459 intellegi
386 2375 518 2461 quidem
546 2380 716 2459 poterant,
745 2380 922 2456 antequam
945 2397 966 2441 a
988 2375 1146 2442 Rhenano
1176 2400 1216 2444 ex
1243 2382 1317 2466 ipso
1339 2383 1361 2451 S

210 2486 401 2554 emendatus
422 2483 514 2548 locus
536 2481 645 2565 est.)¹)

295 2595 370 2660 Sine
399 2591 467 2657 ulla
494 2592 595 2675 igitur
624 2590 830 2656 dubitatione
858 2591 1005 2658 codicem
1027 2592 1213 2678 Spirensem
1240 2619 1302 2683 per
1330 2620 1365 2665 se

208 2705 376 2769 Puteaneo
400 2700 560 2784 dignitate
584 2705 617 2764 et
640 2701 838 2765 auctoritate
862 2701 1072 2784 aequabimns,
1096 2702 1250 2770 utilitatis
1268 2707 1364 2792 longe

209 2815 316 2878 minus
339 2810 434 2876 nobis
457 2808 591 2893 praebet.
643 2807 785 2874 Tantum
808 2811 893 2874 enim
917 2810 957 2874 de
980 2833 1018 2876 eo
1042 2812 1172 2891 scimea,
1202 2821 1365 2898 quantum

209 2922 385 2988 Rhenanus
409 2918 588 2995 adnotavit,
612 2916 674 2982 hoc
697 2924 755 2996 est,
778 2917 881 2982 multo
905 2921 1062 3002 pauciora
1080 2941 1178 3004 quam
1196 2922 1364 2991 vellemus.

206 3031 250 3095 Et
272 3029 374 3112 quod,
409 3027 565 3111 quoniam
593 3027 659 3090 iam
688 3027 806 3110 saepius
835 3026 967 3092 codices
996 3028 1156 3112 quosdam
1178 3030 1255 3096 inde
1278 3030 1365 3098 deri·

206 3146 300 3205 vatos
335 3159 406 3203 esse
440 3134 620 3218 significavi
649 3133 752 3219 (quod
786 3135 837 3200 vel
865 3142 1002 3218 recepta
1031 3138 1065 3200 in
1094 3136 1255 3205 editiones
1284 3148 1364 3207 ante

207 3247 399 3312 Rhenanam
421 3265 499 3309 vera
521 3244 749 3328 supplementa
772 3243 959 3325 ostendunt,
989 3246 1050 3310 etsi
1073 3251 1206 3329 poterat
1229 3250 1364 3334 supple·

206 3362 351 3420 mentum
382 3376 398 3417 e
430 3351 451 3417 S
480 3352 673 3417 transscribi
707 3352 741 3416 in
775 3352 921 3417 codicem
950 3374 968 3418 e
995 3353 1020 3416 P
1049 3356 1187 3436 ortum),
1221 3355 1364 3424 11111111

234 3568 258 3633 ¹)
278 3567 439 3622 Constituta
456 3570 512 3622 iam
530 3566 692 3622 codicnmP
708 3572 736 3621 et
751 3566 770 3620 S
785 3567 902 3636 originis
920 3567 1093 3637 diversitate,
1110 3572 1170 3624 veri
1188 3571 1364 3630 simillimum

273 3652 318 3719 fit,
344 3654 596 3722 transpositionem
624 3669 699 3720 eam,
727 3668 788 3720 quea
816 3653 845 3706 in
866 3653 888 3706 P
912 3652 988 3708 facta
1014 3659 1057 3709 est
1083 3655 1112 3709 in
1136 3661 1262 3712 extremo
1285 3659 1363 3715 libro

272 3736 381 3791 XXVII
406 3743 435 3791 et
456 3739 537 3792 initio
560 3739 608 3791 lib.
626 3737 720 3792 XXIX
742 3755 862 3807 quaeqne
883 3739 950 3794 inde
969 3740 1029 3795 sine
1048 3741 1134 3795 dubio
1153 3741 1190 3795 ad
1207 3743 1364 3814 plerosque

272 3824 385 3878 codices
404 3830 563 3894 propagata
580 3828 632 3893 est,
655 3824 717 3891 etsi,
741 3825 788 3892 qui
806 3824 999 3892 contulerunt,
1016 3831 1175 3895 mouerunt,
1194 3829 1272 3896 quod
1290 3830 1364 3885 nihil

272 3909 381 3978 deerat,
406 3910 451 3976 (-
470 3915 512 3964 est
534 3911 564 3963 in
581 3910 782 3978 Bambergensi
800 3927 889 3980 nuper
907 3911 1018 3979 collato,
1037 3912 1245 3983 vestigiumque
1263 3918 1363 3985 tenue,

273 3995 321 4048 sed
340 3997 447 4048 eertum
466 3994 687 4063 deprehenditur
705 3995 735 4049 in
751 3995 795 4063 111,
818 4012 881 4064 quae
900 3996 936 4050 ad
949 3997 1052 4065 XXIX,
1076 4003 1099 4065 1,
1122 4001 1156 4053 24
1171 3998 1207 4053 de
1220 4001 1362 4057 vocabulo

274 4079 353 4133 inde
375 4079 405 4133 in
429 4080 595 4147 quibusdam
620 4079 764 4133 codicibus
787 4085 901 4150 reperto
926 4083 1109 4151 adnotantur,
1127 4083 1172 4152 -l
1191 4101 1251 4140 non
1269 4088 1360 4157 perti·

272 4165 367 4218 nuisse
386 4163 422 4217 ad
442 4163 470 4231 S,
489 4165 523 4218 de
542 4182 596 4233 quo
613 4164 766 4220 Rhenanus
783 4171 868 4235 tacet,
887 4173 935 4221 aut
951 4170 1019 4224 inde
1037 4174 1122 4223 ortos.
1162 4170 1245 4238 Quod
1262 4177 1363 4229 tamen

271 4250 487 4319 Heerwagenius
497 4250 622 4304 Hartelio
640 4255 712 4304 teste
729 4251 759 4305 in
776 4268 825 4306 sex
839 4254 984 4309 codicibus
993 4254 1263 4312 vindobonensihus
1278 4264 1362 4316 recto

272 4335 369 4392 audine
387 4335 445 4405 legi
463 4335 560 4404 tradit,
579 4336 707 4390 nonnihil
723 4338 818 4391 miror.
