2994 5108
648 473 709 535 359
1088 484 1151 540 Lib.
1169 483 1256 540 XXV.

96 657 251 724 Graccho
274 664 423 724 struente
445 658 478 722 in
502 657 613 722 codice
635 657 661 722 P
684 659 732 722 sic
754 657 920 735 scribitur,
948 658 1077 738 ceteris,
1106 664 1144 723 ut
1167 659 1255 740 quis·

96 788 166 852 qne
189 767 322 832 minime
345 773 520 850 corruptus
544 773 604 845 est,
628 768 775 850 proxime
799 765 1048 832 accedentibus:
1081 765 1256 831 Deducit

97 874 250 957 (Flavus)
284 875 458 941 Poenum
496 876 536 939 in
576 875 707 939 locum
747 877 892 958 paucis
925 874 1150 941 Gracchum
1185 877 1255 940 ad·

96 983 469 1065 ducturumamago
492 982 551 1046 ibi
574 983 738 1067 pedites
762 985 1008 1067 equitesque
1031 994 1256 1051 armareset

96 1112 246 1174 capere
275 1112 344 1156 eas
372 1090 544 1156 latebrae
574 1092 642 1157 ubi
672 1092 878 1174 ingentem
908 1114 1112 1158 numerum
1142 1115 1256 1161 occu·

99 1199 217 1265 leret.
272 1199 310 1264 ln
344 1198 463 1264 horum
497 1199 671 1264 verborum
703 1200 810 1283 prima
842 1207 938 1284 parte
971 1223 1036 1265 non
1064 1203 1257 1269 mutandum

96 1328 177 1373 cum
206 1307 371 1373 Gronovio
400 1309 439 1371 in
467 1308 613 1386 locum,
647 1308 705 1372 sed
734 1306 1004 1391 intellegendum,
1038 1309 1091 1374 hic
1114 1331 1255 1396 quoque,

100 1421 137 1481 nt
158 1436 247 1499 saepe
269 1415 304 1480 in
326 1414 376 1480 his
398 1415 509 1494 libris,
538 1415 670 1481 litteras
698 1417 827 1499 aliquot
854 1417 896 1481 ob
926 1417 1174 1484 similitudinem
1201 1443 1256 1486 ex·

96 1523 235 1604 cidisse3
259 1522 468 1589 scribendum
492 1529 540 1587 est
564 1525 664 1588 enim:
695 1525 734 1588 in
756 1524 990 1605 locumque
1013 1545 1090 1587 ru
1114 1530 1255 1610 paucis

97 1631 327 1699 Gracchum
362 1630 629 1698 adducturum
662 1634 729 1697 ait.
787 1632 984 1714 (Gronovius
1018 1634 1080 1698 ait
1113 1633 1255 1700 ductu-

101 1761 194 1820 rum,
217 1739 373 1823 neglecto
396 1759 423 1817 a,
451 1740 538 1823 quod
562 1741 596 1805 in
619 1740 730 1806 codice
754 1747 831 1806 ante
854 1742 966 1824 Mago
991 1741 1169 1824 scribitur.)
1214 1744 1252 1808 ln
1270 1750 1343 1821 (294)

101 1848 237 1932 reliquis
276 1868 384 1931 neque
418 1846 586 1913 Gronovio'
620 1870 727 1933 neque
761 1849 1026 1915 Weissenbornio
1066 1851 1257 1916 coniectura

100 1956 242 2031 feliciter
275 1957 451 2034 successit,
486 1956 549 2020 nisi
583 1956 671 2039 quod
694 1957 876 2023 Gronovius
904 1964 992 2022 recte
1015 1958 1256 2039 animaduertit,

99 2064 284 2130 orationem
318 2064 361 2128 ab
390 2062 519 2129 infinita
546 2064 654 2130 forma
681 2067 825 2130 transire
854 2067 887 2130 in
917 2067 1159 2131 coniunctivum
1186 2068 1256 2134 eius

101 2173 246 2257 generis,
279 2192 343 2255 quo
372 2172 516 2237 iubentis
545 2174 652 2238 oratio
681 2174 814 2259 oblique
843 2175 992 2239 refertur.
1048 2175 1119 2240 Hoc
1147 2179 1256 2260 posito

99 2280 278 2373 tenendum
312 2280 428 2344 deinde
463 2287 528 2359 est,
562 2282 688 2346 iussum
721 2304 794 2347 esse
822 2282 995 2366 Magonem
1028 2304 1094 2347 non
1128 2283 1258 2368 pedites

101 2389 296 2474 equitesque
319 2408 449 2452 armare
473 2388 582 2470 (quasi
605 2410 697 2453 arma
720 2411 786 2454 non
809 2389 978 2471 habeant),
1008 2412 1114 2474 neque
1138 2413 1257 2477 capere

98 2496 249 2563 latebras
277 2496 406 2579 aliquas
430 2497 605 2576 eiusmodi,
640 2496 697 2561 ubi
726 2519 879 2579 magnum
909 2521 1079 2564 numerum
1108 2501 1256 2567 occulere

99 2611 216 2690 posset
248 2604 420 2688 (utendum
460 2605 545 2669 enim
586 2612 657 2670 erat
698 2605 835 2671 latebris
870 2607 940 2671 eius
974 2608 1052 2687 loci,
1093 2609 1125 2672 in
1160 2629 1256 2690 quem

100 2712 221 2779 Flavus
245 2712 431 2778 Gracchum
459 2713 679 2777 adducturum
708 2736 742 2779 se
772 2712 928 2796 dixerat),
958 2715 1016 2780 sed
1045 2721 1175 2780 tantum
1198 2718 1257 2780 mi-

98 2820 177 2888 lites
210 2821 276 2885 illia
303 2821 442 2886 latebris
472 2821 637 2900 occulere,
672 2822 785 2905 itaque
819 2822 890 2887 haec
925 2823 1064 2887 efficitur
1097 2824 1257 2888 orationis

95 2930 222 2996 forma:
257 2930 370 3012 Mago
405 2929 462 2992 ibi
496 2928 658 3014 pedites
693 2931 932 3012 equitesque
967 2966 1010 2975 —
1037 2929 1255 2994 occuleret.

92 3038 316 3104 Accusativns
344 3038 447 3121 igitur
474 3037 529 3101 ille
557 3038 760 3118 ingentem
788 3060 990 3102 numerum
1014 3037 1078 3101 alio
1102 3039 1256 3121 pertinet.

95 3144 155 3212 Sic
189 3144 361 3228 perficitur
393 3147 494 3212 totius
528 3146 591 3210 loci
626 3144 695 3209 haec
724 3147 924 3211 emendatio:
960 3146 1074 3229 Mago
1103 3144 1160 3209 ibi
1191 3167 1257 3228 pe·

86 3236 210 3322 dites
237 3254 478 3338 equitesque
507 3259 685 3318 armatos
714 3254 766 3334 (et
795 3275 941 3337 capere
971 3275 1041 3318 eas
1071 3252 1256 3318 latebras

90 3365 305 3445 ingentem
345 3361 561 3444 numerum)
607 3363 831 3441 occuleret,
873 3362 934 3426 hoc
973 3368 1024 3427 est
1056 3368 1148 3427 recta
1183 3383 1257 3426 ora·

84 3473 208 3538 tione:
247 3469 312 3550 Tu,
345 3471 457 3554 Mago,
491 3471 545 3536 hic
573 3471 702 3554 pedites
730 3472 924 3554 equitesque
954 3477 1099 3536 armatos
1129 3471 1176 3552 (et
1203 3492 1257 3535 ca·

89 3581 198 3665 piant
230 3577 281 3643 ha
314 3578 450 3644 latebrae
484 3581 649 3661 ingentem
677 3577 861 3660 numerum)
902 3579 1026 3644 occule.
1082 3580 1257 3662 Aptissima

80 3686 242 3772 ingentis
269 3688 397 3752 numeri
420 3688 556 3765 mentio,
590 3707 663 3770 quae
691 3687 725 3750 in
753 3687 826 3770 ipso
856 3693 1021 3769 praecepto
1049 3686 1258 3752 incommoda

81 3802 167 3875 est,
201 3797 237 3860 in
270 3795 500 3878 interpositam
533 3797 732 3859 sententiam
767 3796 814 3858 sic
847 3794 1043 3873 includitur,
1077 3800 1115 3858 ut
1148 3800 1257 3858 osten-

81 3903 216 3983 datur,
261 3903 368 3967 locum
412 3902 629 3967 multitudinis
670 3902 711 3966 ad
750 3923 819 3966 rem
858 3900 1090 3985 perficiendam
1130 3900 1257 3965 idoneae

79 4032 259 4096 capacem
289 4031 372 4076 esse.
429 4010 584 4074 Armati
618 4010 805 4075 occultandi
841 4031 912 4074 esse
941 4009 1062 4073 milites
1092 4008 1256 4086 dicuntur,

72 4127 136 4187 lit
159 4118 294 4198 XXVII,
324 4121 375 4198 48,
406 4122 424 4183 3
447 4120 599 4183 instructi
622 4119 806 4202 armatique
828 4119 964 4183 venisse.
1014 4117 1088 4181 Non
1111 4115 1257 4180 animad-

72 4243 196 4294 *ersa
228 4226 435 4311 parenthesi,
470 4227 620 4291 additum
655 4233 706 4291 est
738 4226 823 4304 ubi,
856 4232 894 4291 ut
921 4224 1099 4289 referretur
1127 4223 1169 4287 ad
1200 4224 1256 4286 ibi
1329 4288 1332 4294 ,

69 4330 195 4401 initio
224 4336 378 4418 positum.
431 4335 552 4414 Quum,
583 4334 720 4399 confusa
747 4335 835 4398 omni
863 4333 927 4397 loci
949 4333 1070 4412 forma,
1099 4331 1257 4415 scriptum
