2994 5108
194 500 259 556 Lib.
277 499 312 554 11.
755 487 795 547 72

196 673 349 752 vertisse3
384 670 442 737 sed
470 671 558 754 quod
588 671 807 736 secundum
836 691 1032 754 quosnam
1060 673 1194 752 scribit,
1228 672 1262 738 in
1289 670 1357 739 hac

196 781 398 866 pronominis
428 779 647 862 geminatione
676 800 804 863 semper
832 779 948 846 eadem
976 779 1083 847 forma
1109 787 1251 867 utroque
1279 781 1357 848 loco

196 891 332 974 ponitur
355 888 460 971 (quis
483 908 605 970 quem,
629 892 720 954 uter
742 894 874 953 utrum
891 888 1137 971 fraudaritl)
1154 889 1356 974 minimeque

197 998 304 1063 altero
337 997 410 1062 loco
446 995 576 1080 gravior
609 1001 642 1061 et
676 995 804 1080 plenior
837 996 915 1080 poni
948 1002 1072 1081 potest,
1106 997 1203 1080 quasi
1235 998 1352 1081 magis,

197 1116 280 1189 quos
304 1105 420 1183 secuti,
444 1126 543 1186 quam
566 1104 623 1188 qui
642 1104 748 1169 secuti
767 1104 843 1184 sint,
866 1111 993 1188 agatur.
1029 1105 1356 1190 ScripseratLivins:

198 1215 265 1296 qui
289 1211 484 1279 consules
508 1211 730 1277 secundum
753 1232 869 1294 quos;
897 1234 963 1277 non
985 1213 1223 1295 animadverso,
1251 1214 1355 1280 inter·

197 1322 381 1405 rogativum
404 1340 485 1398 esse,
515 1318 686 1385 substituit
709 1319 828 1402 aliquis
852 1320 1061 1403 quosdam,
1090 1327 1233 1402 secutus,
1263 1322 1355 1406 quod

198 1435 355 1513 quattuor
377 1427 524 1493 versibus
547 1434 624 1493 ante
646 1428 776 1511 legitur,
800 1428 906 1512 apud
928 1429 1132 1512 quosdam.
1188 1429 1254 1512 [Ita
1276 1428 1357 1496 Cre-

197 1537 307 1603 verius
330 1535 547 1619 dubitanter]

284 1643 363 1728 (lap.
388 1647 438 1724 23,
462 1649 498 1708 7:
543 1644 628 1710 Non
656 1645 734 1709 iam
763 1643 853 1710 foro
877 1666 916 1711 se
939 1645 1141 1711 tumultus
1164 1647 1355 1727 sustinet,

198 1753 267 1820 sed
306 1753 455 1837 passim
493 1758 621 1818 totam
659 1751 797 1818 urbem
830 1754 1038 1836 pervadit.
1101 1753 1155 1820 Sic
1188 1760 1264 1838 post
1296 1754 1353 1820 Al·

197 1862 395 1929 schefskinm
429 1860 582 1925 Hertzins
621 1860 725 1926 edidit
758 1860 887 1927 codices
922 1868 956 1926 et
984 1863 1125 1946 optimos
1154 1861 1291 1945 (MPLl)
1319 1869 1357 1928 et

198 1971 379 2036 deteriores
408 1990 560 2052 sequens,
593 1969 671 2034 olim
701 1968 861 2034 edebatur
885 1961 1092 2050 continet,
1126 1971 1215 2053 quod
1244 1972 1279 2036 in
1300 1970 1351 2036 Hl

129 2095 182 2164 (59)
201 2100 274 2146 asse
297 2077 432 2157 dieitur,
460 2077 630 2161 tenuitque
652 2077 950 2157 Weissenbornius,
981 2099 1081 2160 quum
1102 2085 1193 2144 recte
1216 2078 1357 2145 sentiret

196 2208 367 2271 uunquam
407 2186 609 2250 sustineri
648 2185 808 2269 aliquid
842 2185 915 2267 (aut
948 2207 988 2252 se
1022 2186 1245 2269 sustinere)
1277 2187 1352 2254 loco

198 2302 257 2362 aut
290 2293 410 2364 finibus
444 2292 525 2375 dici3
558 2294 720 2359 tumultus
755 2295 937 2359 sustinetur
973 2293 1015 2359 ab
1044 2315 1098 2376 eo,
1132 2296 1189 2377 qni
1223 2297 1254 2361 ei
1286 2317 1353 2360 non

198 2403 295 2471 cedit.
353 2402 418 2468 Sed
446 2423 493 2467 us
523 2407 632 2467 ortum
661 2409 712 2467 est
734 2423 773 2467 ex
797 2409 945 2468 extrema
968 2401 1096 2487 syllaba
1118 2403 1207 2469 vocis
1229 2425 1354 2488 praece·

197 2513 315 2591 dentis,
344 2532 444 2594 quum
465 2510 577 2574 Livius
600 2510 799 2594 scripsisset:
835 2531 878 2575 se
900 2511 1101 2577 tumultus
1124 2516 1250 2578 tenet.
1302 2511 1355 2578 Si·

196 2620 333 2686 millimo
357 2638 469 2685 errore
490 2616 547 2682 lib.
565 2617 665 2698 XXV,
689 2623 718 2698 4,
743 2622 761 2681 6
785 2639 824 2683 ex
847 2619 927 2703 ipsi
951 2619 1206 2684 sustulerint
1227 2619 1355 2686 factum

198 2750 269 2794 esse
291 2728 424 2811 ipsius
448 2726 714 2806 sustulerint,
744 2726 898 2792 Dnlrerus
920 2727 1010 2793 vidit.
1066 2727 1218 2794 Proximo
1242 2730 1355 2813 capite

198 2836 215 2921 ᾖ
239 2842 256 2901 5
280 2839 350 2920 ipse
374 2857 505 2919 qnoque
527 2855 614 2898 nunc
637 2835 670 2899 in
694 2856 767 2900 eam
783 2835 904 2899 inclino
924 2841 1064 2919 partem,
1087 2857 1187 2918 quam
1197 2837 1356 2903 Hertzius

197 2952 329 3011 secutus
347 2951 407 3022 est,
431 2950 467 3008 nt
483 2943 595 3027 potius
613 2944 803 3027 praeverti
825 2964 886 3027 pro
908 2945 1169 3027 praevertisse
1187 2944 1356 3010 scribatur

198 3054 284 3136 (orto
313 3073 424 3118 errore
453 3072 493 3117 ex
523 3072 576 3131 eo,
611 3051 700 3134 qnod
734 3050 906 3135 praecedit,
940 3052 1218 3118 intervenisse
1251 3058 1285 3120 et
1313 3075 1355 3119 ex

198 3163 360 3245 cepisse
400 3167 434 3226 et
473 3160 749 3238 consuluisse,
790 3180 862 3242 quse
902 3158 1113 3242 sequuntur),
1154 3182 1253 3243 quam
1291 3183 1356 3246 pro

197 3291 321 3354 posse
350 3268 573 3334 substituatur
602 3288 701 3334 coss.
726 3267 860 3351 (Opusc.
883 3266 983 3332 Acad.
1008 3267 1040 3332 Π
1069 3291 1100 3352 p.
1127 3266 1212 3349 127).
1269 3267 1356 3335 (lon-

197 3379 359 3443 iectnram
393 3375 485 3440 illam
519 3381 552 3439 et
581 3374 766 3440 Schellerus
799 3375 923 3441 fecerat
957 3383 990 3441 et
1027 3397 1085 3459 ego
1120 3375 1354 3459 significaram.

199 3483 309 3569 [Quod
332 3483 615 3549 Weissenbornius
638 3483 756 3548 edidit:
785 3504 856 3548 uec
878 3503 997 3567 posse
1094 3486 1290 3567 praeverti
1313 3506 1356 3551 se

199 3594 413 3678 quicquam
441 3591 491 3672 (ut
518 3593 707 3675 praeverti
735 3593 840 3657 active
869 3589 1080 3675 accipiatur),
1109 3613 1290 3676 pronomen
1312 3614 1356 3660 se

198 3722 335 3786 prorsus
357 3699 611 3766 intolerabiliter
632 3721 653 3765 a
675 3722 795 3785 posse
819 3701 1001 3783 seiungitur
1024 3706 1057 3765 et
1078 3698 1249 3782 reficitur]

285 3808 363 3893 Cap.
393 3812 502 3889 25„ss
531 3816 600 3874 tam
631 3809 749 3891 ignave
783 3815 817 3874 et
849 3809 1055 3874 incommode
1091 3816 1168 3891 post
1195 3809 1356 3875 Romam

197 3918 361 3984 reduxit
399 3917 587 3983 subiicitur:
626 3916 894 3982 Decedentem
928 3917 1102 3994 Romam,
1137 3923 1175 3980 ut
1209 3916 1354 3983 dubitari

197 4047 263 4092 non
285 4025 421 4105 debeat,
449 4027 528 4109 quin
556 4045 667 4091 errore
689 4024 781 4090 urbis
803 4047 922 4090 nomen
944 4024 996 4090 bis
1019 4026 1165 4108 positum
1187 4025 1239 4090 sit.
1284 4025 1356 4091 Nec

199 4156 225 4200 c.
247 4138 297 4214 27,
321 4138 340 4198 2
364 4142 411 4206 ut⁴
429 4140 497 4199 aut
521 4184 527 4197 .
548 4184 579 4198 ..
603 4139 674 4198 aut
695 4140 738 4198 ut
758 4134 793 4198 in
814 4132 876 4199 hac
898 4133 1061 4198 brevitate
1085 4137 1118 4197 et
1141 4133 1355 4217 simplicitate

199 4243 357 4308 orationis
396 4243 641 4307 excusationem
679 4239 803 4306 habere
842 4241 987 4321 videtur,
1033 4241 1091 4306 sed
1130 4247 1173 4305 ut
1206 4262 1246 4305 ex
1280 4248 1356 4307 aut
1432 4276 1434 4280 ·

198 4351 354 4417 auxilio
378 4357 487 4416 ortum
510 4370 589 4414 esse.
635 4347 757 4431 (1861.)
