2994 5108
212 488 277 552 Lib.
295 490 368 550 XXL
758 480 822 545 274

213 672 326 751 partes
349 665 471 746 dividi,
501 683 642 749 quarum
668 665 775 732 altera
800 667 967 750 pertineat
994 667 1035 732 ad
1060 673 1186 734 ceteras
1208 667 1372 748 civitates,

215 775 323 840 altera
355 774 399 839 ad
425 773 622 858 Lilybaeum,
662 774 720 839 ubi
753 780 877 858 prsetor
909 775 979 858 ipse
1011 795 1065 841 res
1099 775 1369 858 administrabat3

216 880 347 948 deinde'
375 881 586 946 manifestum
619 887 685 961 est,
719 883 832 947 circa
864 882 1056 948 civitatee
1090 884 1207 950 missos
1240 883 1372 968 legatos

214 990 433 1074 tribunosque
457 990 537 1069 dici,
567 989 626 1054 illa
648 993 760 1054 eutem
781 994 955 1073 preetore
978 1006 996 1052 a
1018 991 1127 1057 alieno
1149 991 1223 1058 loco
1243 993 1372 1058 inserta

217 1118 299 1177 esse,
323 1118 425 1180 quum
448 1102 508 1162 aut
530 1117 550 1161 1
572 1095 662 1161 Livio
686 1097 812 1181 scripta
835 1097 967 1163 omnino
988 1119 1057 1164 non
1080 1105 1192 1164 essent
1214 1097 1271 1181 (—
1293 1118 1372 1165 num

216 1226 236 1270 a
263 1207 413 1289 praetore
439 1204 510 1269 haec
543 1202 634 1268 facta
667 1224 754 1284 esse,
787 1210 919 1289 poterat
947 1226 985 1269 ex
1016 1205 1240 1290 superioribus
1268 1212 1304 1272 et
1331 1226 1371 1272 ex

136 1302 145 1315 '
215 1315 288 1396 ipsa
314 1334 350 1387 re
380 1311 527 1394 intellegi
549 1310 605 1393 —)
630 1319 688 1376 aut
713 1311 825 1396 potius
849 1333 869 1377 a
891 1311 1027 1379 librario
1057 1335 1117 1379 suo
1138 1314 1213 1380 loco
1235 1319 1373 1399 praeter-

215 1422 324 1500 missa,
348 1419 437 1504 quod
459 1439 563 1504 genus
585 1417 740 1501 frequens
762 1419 795 1484 in
817 1418 881 1484 hec
903 1419 1027 1486 decade
1051 1439 1122 1487 esse
1145 1426 1276 1487 constat
1293 1419 1373 1505 (vid.

217 1529 259 1593 ad
282 1527 384 1608 XXII,
414 1529 443 1607 2,
474 1526 516 1610 6).
567 1525 649 1592 Post
676 1526 917 1609 tribunique
940 1526 1099 1594 excidisse
1122 1530 1189 1611 qui
1205 1547 1372 1614 pervage-

216 1637 345 1702 tissimo
368 1656 494 1713 errore,
522 1633 588 1698 iam
611 1640 688 1698 ante
712 1630 826 1723 artem,
841 1634 1114 1719 typographicam
1135 1637 1301 1701 inventam
1323 1635 1374 1701 iu·

217 1743 386 1808 tellectum
419 1747 480 1806 est.
535 1741 662 1806 Deinde
691 1746 725 1805 et
751 1763 812 1826 per
839 1762 874 1807 se
904 1721 1174 1825 (commemorata
1200 1744 1267 1808 iam
1294 1742 1374 1809 Hie·

216 1850 308 1916 ronis
342 1847 581 1928 admonitione,
615 1854 654 1912 nt
681 1848 833 1914 AEmilius
868 1848 1084 1934 Lilybaeum
1118 1850 1238 1916 firmo
1271 1870 1374 1935 prse-

218 1959 325 2024 sidio
353 1955 528 2039 teneret)
550 1956 649 2020 nimis
672 1956 759 2020 nude
782 1956 904 2022 dicitur
926 1955 1145 2042 Lilybaeum
1172 1957 1309 2024 teneri
1339 1965 1377 2024 et

219 2067 261 2131 ad
288 2065 358 2130 hoec
385 2064 486 2130 verba
513 2063 702 2129 necessario
727 2064 937 2147 adiungenda
959 2065 1070 2148 aliquo
1093 2064 1192 2131 modo
1213 2063 1274 2130 illa
1295 2072 1376 2131 sunt

219 2179 460 2258 apparatum
482 2171 593 2251 belli,
617 2171 772 2255 quoniam
794 2172 906 2256 inepte
929 2172 1073 2238 edictum
1096 2173 1237 2257 proponi
1253 2171 1377 2238 dicitur

219 2283 286 2346 sire
309 2280 358 2345 ad
380 2286 566 2365 paratum
587 2278 705 2358 belli,
734 2279 905 2345 vocabulo·
919 2278 1011 2344 dubii
1033 2281 1122 2364 apud
1144 2279 1271 2345 Livium
1292 2296 1377 2346 usus

219 2387 278 2470 (X,
312 2392 369 2467 41,
403 2386 452 2469 3),
487 2388 555 2451 sive
578 2385 627 2450 ad
649 2392 895 2470 apparatum
917 2386 1018 2452 belli
1042 2386 1263 2470 (-—ntraqne
1287 2388 1376 2454 enim

221 2495 382 2561 correctio
405 2499 536 2559 tentata
558 2499 611 2557 est
631 2490 703 2574 -),
733 2513 933 2577 quamquem
961 2495 1060 2560 edicti
1089 2495 1275 2579 propositio
1298 2513 1379 2580 pars

221 2610 274 2669 est
299 2602 389 2667 illins
419 2604 609 2685 apparatus.
665 2599 871 2684 Itaque'eut
900 2602 1124 2668 scribendum:
1157 2600 1378 2686 Lilybaeum

220 2709 356 2776 teneri
391 2714 596 2793 apparatu
629 2707 732 2772 belli
767 2714 825 2773 aut
859 2709 943 2774 alius
975 2709 1156 2775 infinitivus
1185 2709 1299 2793 aptior
1324 2727 1378 2775 re-

220 2815 398 2902 periendus
429 2816 484 2896 (et
512 2821 605 2880 ante
635 2816 767 2880 omnia
792 2815 1011 2900 Lilybaeum
1040 2824 1226 2901 strepere
1250 2802 1378 2902 appa·

220 2934 312 2990 retu
346 2923 463 3004 belli,
492 2923 566 2987 coll.
590 2921 712 3000 XXVI,
743 2927 796 3001 51,
827 2922 876 3005 7),
905 2921 1011 2989 forma
1033 2931 1143 2989 tamen
1165 2923 1258 2990 verbi
1281 2923 1378 2991 nullo

220 3033 317 3098 modo
340 3031 514 3110 mutande3
548 3029 732 3094 rectissime
764 3031 850 3095 enim
873 3051 946 3094 cum
969 3031 1025 3095 illo
1050 3037 1088 3095 et
1109 3033 1225 3097 missi
1247 3030 1378 3116 legati

221 3142 276 3216 (de
314 3161 350 3204 re
390 3137 490 3205 semel
523 3134 627 3218 facta)
662 3137 873 3220 coniungitur
905 3135 1084 3203 infinitivus
1117 3136 1302 3204 historicus
1336 3138 1378 3202 de

220 3253 310 3312 statu
335 3254 367 3311 et
389 3246 473 3311 facie
495 3266 606 3310 rerum
630 3242 766 3327 Lilybaei
790 3226 938 3309 effectes
966 3245 1059 3308 Tum
1079 3266 1155 3311 vero
1185 3245 1284 3329 plene
1308 3265 1379 3311 cer*

220 3362 290 3418 tum
314 3359 377 3433 est,
411 3353 500 3435 quod
533 3354 599 3418 iam
627 3352 819 3416 recentioris
850 3353 957 3416 ret-atis
987 3353 1138 3418 codicum
1169 3358 1378 3419 correctores

220 3461 468 3540 intellexerant,
502 3460 566 3524 hee
589 3459 769 3523 sententie:
803 3458 869 3523 ubi
899 3460 1055 3542 signum
1083 3461 1220 3524 datum
1248 3466 1377 3539 esset,

219 3590 266 3633 ne
290 3574 352 3633 cet.
376 3590 444 3633 non
469 3566 629 3631 contineri
653 3565 753 3630 edicti
776 3572 916 3648 partem,
944 3566 1002 3631 sed
1025 3566 1188 3632 declarari
1210 3567 1315 3632 edicti
1338 3566 1380 3632 de

221 3675 333 3739 decem
366 3674 494 3739 dierum
527 3673 658 3738 cibariis
694 3673 796 3737 coctis
830 3673 1020 3754 consilium3
1062 3695 1157 3739 nemo
1197 3676 1285 3739 enim
1318 3673 1379 3739 im·

219 3788 353 3865 perator
386 3781 565 3864 separatim
593 3779 708 3858 edicit,
740 3800 782 3843 ne
819 3781 907 3861 quis,
942 3802 1042 3862 quum
1079 3783 1208 3864 signum
1243 3778 1380 3865 profici

220 3888 331 3953 scendi
354 3887 491 3966 dederit,
513 3906 639 3951 moram
661 3886 764 3951 faciat
786 3893 819 3951 11
840 3888 1014 3971 imperium
1038 3894 1238 3969 contemnat,
1263 3886 1325 3955 sed
1339 3893 1381 3954 m

219 4017 259 4059 ea
282 4001 359 4060 ante
381 4000 623 4079 prosperentur,
657 4015 729 4077 quae
758 3994 800 4058 ad
823 4014 950 4059 moram
973 3994 1154 4060 tollendam
1176 3994 1380 4079 pertineant.

217 4102 388 4166 Postremo
418 4108 598 4186 apparatus
627 4100 721 4181 belli,
755 4102 811 4184 qui
845 4101 1022 4186 adipeam
1051 4103 1166 4167 urbem
1195 4101 1381 4188 Lilybaeum

218 4208 421 4290 pertinebat,
456 4209 528 4272 duae
563 4209 737 4291 praecipuae
764 4213 879 4290 partes
908 4216 942 4274 et
970 4211 1120 4294 exempla
1148 4230 1168 4274 a
1195 4209 1291 4276 Livio
1319 4223 1380 4296 po'·

135 4319 205 4384 (224)
222 4320 360 4392 nuntur,
390 4314 530 4392 cibaria,
560 4319 597 4378 ut
619 4335 718 4379 naves
742 4315 894 4380 celeriter
917 4318 1093 4382 conscendi
1117 4322 1266 4401 possent,
1293 4332 1381 4404 prte-
