2994 5108
221 524 390 582 murus.
770 504 831 566 660

218 697 331 764 Livius
362 699 494 773 namat,
533 686 756 772 mirarentur]
800 687 970 754 Librarius
1005 709 1107 772 quum
1140 695 1218 774 post
1249 690 1375 756 moris

218 804 384 872 omisisset
409 800 594 879 Romani,
624 797 702 863 dum
722 794 894 862 retrahere
918 795 1077 863 omissum
1098 797 1183 880 vult,
1208 796 1297 881 quod
1318 818 1375 864 sae·

219 914 293 999 pius
316 912 347 976 ei
369 909 504 989 accidit,
537 909 572 973 in
598 927 717 973 novum
745 903 860 970 incidit
894 925 1039 971 errorem
1067 904 1167 971 aliam
1194 927 1309 972 uocem
1329 907 1375 972 in-

220 1019 372 1088 serendo.

307 1125 385 1210 Gap.
409 1129 460 1205 63,
489 1127 508 1188 7
541 1125 575 1189 in
609 1122 828 1206 descriptione
861 1119 1007 1190 Haliarti
1038 1120 1130 1187 urbis
1165 1142 1186 1187 a
1222 1122 1375 1190 Lucretio

221 1240 363 1320 praetore
385 1233 535 1299 Romano
559 1235 756 1315 oppugnata
779 1228 820 1294 de
843 1228 1017 1312 oppidanis
1039 1229 1166 1296 nudata
1183 1251 1279 1297 muro
1303 1253 1375 1317 pre·

221 1346 297 1408 ruto
319 1340 394 1407 loca
414 1337 585 1405 tuentibus
607 1336 676 1403 haec
700 1336 906 1403 scribuntur:
940 1335 1070 1420 Super
1096 1344 1273 1405 stratum
1294 1341 1375 1406 rui·

221 1449 284 1515 nis
311 1450 442 1515 locum
469 1445 655 1513 fascibus
693 1445 827 1512 aridis
862 1452 1155 1512 sarmentorum
1188 1448 1374 1530 iniectis,

222 1563 384 1623 stantes
418 1577 503 1621 cum
530 1553 778 1620 ardentibus
804 1552 970 1619 facibus
993 1574 1244 1620 accensuros
1269 1577 1316 1622 ea
1336 1576 1374 1622 se

222 1684 327 1748 saepe
343 1662 614 1743 minabantur,
637 1669 690 1744 ut,
713 1661 905 1728 incendio
928 1663 1157 1747 intersaepti
1180 1663 1228 1729 ab
1252 1662 1374 1745 hoste,

223 1772 406 1856 spatium
429 1770 478 1836 ad
500 1769 775 1836 obiiciendum
803 1770 1041 1835 interiorem
1069 1791 1224 1837 murum
1251 1771 1372 1840 habe·

193 1885 323 1945 .rent.
369 1879 452 1944 Mire
479 1879 514 1944 in
535 1878 597 1944 tali
624 1899 661 1944 re
683 1877 869 1961 frequentia
890 1878 1053 1943 minarum
1082 1875 1215 1963 (sepe)
1238 1879 1372 1947 adnota-

221 1994 286 2052 tur.
331 1985 443 2053 Codex
464 1985 580 2053 habet:
611 2007 694 2052 eam
717 2007 756 2051 se
780 2006 884 2070 saepe
906 1986 1179 2052 minabantur.
1225 1987 1299 2054 Non
1322 1988 1372 2054 de·

221 2095 386 2161 trahenda
409 2102 481 2160 erat
502 2096 538 2161 in
571 2116 655 2161 eam
683 2093 797 2160 litters
819 2115 862 2174 ι,
889 2092 948 2159 sed
969 2093 1004 2158 in
1027 2114 1130 2178 saepe
1163 2115 1205 2161 ex
1227 2096 1371 2181 sequenti

223 2201 339 2285 (min.)
362 2202 530 2268 addenda:
565 2223 810 2269 accensuros
839 2222 923 2267 eam
945 2222 985 2267 se
1008 2222 1151 2287 saepem
1176 2203 1208 2283 (e
1231 2224 1370 2271 sarmen-

221 2302 332 2378 toruin
353 2304 501 2377 fascibus
523 2308 659 2392 iactam)
684 2308 994 2392 minabantur.¹)

303 2418 387 2503 Cap.
412 2423 461 2483 64.
507 2418 669 2497 Quoniam
702 2418 792 2502 gravi
824 2417 965 2498 vulneri,
1000 2417 1088 2503 quod
1120 2419 1154 2484 in
1189 2417 1250 2503 §4
1279 2421 1366 2487 huius

224 2528 343 2611 capitis
364 2526 496 2606 insidet,
518 2528 643 2592 mederi
654 2547 793 2609 nequeo,
817 2525 1150 2593 duoleuioratollam.
1184 2527 1269 2594 Nam
1287 2526 1365 2612 quod

225 2634 273 2716 (in
296 2632 412 2700 eedem
441 2633 664 2718 paragrapho)
688 2630 735 2700 sid
757 2633 883 2699 editur:
917 2633 1209 2718 Nequidquam
1243 2639 1366 2721 prime

224 2743 428 2808 stationes
452 2762 657 2826 oppressae
680 2740 858 2808 tumultu
876 2748 1098 2826 aciterrore
1122 2765 1192 2808 suo
1217 2752 1364 2810 ceteros

225 2851 530 2930 excitaverunt,
560 2871 625 2915 non
654 2857 705 2915 est
727 2850 853 2915 Latinas
877 2856 911 2915 et
932 2849 1221 2935 prosae'oretionis
1245 2852 1302 2917 illa
1322 2873 1363 2916 ex·

225 2959 396 3037 clamatio,
430 2960 613 3043 presertim
658 2979 724 3023 non
759 2957 906 3023 subiecto
945 2980 1034 3023 nem
1075 2965 1133 3024 aut
1166 2962 1284 3039 euim,
1318 2956 1361 3024 sed

225 3068 326 3133 verba
376 3068 424 3132 sic
474 3064 720 3149 distinguenda:
773 3065 1054 3150 Nequidquam
1108 3069 1244 3151 primae
1294 3074 1360 3134 sta·

223 3177 363 3240 tiones
398 3194 604 3257 oppressae
636 3173 815 3239 tumultu
845 3195 888 3239 ac
915 3181 1076 3240 terrore
1106 3197 1177 3241 suo
1218 3185 1357 3242 ceteros

225 3283 533 3360 excitaverunt,
567 3289 606 3346 ut
637 3282 912 3366 nequidquam
934 3289 1063 3347 tantum
1096 3284 1139 3348 sd
1168 3286 1356 3369 participium

224 3391 397 3473 pertineat.
432 3389 558 3454 Deinde
582 3388 598 3472 ᾖ
622 3395 640 3454 7
665 3412 764 3472 quum
787 3392 820 3455 iu
839 3389 952 3456 codice
970 3392 1028 3455 sit:
1052 3391 1102 3457 ad
1125 3389 1354 3458 Crannonem

223 3496 426 3561 intactum
449 3520 588 3580 agrum
618 3507 755 3564 castra
784 3499 1041 3563 moventibus
1064 3499 1135 3578 ibi,
1171 3499 1352 3567 scribendum

224 3608 292 3668 est:
317 3603 364 3668 ad
387 3602 615 3685 Grannona,
643 3608 845 3671 intectum
869 3628 1021 3689 agrum.
1046 3615 1185 3673 castra
1207 3609 1350 3676 mouent

224 3712 328 3776 vitato
350 3733 417 3777 non
440 3711 526 3778 bono
549 3714 723 3781 verborum
740 3716 854 3781 ordine
872 3712 1159 3795 (Crannonium
1177 3719 1349 3782 intactum

224 3819 387 3902 agrum).
424 3818 559 3901 [Debuit
577 3822 692 3887 scribi:
717 3820 930 3888 Crannona
952 3823 988 3885 in
1012 3825 1217 3890 intactum
1239 3835 1347 3907 ugrum

224 3948 251 3992 c.
274 3949 316 3991 m.
343 3925 485 4010 1876.]²)

250 4138 274 4205 ¹)
293 4137 309 4207 ξ
327 4142 344 4193 6
361 4159 418 4195 non
436 4141 602 4195 mutandum
626 4148 686 4195 erat
712 4144 827 4198 verbum
854 4148 964 4198 rectum
993 4151 1021 4198 et
1048 4147 1237 4200 necessarium
1261 4134 1345 4196 suerat

293 4225 464 4296 (quodque
496 4228 587 4281 inter
617 4245 671 4281 eas
703 4230 789 4283 muri
825 4227 961 4295 fuerat),
995 4229 1043 4282 sed
1071 4231 1268 4299 supplendum,
1293 4211 1344 4292 eff

292 4316 410 4380 propter
436 4312 647 4366 similitudinem
675 4312 792 4367 excidit:
820 4315 980 4383 quodque
1006 4315 1100 4368 inter
1123 4333 1179 4369 ess
1197 4314 1275 4370 muri
1291 4309 1342 4363 fut·

292 4399 361 4462 rat,
380 4403 569 4451 corruerat.
607 4396 666 4466 [Sic
684 4397 883 4469 Kreyssigius]

246 4477 274 4544 ¹)
292 4477 393 4547 [Grave
410 4481 481 4537 illud
499 4483 599 4537 vulnus
626 4484 655 4537 in
674 4481 690 4552 ᾗ
707 4488 725 4538 4
742 4484 872 4541 lacunam
891 4484 1033 4540 occultare
1051 4484 1163 4541 videtur
1181 4482 1339 4541 excidissent

313 4662 530 4814 A
