2994 5108
645 454 705 514 545
848 508 850 513 .
1002 469 1063 524 Lib.
1082 469 1237 526 XXXVIII.

80 636 243 728 Exempla
271 637 461 703 adscribere
490 656 555 700 non
579 636 689 715 decet3
723 637 847 720 siquis
877 640 1031 720 requirit,
1061 649 1170 707 sumat
1199 664 1239 707 ex

78 747 130 824 iis,
153 766 227 828 qua
248 745 405 828 praecepti
428 742 642 808 confirmandi
666 764 767 808 causa
789 746 886 827 posui
904 746 963 828 Op.
983 746 1039 810 Ac.
1052 747 1093 812 Il.
1112 772 1142 832 p.
1163 753 1235 813 213.

79 839 247 937 [Obstant
270 873 344 935 qua
366 853 520 933 leguntur
542 851 628 929 XXI,
654 854 704 930 35,
728 856 747 915 8
771 857 805 916 et
828 852 975 933 XXXIV,
1004 858 1056 934 62,
1082 861 1135 936 113
1170 858 1236 921 alia

78 961 167 1026 enim
190 959 364 1025 minusad
393 980 463 1024 rem
485 960 652 1041 pertinent
686 966 745 1024 aut
770 961 897 1025 incerta
930 969 1007 1026 sunt
1040 969 1098 1027 aut
1120 984 1233 1047 prava.

81 1067 195 1134 Simile
218 1090 257 1133 ex
280 1068 394 1151 aliqua
422 1074 518 1150 parte
547 1074 597 1131 est
629 1068 764 1150 inquit
786 1075 863 1151 post
890 1074 930 1133 et
959 1075 1017 1134 ant
1039 1091 1115 1153 que
1139 1073 1237 1136 omis·

80 1197 152 1241 snm
176 1174 230 1254 VI,
253 1179 281 1251 7,
306 1179 334 1252 3,
358 1174 460 1251 XXX,
492 1178 540 1250 12,
566 1179 613 1251 12,
643 1174 710 1251 XL,
735 1179 785 1253 40,
808 1180 837 1251 4,
861 1175 955 1257 Verg.
980 1176 1108 1243 AEneid.
1132 1179 1173 1253 11,
1198 1183 1238 1243 42

80 1290 115 1347 et
137 1282 178 1361 X,
203 1286 274 1363 897,
299 1282 376 1347 Hor.
401 1282 468 1348 Sat.
493 1282 517 1359 I,
542 1285 570 1359 9,
594 1287 622 1345 4.
671 1280 778 1364 latu]

168 1388 247 1473 Cap.
272 1393 321 1468 23,
345 1393 364 1453 2
388 1388 442 1470 (de
466 1388 611 1453 Gallise
646 1391 765 1454 castris
788 1389 989 1473 fugientibus
1019 1397 1052 1455 et
1082 1412 1168 1457 caeco
1198 1395 1239 1457 ti-

81 1518 174 1562 more
197 1518 258 1581 per
287 1518 368 1562 saxa
390 1497 591 1576 ruentibus):
622 1497 764 1579 itaque
786 1498 976 1580 plerique
999 1500 1239 1582 praecipites

80 1626 152 1689 per
175 1613 329 1670 vastam
352 1605 616 1669 altitudinem
639 1604 826 1688 prolapsi
849 1612 918 1669 aut
937 1605 1151 1671 debilitati
1175 1629 1240 1672 ex·

79 1713 327 1777 animantur.
373 1712 560 1777 Ridiculam
583 1733 659 1776 vero
683 1713 938 1792 distinctionem,
962 1720 1000 1777 ut
1022 1714 1079 1778 alii
1102 1735 1162 1797 per
1185 1736 1239 1780 ra-

83 1826 170 1885 stam
195 1819 406 1886 altitudinem
430 1820 575 1904 prolapsi
597 1822 735 1902 integris
753 1820 906 1885 membris
930 1820 986 1900 (—-
1007 1820 1070 1885 hoc
1093 1824 1178 1886 enim
1201 1844 1241 1887 ex

79 1929 249 1993 contrario
273 1931 423 2012 sequitur
444 1928 500 2009 -)
524 1930 761 2007 exanimentur,
786 1928 843 1992 alii
863 1928 933 1991 sine
953 1928 1164 2012 prolapsione
1181 1951 1237 1995 ne-

79 2036 148 2101 scio
171 2057 239 2120 quo
260 2036 357 2102 modo
376 2036 550 2101 debilitati.
584 2037 740 2119 Apparet,
764 2036 897 2100 eosdem
914 2035 1062 2100 homines
1079 2058 1138 2118 per
1155 2059 1238 2121 prae·

78 2144 197 2227 cipitia
219 2144 392 2228 prolapsos
415 2144 532 2208 fractis
563 2149 597 2208 et
624 2143 715 2207 elisis
745 2143 899 2207 membris
929 2144 1131 2208 exanimatos
1155 2165 1238 2209 esse.

81 2249 300 2316 Scribendum
316 2253 416 2333 igitur
434 2260 493 2330 est,
518 2259 588 2315 ant
611 2251 759 2315 sublato:
773 2255 856 2333 'per
879 2259 1035 2315 vastam
1053 2252 1238 2316 altitudi-

81 2379 170 2423 nem
189 2359 380 2442 prolapsi
409 2358 625 2422 debilitati
650 2359 947 2422 exanimantur.
992 2358 1140 2423 Alterum
1164 2380 1239 2442 par-

80 2466 232 2549 ticipium
254 2466 492 2550 praecedentem
517 2486 661 2544 oausam,
684 2465 825 2530 alterurn
847 2466 981 2530 modum
1005 2467 1053 2531 rei
1077 2467 1240 2549 significat
1262 2541 1264 2544 Α

81 2572 375 2656 (prolabuntur
403 2580 441 2639 et
469 2573 681 2638 debilitati
704 2572 847 2653 exau.);
883 2573 939 2638 cfr.
970 2572 1086 2651 XXXI,
1116 2579 1166 2653 45,
1203 2580 1241 2639 14

81 2679 237 2760 (obruti
260 2681 468 2760 fluctibus,
492 2662 682 2764 dispersi,
699 2679 1020 2763 —effugernnt).
1045 2682 1169 2746 Eodem
1188 2703 1241 2746 ca-

80 2788 150 2871 pite
173 2788 260 2852 inira
282 2786 314 2870 (ἓ
339 2790 400 2871 10),
423 2790 480 2854 ubi
504 2789 626 2853 editur:
652 2789 773 2853 armis
801 2788 978 2853 hostium
1002 2791 1040 2853 in
1057 2811 1134 2855 uno
1153 2811 1240 2855 con-

80 2897 279 2961 crematis
305 2897 475 2975 cumulo,
499 2897 603 2978 magis
621 2897 857 2979 placeretnno
881 2898 1155 2961 concrematis
1180 2917 1240 2960 cu-

81 3002 205 3080 mulo,
228 3004 352 3068 omissa
374 3004 626 3087 praepositione,
656 3025 728 3086 quaa
750 3010 826 3087 post
849 3023 877 3064 ι
899 3003 1056 3067 facillime
1077 3005 1159 3068 oriri
1182 3025 1239 3086 po·

79 3116 171 3175 terat
188 3109 265 3191 (rid.
289 3111 331 3176 ad
350 3111 386 3189 V,
409 3115 461 3190 47,
485 3110 528 3191 6),
551 3119 589 3175 ut
611 3111 776 3176 ablativus
799 3111 932 3175 modurn
950 3111 1150 3192 significaret
1168 3110 1239 3191 (ita,

78 3224 117 3283 ut
139 3240 224 3284 unus
249 3224 337 3284 esset
354 3218 528 3297 cumulus),
553 3219 828 3300 quemadmodum
845 3219 870 3295 I,
895 3222 944 3296 37,
969 3222 987 3281 5
1007 3218 1117 3281 Livius
1136 3218 1238 3300 scrip-

79 3326 140 3391 sit:
163 3326 312 3410 spoliis
334 3325 515 3391 hostium
537 3362 580 3371 -
602 3327 758 3409 ingenti
784 3326 941 3390 cumulo
965 3326 1162 3390 accensis.

168 3430 246 3517 (lap.
271 3437 321 3512 26,
350 3440 370 3497 4
399 3434 447 3514 (in
476 3433 696 3516 descriptione
726 3434 811 3498 aciei
841 3433 1040 3514 Gallorum):
1073 3433 1239 3497 Ariara-

78 3539 164 3606 this
192 3538 456 3625 Cappadoces
481 3548 519 3605 et
547 3540 688 3605 Morzii
711 3541 941 3605 auxiliares
969 3541 1009 3605 in
1032 3541 1128 3605 laevo
1153 3540 1239 3621 (ccr-

78 3647 140 3729 nu)
175 3655 372 3730 quattuor
404 3648 528 3713 ferme
568 3648 741 3713 millium
773 3666 979 3713 numerum
1013 3648 1240 3730 explebant

78 3755 184 3821 Pravo
206 3757 293 3820 inter
314 3776 428 3840 regum
450 3757 586 3821 nomina
607 3756 765 3839 copulata
793 3756 1016 3838 interponitur
1038 3755 1240 3819 adiectivnm

79 3863 123 3929 ad
146 3864 380 3929 auxiliares
402 3865 587 3947 pertinens;
621 3885 728 3947 neque
757 3883 817 3947 pro
846 3863 1052 3928 substantivo
1083 3860 1238 3945 Cappa·

79 3970 200 4037 doces
223 3991 295 4036 esse
318 3978 438 4054 potest,
462 3973 618 4054 quoniam
648 3991 748 4054 prave
779 3971 825 4035 sic
854 3970 1063 4035 auxiliarium
1093 3967 1238 4051 appella·

72 4078 171 4160 tione
199 4074 413 4161 Cappadoces
447 4078 676 4144 excluduntur.
723 4077 849 4161 [Longe
882 4078 980 4143 aliter
1010 4077 1162 4141 dicuntur
1190 4075 1237 4139 ab

72 4184 222 4251 attalo
246 4183 477 4265 Cretenses3
507 4207 548 4250 ne
572 4186 700 4251 Attali
731 4183 953 4250 Cretenses
976 4184 1118 4268 quidem,
1142 4184 1173 4246 h.
1198 4205 1236 4261 e.,

71 4312 162 4374 quoa
184 4294 215 4358 is
239 4293 457 4374 conduxisset,
481 4295 598 4360 eodem
621 4294 717 4359 modo
745 4290 957 4374 dicerentur]
1002 4292 1112 4356 Livius
1136 4291 1238 4374 scrip-

972 4412 1005 4463 35
1069 4456 1071 4463 .
