2994 5108
220 511 282 565 Lib.
301 511 386 564 XXX.
766 497 829 559 438

223 680 277 762 (ex
306 681 413 746 Ovidii
435 682 524 746 Fast.
548 681 601 759 VI,
632 681 718 760 769).
765 681 872 764 Auget
893 703 961 744 non
984 681 1101 745 leviter
1123 680 1377 745 admirationem

221 791 269 854 rei
297 791 331 853 in
353 786 466 854 Africa
492 796 591 872 gestae
613 790 743 854 notatio
767 809 806 852 ex
830 787 882 851 die
904 787 990 853 festo
1012 788 1148 853 urbano.
1200 786 1265 851 Sed
1289 786 1377 871 quod

222 903 324 980 caput
347 904 406 976 est,
436 919 501 962 non
524 899 633 981 potuit
655 903 714 961 aut
735 896 846 960 Livius
869 902 927 961 aut
949 898 1126 980 quisquam
1147 916 1237 961 sanae
1258 897 1377 960 mentis

222 1007 364 1088 scriptor
387 1006 451 1069 diei
474 1007 678 1069 notationem
702 1025 739 1068 eo
763 1004 846 1083 loeo,
876 1024 941 1085 quo
965 1005 1074 1088 posita
1096 1011 1244 1089 putatur,
1273 1005 1377 1069 inter-

221 1114 321 1177 iicere
350 1114 383 1175 in
411 1112 519 1176 media
542 1133 659 1195 pugnae
683 1112 904 1195 descriptione
927 1113 1013 1176 inter
1035 1114 1222 1197 copiarum,
1256 1112 1378 1197 quibus

222 1226 403 1303 pugnatum
426 1226 490 1299 est,
522 1219 775 1303 appellationem
801 1219 909 1304 (pars
933 1221 1140 1285 exereitus
1163 1242 1250 1284 cum
1273 1220 1378 1284 omni

223 1328 425 1410 equitatu)
450 1334 482 1391 et
504 1329 716 1412 participium
739 1350 812 1392 eum
835 1349 876 1392 ea
898 1329 1116 1408 coniunctum,
1140 1329 1236 1413 quasi
1258 1334 1378 1392 notan·

222 1434 300 1499 dum
322 1436 436 1515 fuerit,
471 1457 537 1500 non
565 1457 629 1518 quo
659 1436 711 1501 die
739 1441 812 1500 tota
839 1457 892 1501 res
920 1443 1010 1517 acta,
1046 1437 1104 1501 sed
1133 1458 1197 1519 quo
1222 1436 1274 1501 die
1298 1457 1377 1521 pars

222 1545 384 1608 exercitus
426 1565 542 1626 agmen
582 1544 799 1608 Numidarum
842 1565 997 1629 aggressa
1037 1551 1132 1610 esset.
1193 1545 1260 1610 Aut
1300 1552 1378 1609 ante

221 1658 352 1735 tempus
375 1651 558 1716 notandum
581 1657 654 1715 crat
677 1653 785 1743 (lnde
808 1654 951 1736 primis
970 1653 1268 1719 Saturnalibus
1291 1675 1378 1737 pro-

223 1759 461 1824 cedentibus
485 1759 560 1840 eet.)
585 1766 644 1824 aut
665 1767 782 1843 postea
805 1782 953 1824 seorsum
976 1762 1045 1825 eius
1068 1763 1191 1826 mentio
1214 1761 1376 1826 addenda.

223 1866 335 1950 [Nulla
364 1869 494 1932 omnino
523 1868 581 1931 illa
609 1873 706 1932 aetate
730 1876 825 1955 erant
849 1866 1036 1933 Saturnalia
1058 1869 1178 1952 prima,
1213 1869 1378 1934 sedunus

221 1976 326 2041 festus
350 1975 429 2039 dics.
480 1976 524 2041 Et
547 1983 672 2056 tamen,
703 1978 730 2041 si
754 1976 866 2040 Livius
890 1975 953 2041 hoc
976 1978 1147 2060 posuisset,
1176 1998 1216 2041 ex
1239 1978 1376 2060 antiquo

222 2084 312 2149 fonte
340 2083 556 2166 retinuisset]
609 2084 728 2167 Itaque
758 2083 1007 2149 Saturnalia
1034 2086 1093 2150 illa
1119 2086 1251 2170 prima
1273 2086 1378 2149 mani-

221 2192 341 2256 festum
371 2199 421 2257 est
450 2198 525 2257 orta
555 2213 627 2256 esse
656 2199 689 2255 et
719 2194 901 2277 composita
926 2215 965 2258 ex
987 2193 1101 2257 fractis
1122 2193 1274 2277 reliquiis
1296 2193 1378 2258 alio·

221 2323 292 2365 rum
321 2302 496 2365 verborum
524 2298 814 2383 (quemadmodum
842 2301 917 2367 illas
947 2302 980 2365 in
1010 2301 1097 2365 libro
1126 2300 1232 2380 XXII,
1270 2305 1324 2380 16,
1357 2306 1377 2364 4

220 2409 390 2473 fortunae
418 2407 568 2490 minas).
620 2407 706 2486 Quid
728 2408 837 2473 Livius
869 2409 1052 2492 scripserit,
1084 2408 1272 2473 subindicat
1294 2407 1376 2473 illud

221 2538 314 2600 pars
355 2518 578 2595 exereitus;
623 2539 726 2599 prope
771 2518 857 2582 enim
901 2518 1088 2582 necessario
1127 2517 1376 2600 significandum

137 2640 207 2711 (sss)
226 2631 312 2704 erat,
342 2624 421 2708 quid
448 2625 595 2706 reliquus
625 2626 786 2689 exereitus
809 2625 952 2690 iecisset.
1005 2624 1190 2708 Scripserat
1211 2631 1325 2690 autem
1346 2626 1379 2690 in

222 2734 306 2798 hanc
340 2733 407 2797 iere
437 2731 590 2796 formam:
625 2733 724 2796 Pars
759 2735 971 2797 exereitus
1007 2754 1091 2797 eum
1126 2734 1229 2797 omni
1264 2734 1379 2815 equi-

221 2849 328 2920 tatu,
357 2841 433 2903 lter
461 2840 778 2902 continuantibus
807 2843 946 2923 primis
977 2841 1274 2922 (uraturuntlbus
1296 2843 1379 2925 pri·

222 2951 345 3029 ruisi),
382 2971 520 3031 agmen
559 2970 732 3030 aggresa
761 2948 1019 3013 Numidarum
1055 2955 1116 3012 cet.
1172 2948 1223 3012 Ea
1252 2949 1377 3013 exerci-

222 3066 275 3122 tus
306 3080 398 3141 pars,
429 3078 500 3138 quie
529 3058 636 3139 prima
660 3064 744 3133 erat,
773 3057 840 3119 ianr
863 3064 1096 3139 pretergressa
1119 3059 1183 3121 iter
1207 3058 1381 3122 continua·

222 3168 281 3243 rit,
319 3188 418 3248 quum
454 3166 653 3248 posteriores
684 3186 757 3227 crrnr
787 3166 936 3245 equitatu
965 3166 997 3228 in
1026 3166 1213 3230 Verminam
1245 3186 1381 3230 conver·

222 3274 417 3353 ter·entur.¹)

251 3576 312 3645 ¹)§
338 3581 369 3630 10
391 3579 548 3630 necessario
573 3578 775 3631 revocandum:
806 3583 839 3632 et
867 3584 992 3645 quanta
1019 3596 1072 3632 res
1100 3584 1192 3632 esset
1219 3586 1254 3632 et
1283 3599 1381 3648 quam

290 3663 387 3730 longi
411 3664 579 3731 temporis
599 3670 651 3716 eet.
693 3663 807 3717 Excidit
826 3669 943 3733 etpost
962 3671 1066 3730 esset,
1091 3668 1193 3717 contra
1210 3681 1234 3716 c.
1255 3667 1299 3729 37,
1317 3669 1337 3719 8
1354 3667 1384 3720 in

291 3748 389 3801 iisdem
413 3749 571 3814 codicibus,
595 3749 745 3817 geminatis
770 3750 885 3815 litteris,
909 3755 975 3817 post
997 3749 1166 3802 movisset
1188 3747 1323 3803 additum
1342 3758 1383 3804 et.

293 3834 369 3903 [Cap.
388 3836 430 3900 37,
450 3837 465 3886 7
484 3835 596 3887 mallem
615 3834 712 3886 Livius
733 3835 902 3902 scripsisset:
922 3835 991 3887 Has
1015 3834 1247 3887 condiciones
1267 3835 1383 3905 legati

291 3920 424 3972 domum
460 3919 593 3973 referre
628 3920 725 3984 iussi,
759 3939 855 3987 quum
887 3921 920 3973 in
947 3920 1112 3973 contione
1139 3923 1193 3972 eet.
1246 3919 1323 3974 Nam
1354 3923 1384 3976 in

291 4006 383 4058 verbis
415 4007 448 4057 in
481 4006 646 4058 contione
678 4007 825 4058 conversio
857 4005 1025 4058 narrationis
1054 4003 1100 4070 iit;
1132 4005 1319 4075 perticipium
1348 4008 1384 4061 ad

292 4091 417 4157 superius
441 4097 552 4159 tempus
574 4091 705 4159 pertinet.
747 4090 811 4158 Cap.
831 4094 877 4153 38,
908 4094 919 4142 l
945 4090 1166 4144 Forchhammer
1190 4092 1386 4158 probabiliter

293 4181 444 4250 quaestor
471 4176 650 4229 scribendum
680 4176 813 4241 coniecit3
844 4194 930 4229 unum
961 4176 1035 4229 onim
1059 4173 1212 4242 significari
1239 4177 1386 4246 Scipionis

293 4266 469 4325 quaestorem,
488 4261 613 4313 Lrelium
653 4259 737 4328 1863]
