2994 5108
623 436 685 496 449

74 636 119 682 ex
140 618 289 701 vestigiis
310 623 475 701 corruptae
492 616 868 702 vulgariumscripturae
886 624 994 683 ortum
1011 618 1115 684 videri
1132 626 1233 702 queat

73 730 135 790 aut
159 745 234 789 cum
258 746 369 790 eorum
393 724 468 789 labe
486 724 588 789 ullam
608 725 730 789 habeat
748 726 985 807 cognationem.
1019 727 1175 811 Apparet,
1199 727 1232 792 in

77 830 163 897 libro
175 831 296 913 XXXI,
312 831 445 910 XXXII,
463 833 570 914 priore
589 838 683 915 parte
695 830 845 910 XXXIII,
862 831 919 895 ubi
930 830 1124 914 Moguntino
1141 856 1231 900 care·

79 960 164 1020 mus,
198 960 265 1005 uon
287 939 387 1024 paulo
411 939 571 1004 infirmius
594 938 844 1003 fundamentum
868 960 952 1018 esse,
986 961 1084 1023 quam
1106 950 1231 1025 post-ea,

66 1052 112 1111 'et
134 1046 233 1130 plura
256 1048 290 1110 in
311 1047 440 1110 incerta
463 1047 647 1131 suspicione
671 1047 895 1130 relinquenda.
942 1045 1048 1123 Quam
1070 1048 1196 1115 vitiosae
1214 1071 1231 1116 1

77 1152 242 1219 levissimo
265 1173 375 1218 errore
397 1154 568 1237 scripturae
592 1161 624 1217 et
647 1154 680 1217 M
698 1160 732 1217 et
748 1154 775 1217 B
792 1154 965 1233 insideant,
989 1157 1137 1238 exemplo
1161 1178 1232 1223 esse

72 1267 190 1345 'potest
206 1262 239 1325 in
255 1259 340 1326 libro
352 1260 515 1340 XXXVII,
529 1264 578 1339 51,
592 1264 859 1326 91111111111
878 1260 1044 1343 fama(m)
1058 1261 1120 1344 [sic
1133 1264 1232 1329 etiam

79 1366 122 1447 II,
140 1366 325 1433 carbachio
347 1365 478 1449 silente]
497 1389 557 1450 pro
578 1388 597 1431 a
616 1374 752 1432 111111
777 1366 880 1433 fama
905 1375 1024 1434 ortum.
1059 1367 1182 1452 [Quum
1198 1372 1232 1436 iu

76 1477 325 1559 comparatione
355 1482 389 1540 et
417 1476 633 1539 aestimatione
662 1475 783 1540 codicis
813 1475 997 1558 Moguntini
1020 1482 1054 1540 11
1075 1477 1231 1542 Bamber·

75 1584 187 1665 gensis
210 1590 461 1665 ceterorumque
484 1583 584 1646 etiam
607 1588 683 1664 post
706 1603 754 1657 ea,
779 1600 850 1664 qua
875 1585 1121 1668 suprascripta
1145 1590 1231 1666 sunt,

79 1689 229 1755 aberrari
263 1697 297 1755 11
324 1691 452 1753 incerta-
478 1687 719 1771 fluctuantique
741 1690 903 1753 sententia
925 1690 1065 1755 iudicari
1087 1692 1231 1757 viderem

75 1796 121 1860 ad
153 1818 224 1862 rem
257 1797 484 1881 explicandam
514 1797 749 1877 veritatemque
779 1796 1011 1862 stabiliendam
1041 1798 1137 1881 plura
1165 1798 1231 1864 dis·

81 1905 192 1986 putavi
215 1905 248 1968 in
270 1903 463 1986 praefatione
486 1903 567 1966 Livii
591 1925 611 1967 a
633 1925 684 1967 me
708 1903 789 1967 editi
811 1903 871 1966 vol.
892 1905 981 1968 tertii
1004 1904 1081 1968 fasc.
1101 1907 1230 1989 prioris,

80 2031 151 2093 quae
180 2012 244 2076 huc
273 2016 403 2092 integra
431 2010 661 2074 transferenda
689 2018 779 2093 puto.
802 2045 844 2054 -·
870 2011 984 2089 „Quod
1013 2014 1099 2076 enim
1128 2013 1232 2078 codex

81 2116 332 2202 Bambergeusis
366 2126 400 2182 et
436 2123 544 2182 exstat
573 2123 607 2181 et
635 2117 808 2199 diligenter
836 2117 975 2182 collatus
1004 2119 1123 2198 multa,
1158 2140 1231 2201 quae

81 2224 157 2290 olim
185 2226 288 2291 solius
311 2226 495 2308 Mogontini
518 2224 582 2288 fide
606 2225 813 2302 nitebantur,
849 2246 910 2288 sua
932 2227 1131 2290 auctoritato
1155 2247 1231 2290 con-

82 2330 221 2398 firmavit
259 2339 293 2398 et
326 2354 410 2397 nova
443 2333 597 2414 bonaque
631 2354 695 2395 nou
731 2352 838 2414 pauca
872 2332 1006 2410 obtulit,
1046 2333 1231 2416 Mogontini

82 2446 211 2520 contra,
245 2442 388 2525 quinon
412 2445 596 2522 comparet,
631 2444 758 2503 tantum
782 2440 963 2522 scripturas
985 2446 1062 2503 aute
1085 2441 1151 2503 tria
1173 2460 1231 2505 sae-

81 2545 154 2612 cula
192 2548 326 2611 minime
359 2547 455 2628 plene
488 2551 663 2627 excerptas
697 2552 846 2609 tenemus
879 2545 1179 2629 Bambergensique
1213 2568 1234 2612 a

81 2650 270 2737 Mogontino
294 2653 494 2736 discrepanti
517 2652 664 2716 adhaeret
680 2652 748 2717 fere
767 2653 917 2717 codicum
935 2653 1117 2735 vulgarium
1134 2653 1234 2719 turba

82 2778 152 2824 cum
180 2782 219 2825 eo
241 2761 376 2842 originis
400 2760 628 2824 commuuione
652 2759 821 2842 copulata,
852 2761 998 2824 homiues
1022 2766 1133 2824 autem
1155 2780 1232 2824 raro

78 2874 344 2949 argumentorum
361 2867 394 2931 vi
411 2865 486 2929 freti
502 2866 599 2944 bono,
623 2867 679 2929 sed
697 2866 876 2949 longinquo
894 2869 971 2932 testi
990 2872 1023 2930 et
1041 2868 1097 2930 uni
1117 2872 1232 2931 contra

81 2983 287 3055 praesentem,
316 2975 454 3039 aliorum
480 2975 622 3055 speciem
646 2995 756 3037 secum
780 2974 975 3050 trahentem,
1003 2972 1140 3037 firmiter
1162 2993 1231 3037 cre·
1311 2969 1312 2973 ’

79 3078 155 3146 dere
188 3081 327 3158 audent,
368 3081 492 3144 factum
525 3087 589 3158 est,
632 3087 669 3143 ut
705 3081 990 3144 Weissenboruius
1028 3082 1061 3144 in
1095 3080 1178 3144 Livii
1210 3101 1232 3146 a

81 3206 115 3252 so
142 3187 225 3252 editi
252 3194 286 3252 et
308 3189 452 3252 enarrati
474 3188 637 3251 volumine
661 3187 721 3251 I'II
745 3195 777 3251 et
799 3186 876 3250 VIII
900 3186 1054 3266 (186011
1079 3186 1174 3268 1861)
1198 3193 1232 3252 11

81 3293 217 3359 subinde
246 3294 392 3358 codicem
420 3293 710 3376 Bambergensem,
745 3315 840 3376 quem
869 3296 974 3376 primo
1003 3296 1089 3358 inter
1119 3315 1230 3359 omnes

82 3396 149 3467 Ioco
189 3402 282 3482 ponit
321 3400 409 3481 („die
448 3401 540 3465 beste
574 3401 778 3465 Ilandschris
794 3403 843 3482 ⁵⁶),
885 3401 1077 3482 Moguntino
1111 3403 1231 3466 iniuria

60 3514 193 3590 -aperte
220 3507 391 3593 praeferret
418 3515 452 3572 et
480 3511 514 3571 in
544 3508 617 3601 aliis
646 3508 727 3572 locis
756 3529 820 3572 non
848 3511 977 3590 paucist,
1011 3510 1068 3573 ubi
1096 3511 1130 3572 in
1158 3511 1230 3593 ipsa

71 3616 243 3693 oratione,
273 3616 369 3698 quasi
393 3616 537 3680 convicio
561 3617 711 3679 veritatis
735 3617 857 3693 rictus,
887 3617 1070 3698 scripturas
1092 3616 1229 3699 Mogon-

64 3719 304 3802 1111111111,
339 3729 449 3786 tamen
472 3723 505 3786 in
528 3723 742 3787 adnotatione
766 3730 798 3786 et
821 3723 934 3786 inanes
958 3724 1165 3787 coniecturas
1189 3744 1230 3787 ex

44 3828 194 3893 «1111111
223 3828 357 3894 duceret
386 3834 420 3894 11
449 3850 568 3913 pravas
598 3829 860 3913 interpolationis
891 3831 1095 3912 suspiciones
1118 3831 1152 3893 in
1176 3851 1228 3896 co-

48 3928 182 4000 «iream
203 3936 431 4019 Moguutinum
454 3938 631 4002 coniiceret
654 3936 941 4018 (dubitationcsquc
965 3942 1119 4014 11111111,
1144 3958 1228 4018 quas

46 4053 165 4124 sepe
197 4042 248 4106 vel
282 4044 354 4126 ipsa
387 4043 519 4109 illorum
553 4044 699 4109 locorum
734 4044 839 4107 forma
873 4048 905 4106 et
940 4044 1088 4106 codicum
1122 4045 1156 4107 iu
1186 4045 1227 4108 iis

35 4150 281 4234 «comparatio
303 4152 483 4234 reprimere
507 4151 682 4229 debuerat,
717 4152 821 4215 multo
851 4156 962 4214 autom
991 4150 1095 4232 magis
1125 4151 1227 4215 totius

38 4253 129 4318 rei
148 4256 377 4324 consideratio.
429 4257 514 4336 Quid
543 4265 595 4323 est
623 4259 725 4337 cnim,
760 4259 787 4322 si
816 4257 960 4340 singulos
983 4262 1112 4321 tantum
1135 4257 1226 4322 locos

964 4376 998 4428 29
