2994 5108
680 481 741 543 643
852 474 855 485 '
1120 497 1183 553 nra.
1200 497 1287 552 xnn.

138 663 381 747 scripserimus:
405 699 441 710 -
469 663 608 729 eodem
631 686 670 729 se
688 664 776 730 loco
797 687 896 747 esse,
913 669 982 753 qui
1000 670 1131 735 omnia
1147 689 1168 733 a
1184 671 1289 753 prin·

137 771 262 856 cipiis
279 771 534 838 Macedonici
552 772 651 837 belli
668 775 970 857 praestitissent
987 778 1189 857 Romanis,
1213 799 1288 862 quo

135 879 335 947 Messenii
367 889 488 966 atque
518 880 613 959 Elii,
643 884 710 966 qui
743 890 781 948 et
811 883 1071 966 [Macedonis]
1106 884 1290 969 Philippi

138 988 251 1055 bello
275 990 418 1056 hostes
440 988 622 1055 inissent
645 999 684 1055 et
706 1013 777 1074 pro
800 992 1005 1060 Antiocho
1029 1000 1159 1075 postea
1180 1013 1289 1060 arma

139 1098 340 1164 tulissent
368 1118 429 1177 ac,
459 1119 588 1182 nuper
614 1133 650 1142 -
676 1100 909 1166 contributi
934 1137 981 1181 -,
1004 1138 1046 1148 -
1068 1122 1289 1185 quereren-

138 1215 214 1272 tur.
268 1204 464 1290 Singulatim
497 1206 576 1270 mali
609 1208 709 1271 animi
743 1187 941 1275 documenta
974 1211 1073 1275 trium
1106 1215 1290 1293 temporum

135 1322 312 1399 ponuntur.
336 1315 386 1378 En
408 1322 665 1398 posteaarma
689 1316 950 1400 (postearma)
974 1340 1074 1402 quam
1090 1317 1186 1383 facile
1205 1318 1282 1383 oriri
1300 1324 1372 1396 (532)
1428 1307 1432 1314 ’

137 1424 286 1508 potuerit
309 1423 429 1488 hoste
452 1442 618 1499 aroma,
643 1433 789 1506 apparet.
823 1425 898 1491 Non
921 1435 970 1490 est
991 1426 1060 1492 haec
1082 1427 1165 1491 lenis
1182 1447 1290 1491 emen·

138 1531 230 1598 datio
254 1538 288 1597 et
310 1538 422 1596 tamen
444 1552 547 1615 prope
571 1539 662 1595 certa
683 1532 763 1596 mihi
786 1533 961 1616 videtur.¹)

224 1638 303 1724 Cap.
329 1644 378 1718 38,
403 1643 437 1703 2:
472 1639 570 1704 Inde
603 1641 642 1703 in
670 1639 859 1706 AEtoliam
892 1643 1099 1725 progressi
1126 1642 1177 1723 (Q.
1201 1641 1288 1706 Mar-

136 1750 207 1815 cius
231 1757 264 1814 et
285 1752 321 1814 A.
346 1748 465 1813 Atilius
489 1748 589 1830 legati
612 1748 764 1828 Romani)
788 1771 832 1814 ac
860 1771 1014 1833 paucos
1048 1750 1106 1815 ibi
1138 1751 1288 1816 morati

136 1857 238 1937 dier,
262 1857 351 1922 dum
376 1858 414 1921 in
436 1856 627 1941 praetoris
651 1859 801 1921 mortui
824 1857 954 1923 locum
978 1858 1085 1923 alius
1115 1857 1288 1922 suffice·

138 1973 270 2045 retur,
304 1973 351 2045 ct,
385 1964 553 2049 Lycisco
587 1973 765 2048 praetore
788 1966 918 2046 facto,
951 2002 1003 2043 —,
1027 1967 1288 2031 transierunt

137 2076 177 2139 in
201 2073 464 2139 Thessaliam.
510 2073 715 2138 Narrationis
750 2073 830 2138 ordo
859 2083 892 2139 et
919 2095 1035 2140 cursus
1061 2074 1225 2157 postulat,
1248 2080 1286 2138 ut

135 2182 276 2249 tollatur
310 2189 348 2248 et
382 2189 457 2246 ante
483 2181 699 2264 Lycisco.²)
745 2182 854 2247 Medio
890 2184 998 2265 capite
1032 2180 1063 2265 (ξ
1093 2181 1135 2263 5),
1158 2181 1215 2246 nbi
1242 2183 1289 2246 sic

136 2289 263 2361 editur:
298 2312 415 2373 quum
438 2290 599 2371 culpam
620 2291 659 2353 in
683 2289 897 2355 Ismeniam
925 2290 1225 2356 -conferrent
1248 2297 1288 2355 et

87 2462 95 2471 ,
139 2399 335 2482 quasdam
360 2398 555 2463 civitates
578 2396 873 2462 dissentientes
896 2399 935 2463 in
958 2419 1123 2463 causam
1146 2398 1287 2463 deduc·

134 2514 211 2587 tas,
233 2508 519 2592 appariturum
541 2504 580 2569 id
602 2526 689 2570 esse
706 2505 882 2571 Marcius
900 2506 1133 2591 respondit3
1157 2507 1287 2589 singu·

133 2616 187 2682 lis
211 2617 313 2680 enim
341 2623 412 2693 cet,
436 2619 589 2697 apparet,
614 2613 773 2678 excidisse
802 2616 835 2678 in
859 2615 964 2679 altero
987 2614 1133 2680 membro
1155 2615 1288 2680 verbnm

133 2724 274 2807 aliquod
296 2722 509 2804 (dicerent,
532 2723 892 2804 d·emonstrarent);
925 2744 1032 2807 neque
1061 2724 1145 2787 enim
1168 2725 1203 2787 in
1225 2723 1287 2787 hac

137 2833 300 2898 orationis
323 2830 447 2896 forma:
480 2830 636 2913 culpam
666 2832 706 2894 in
728 2831 880 2895 Titium
902 2831 1069 2896 confero
1093 2836 1130 2895 ct
1154 2829 1287 2895 Seium

136 2941 366 3024 deceptum,
402 2938 510 3004 audiri
547 2937 614 3004 ullo
656 2945 754 3022 pacto
788 2944 898 3022 potest
932 2937 1036 3018 dico;
1071 2959 1143 3002 eam
1175 2944 1286 3002 autem

136 3069 210 3115 esse
243 3049 439 3114 sententiam
467 3048 680 3128 excusarique
710 3047 859 3112 civitates
887 3068 953 3111 non
982 3067 1042 3110 sua
1064 3045 1229 3110 voluntate
1252 3047 1286 3109 in

133 3159 332 3224 societatem
354 3178 428 3221 cum
450 3155 569 3220 Perseo
593 3154 769 3234 deductae,
799 3161 832 3220 et
859 3176 919 3238 per
948 3175 982 3218 se
1005 3155 1213 3237 perspicuum
1236 3159 1286 3218 est

134 3273 169 3333 et
204 3287 244 3331 ex
272 3285 298 3329 c.
323 3267 374 3343 43,
399 3270 427 3328 5.
473 3261 568 3340 Quod
602 3263 725 3342 editur,
758 3261 920 3345 significat
954 3282 1088 3326 causam
1119 3262 1154 3326 in
1185 3261 1285 3326 Isme-

159 3585 187 3652 ¹)
208 3582 314 3654 [Ipsum
332 3587 455 3653 postea
473 3583 502 3635 in
522 3580 584 3634 cod.
600 3597 659 3634 esse
677 3579 829 3634 Vahlenius
847 3579 952 3632 scribit.
981 3578 1070 3646 Quum
1088 3581 1172 3632 verba
1190 3580 1285 3634 bello

149 3726 151 3730 ,
202 3670 325 3724 hostes
353 3669 383 3722 in
402 3667 498 3721 codice
518 3684 575 3721 non
595 3683 656 3720 esse
674 3664 827 3727 crederem,
846 3682 870 3717 a.
893 3665 959 3718 1860
985 3664 1151 3733 Philippo
1180 3663 1285 3718 favis·

205 3760 282 3809 sent
300 3750 486 3823 scripseram]

169 3839 190 3908 ²)
209 3840 296 3894 Paulo
326 3845 390 3894 ante
417 3836 445 3907 (ξ
468 3838 493 3904 1)
511 3837 581 3891 nihil
607 3838 711 3891 certius
739 3843 782 3891 est
798 3834 1022 3890 Drakenborchii
1050 3836 1224 3890 coniectura:
1251 3838 1284 3890 in

204 3924 364 3991 Orestas,
392 3929 428 3977 ut
456 3923 626 3992 praesidio
655 3929 771 3976 essent
798 3921 962 3975 liberatis
991 3939 1007 3974 a
1032 3920 1284 3974 Macedonibus

203 4011 277 4079 (cod.
306 4017 334 4065 et
361 4009 422 4063 edd.
451 4009 615 4062 liberatis
648 4009 687 4062 ab
721 4024 757 4061 se
785 4005 1062 4071 Macedonibus).
1098 4004 1284 4060 vitiosissime

201 4096 297 4151 Livius
326 4095 482 4164 scripsisset
510 4099 538 4148 et
564 4094 690 4162 legentes
718 4091 889 4161 decepisset,
916 4094 949 4159 si,
973 4109 1043 4160 quos
1066 4107 1154 4159 nuper
1171 4089 1284 4145 Orestas

203 4181 333 4247 dixisset,
368 4198 416 4234 eos
448 4181 621 4234 liberatos
654 4197 671 4233 a
706 4184 828 4232 senatu
866 4177 1071 4232 Macedonas
1104 4176 1284 4245 appellasset,

203 4283 372 4335 quamquam
390 4266 575 4320 Macedonum
595 4282 627 4318 ea
645 4283 713 4334 gens
732 4271 798 4318 erat.
835 4261 933 4331 [Paulo
952 4280 1039 4331 supra
1055 4261 1142 4314 miror
1159 4278 1209 4314 cur
1226 4279 1283 4315 non

202 4352 341 4420 scriptum
360 4351 396 4405 sit
416 4351 664 4406 escendissent
695 4346 781 4418 1864]

1002 4452 1052 4504 41*
