3000 5116
191 504 253 558 Lib.
273 503 424 557 XXXVIII.
739 494 800 553 554

192 699 274 761 Tum
309 705 424 762 contra
456 699 603 781 regulam
639 697 715 777 (vid.
741 698 861 781 Opusc.
890 700 946 762 Ac.
976 699 1009 763 ΙΙ
1037 722 1069 783 p.
1099 704 1159 763 211
1197 701 1282 786 sqq.)
1316 703 1350 765 in

192 808 341 872 oratione
372 805 505 886 obliqua
534 805 738 870 coniunctivo
773 806 870 871 modo
899 805 1034 871 effertur
1064 809 1283 890 interrogatio
1312 831 1349 874 ex

191 914 370 978 indicativo
401 913 508 977 tertiae
542 933 689 994 personae
725 934 889 978 conversa.
935 914 985 978 Ab
1016 937 1057 980 ea
1078 917 1196 998 regula
1225 937 1289 980 uno
1318 923 1349 980 et

192 1021 298 1086 altero
322 1022 393 1085 loco
419 1019 560 1098 deflecti,
584 1020 641 1083 ubi
664 1022 857 1103 pronomine
888 1029 945 1086 aut
974 1023 1138 1104 particula
1166 1040 1208 1087 ex
1230 1044 1348 1106 prono·

191 1129 276 1192 mine
300 1135 373 1192 orta
396 1135 429 1191 et
451 1150 520 1191 rem
539 1129 712 1210 quaesitam
731 1128 977 1193 demonstrante
1001 1130 1117 1213 (quis,
1140 1130 1227 1212 cur)
1249 1133 1348 1196 inter·

102 1233 177 1304 (450)
196 1243 337 1318 rogetur,
362 1235 491 1299 ostendi
515 1236 559 1299 ibi
578 1235 622 1318 (p.
643 1235 729 1315 216),
754 1237 888 1320 eiusque
907 1238 956 1301 rei
973 1237 1145 1302 Livianum
1164 1240 1348 1322 exemplum

191 1343 242 1422 (V,
266 1347 294 1421 2,
319 1343 351 1423 8)
377 1364 477 1426 supra
511 1344 623 1406 notavi
659 1346 702 1426 (p.
729 1348 803 1423 1123
840 1344 898 1408 cfr.
923 1343 1072 1420 XXXIX,
1103 1351 1133 1424 4,
1162 1347 1214 1427 2);
1248 1349 1282 1411 in
1311 1349 1348 1412 iis

191 1452 378 1535 particulis,
404 1471 477 1534 quae
499 1451 581 1514 nihil
603 1451 666 1514 nisi
689 1452 795 1534 ipsam
819 1453 976 1516 orationis
999 1449 1140 1516 formam
1164 1454 1349 1536 significant

191 1560 268 1640 (ne,
303 1582 406 1638 num,
441 1559 513 1639 an),
546 1558 672 1622 nullum
701 1565 751 1623 est
779 1561 980 1624 contrarium
1010 1543 1214 1643 exemplum3
1238 1562 1271 1625 in
1295 1584 1348 1641 an,

191 1688 263 1750 quae
287 1667 423 1731 alterius
446 1667 714 1748 interrogationis
743 1667 880 1732 membri
909 1668 1006 1732 index
1035 1675 1097 1747 est,
1131 1669 1265 1733 omnino
1295 1691 1347 1734 ex·

191 1775 336 1839 cluditur
363 1775 420 1839 illa
448 1774 553 1851 verbi,
588 1796 609 1839 a
642 1796 706 1857 quo
734 1775 948 1858 interrogatio
982 1782 1152 1853 nectatur,
1178 1778 1346 1859 cogitatio,

190 1905 263 1967 quae
287 1882 396 1960 efficit,
420 1890 457 1946 ut
480 1883 704 1946 coniunctivae
727 1882 891 1947 interdum
922 1887 1040 1947 contra
1067 1883 1220 1966 regulam
1249 1907 1348 1969 pona·

89 2027 93 2034 ‚
189 1999 254 2056 tur.
300 1992 346 2055 Αο
368 1991 458 2073 prius
484 1990 616 2071 quidem
645 1990 759 2054 vitium
783 1990 912 2055 codices
935 1989 1072 2069 tollunt,
1105 1993 1161 2073 qui
1187 1992 1348 2063 (Draken-

191 2099 361 2165 borchiani
385 2098 531 2180 quidem,
566 2118 640 2161 nam
670 2097 709 2161 de
732 2097 765 2161 M
788 2097 931 2179 tacetur)
966 2118 1128 2162 consensu
1151 2099 1281 2166 habent
1302 2123 1349 2166 au

190 2214 354 2290 prater,
385 2207 506 2270 omisso
537 2227 620 2269 non.
665 2205 885 2270 Restituenda
919 2211 970 2269 est
997 2206 1100 2288 igitur
1123 2226 1164 2270 ea
1188 2210 1348 2273 orat-ionis

189 2315 309 2393 forma,
333 2335 399 2397 qua
424 2314 532 2377 Livius
556 2315 589 2376 in
612 2312 673 2377 hoc
702 2313 775 2395 ipso
797 2312 881 2378 libro
906 2333 932 2376 0.
956 2319 1007 2392 45,
1032 2316 1051 2376 8
1075 2313 1122 2393 (in
1151 2323 1249 2379 recta
1279 2337 1349 2381 ora·

188 2423 292 2502 tione)
311 2429 353 2498 et,
377 2428 414 2484 ut
436 2421 628 2499 videbimus,
647 2420 759 2498 XLIV,
785 2425 834 2495 39,
861 2426 875 2483 1
901 2443 980 2485 usus
1004 2426 1064 2498 est,
1088 2427 1125 2486 ut
1142 2423 1292 2504 primum
1313 2425 1349 2500 is,

189 2531 247 2611 qui
276 2530 378 2607 dicat,
413 2528 476 2592 sibi
510 2528 709 2593 contrariam
745 2528 942 2592 sentent-iam
971 2528 1107 2593 obiiciat
1137 2549 1201 2611 per
1231 2538 1277 2595 at
1300 2531 1352 2611 (at

189 2636 390 2716 hercule),
425 2635 558 2712 deinde,
589 2638 683 2718 quasi
716 2637 1009 2717 interrogationem
1039 2635 1279 2703 disiunctivam
1307 2641 1352 2704 iu·

189 2745 343 2822 stituerit,
369 2766 427 2827 per
451 2764 498 2806 an
521 2741 660 2826 (potius)
685 2744 918 2824 interrogando
940 2743 985 2820 id,
1009 2743 1100 2826 quod
1119 2744 1195 2827 ipse
1219 2749 1354 2826 sentiat,

190 2852 358 2931 adfirmet3
381 2854 426 2916 sic
450 2853 537 2914 enim
560 2872 585 2914 c.
611 2855 651 2913 45
676 2850 848 2914 scribitur:
872 2852 920 2914 At
943 2871 988 2915 eo
1011 2853 1103 2933 ipso
1127 2863 1354 2919 contentus

188 2961 323 3037 fuisti3
347 2966 462 3024 recto
486 2959 638 3022 Itinere
657 2959 885 3022 exercitum
903 2957 1061 3022 duxisti
1079 2958 1127 3022 ad
1150 2981 1232 3040 eos,
1257 2984 1355 3045 quos

188 3069 264 3133 tibi
288 3068 427 3131 hostes
458 3066 758 3148 desumpseras3
790 3088 835 3130 an
865 3086 935 3148 per
964 3086 1101 3129 omnes
1130 3066 1355 3136 anfractus

187 3178 341 3239 viarum
363 3211 406 3219 -
428 3174 612 3257 Phrygiae
635 3195 829 3237 recessus
853 3193 991 3237 omnes
1014 3208 1056 3217 —
1080 3180 1355 3259 peragrasti?

187 3282 252 3348 Sed
265 3283 360 3348 simul
372 3282 555 3346 tollendum
568 3280 657 3363 [cum
670 3279 835 3362 Creverio]
855 3282 916 3359 sit,
935 3280 1118 3360 ecquidem
1131 3285 1256 3366 magis,
1269 3287 1357 3369 quod

188 3391 243 3454 sit
260 3390 384 3454 latum
402 3410 468 3453 non
479 3398 593 3472 potest
605 3410 669 3452 non
683 3389 836 3470 coniungi
850 3409 922 3451 cum
935 3410 984 3471 qu
995 3396 1145 3465 antum,
1161 3413 1233 3474 quo
1255 3394 1304 3473 fit,
1323 3404 1358 3459 ut

186 3498 342 3581 primaria
365 3498 527 3561 sententia
552 3496 613 3575 (an
636 3503 791 3560 tantum
816 3497 918 3575 auri)
943 3517 1078 3577 prorsus
1097 3497 1207 3564 verbo
1233 3512 1358 3568 careat.

187 3603 401 3668 Scribendum
426 3612 476 3668 est
498 3605 611 3689 igitur:
637 3624 684 3666 an
708 3610 856 3686 praeter
880 3603 1053 3666 omnium
1083 3606 1234 3673 oculos
1266 3620 1358 3676 tau·

186 3717 268 3776 tum
292 3712 393 3789 auri,
417 3719 614 3793 quantum
636 3733 712 3775 non
742 3710 875 3774 decem
900 3709 999 3773 aliis
1029 3711 1284 3798 triumphiS‚
1310 3755 1359 3794 -,

186 3819 334 3883 latum?
380 3818 518 3900 [Eodem
551 3820 647 3883 modo
676 3819 810 3902 ponitur
849 3838 897 3880 an
926 3825 1002 3898 post
1030 3818 1208 3887 scilicet
1245 3827 1303 3907 IV,
1334 3835 1360 3899 5,

186 3929 205 3988 3
228 3934 261 3991 et
284 3927 373 4010 apud
399 3926 591 3991 Sallustium
614 3929 647 3990 in
670 3933 752 3990 orat.
779 3925 894 4007 Lepidi
918 3921 934 4004 ἓ
958 3921 1024 4003 21]
