2994 5108
137 521 200 576 Lib.
219 518 343 574 XXXIV.
685 509 748 569 494

139 700 248 759 ortum
287 713 359 757 esse
400 712 440 755 ex
472 692 612 756 umbre
646 692 792 756 etenim
827 699 898 770 sut,
940 713 1005 777 quo
1040 693 1134 758 ducit
1166 692 1297 759 fieret

139 798 338 881 (fierent),
381 799 604 864 scribendum:
644 806 688 864 ut
726 800 957 863 umbraclum
992 800 1138 875 (medis
1171 810 1295 866 aestas

138 909 154 973 f
158 916 246 975 orte
270 907 372 987 eret)
391 927 418 972 c.
431 908 451 970 1.
465 907 485 971 1.
499 906 631 972 111111.
667 906 752 972 Nem
770 907 976 972 umbraclum
992 907 1031 973 fit
1048 915 1082 973 et
1099 909 1292 974 exstruitur.

548 1098 640 1180 Lib.
673 1098 867 1181 XXXIV.
987 1130 989 1134 ·

225 1230 304 1313 Cep.
329 1234 362 1308 2,
397 1234 415 1292 2
451 1229 499 1309 (in
527 1228 570 1295 M.
601 1229 736 1296 Catonis
776 1237 893 1297 contre
926 1231 1177 1313 abrogationem
1209 1231 1296 1314 legis

138 1339 253 1423 Oppiae
289 1337 472 1418 oratione):
512 1337 624 1402 Nunc
658 1338 762 1403 domi
797 1341 905 1403 victa
937 1338 1116 1404 libertas
1149 1345 1298 1404 nostre.

138 1446 381 1530 impotentia
409 1445 601 1510 muliebri
630 1445 697 1509 hic
725 1466 882 1530 quoque
910 1447 949 1510 in
972 1446 1060 1511 foro
1084 1446 1294 1512 obteritur

139 1562 178 1619 et
201 1553 386 1618 calcetur
409 1559 462 1632 et,
492 1554 588 1637 quie
617 1553 801 1636 singulas
826 1555 1031 1619 sustinere
1053 1576 1130 1620 non
1153 1555 1294 1637 potui-

139 1683 229 1740 mus,
252 1662 465 1726 universas
488 1659 707 1725 horremus.
753 1661 896 1725 Verbum
920 1662 1130 1726 sustinere
1152 1683 1220 1727 non
1243 1668 1299 1727 est

136 1773 170 1835 in
199 1769 242 1848 B;
276 1769 438 1834 novicium
474 1788 547 1832 esse
583 1769 741 1833 orationis
775 1767 967 1851 supplendae
1000 1769 1140 1833 1111111111
1164 1770 1295 1852 (quom-

138 1898 238 1961 quam
262 1877 302 1940 de
325 1876 372 1954 M,
401 1880 439 1939 ut
466 1874 578 1940 multis
601 1875 696 1953 locis,
726 1875 807 1939 nihil
830 1876 996 1956 notetur),
1026 1884 1170 1960 arguunt
1192 1878 1294 1942 etiem

136 1983 396 2049 Drakenborchii
420 1981 557 2061 codices,
580 2002 718 2065 quorum
743 1983 809 2047 duo
825 1983 933 2063 (Voss.
953 1991 987 2048 et
1003 1983 1080 2048 Lov.
1099 1989 1118 2048 6
1143 2004 1164 2048 a
1185 1985 1299 2067 prims

136 2092 250 2173 manu)
279 2112 339 2175 pro
363 2111 401 2155 eo
424 2091 651 2154 restituere
674 2090 812 2170 hebent,
840 2112 924 2155 unus
947 2091 1036 2170 (Lov.
1063 2090 1094 2172 1)
1117 2092 1294 2156 restrin-

136 2220 239 2283 gere,
268 2205 345 2282 post
367 2199 570 2280 potuimus
594 2199 746 2280 positum.
798 2198 868 2263 Nec
891 2206 1005 2282 aptum
1027 2198 1061 2262 id
1085 2198 1222 2263 verbum
1245 2208 1297 2264 est

136 2313 195 2371 aut
215 2308 325 2389 ipsum
350 2306 567 2387 potuimus,
597 2307 754 2386 quoniam
777 2326 850 2370 cum
872 2305 1124 2388 reprehensione
1147 2307 1296 2372 notando

136 2421 187 2478 est
210 2434 311 2478 causa
333 2413 421 2487 mali,
444 2433 509 2476 non
532 2412 657 2477 factum
680 2432 754 2476 esse
776 2411 819 2490 id,
843 2413 932 2494 quod
954 2413 1025 2478 fieri
1049 2412 1214 2479 debuerit.
1245 2413 1296 2497 (Si

138 2522 299 2585 sustinere
318 2541 383 2583 non
402 2526 589 2601 potuerant,
612 2519 703 2583 nulla
720 2526 793 2583 erat
812 2520 932 2604 culpe.)
967 2521 1055 2585 Nihil
1073 2520 1295 2605 supplendum

138 2636 204 2708 est,
240 2628 297 2693 sed
325 2626 504 2690 tollendum
536 2625 703 2705 mendum,
739 2627 826 2710 quod
849 2628 948 2692 latet:
983 2631 1081 2709 quia
1109 2629 1296 2713 singulus

137 2756 213 2799 non
237 2735 463 2802 1111111111,
494 2735 713 2798 universas
736 2735 952 2800 horremus.
999 2735 1030 2818 [ᾖ
1056 2741 1094 2799 13
1119 2736 1297 2820 Ussingius

136 2842 218 2906 vidit
242 2843 288 2906 sic
311 2841 606 2923 interpungendum
631 2863 714 2905 esse:
744 2877 786 2886 --
809 2851 980 2924 sperate,
1005 2845 1114 2927 ipsas
1137 2844 1295 2909 modum

137 2950 317 3013 licentius
341 2949 534 3012 facturus,
584 2948 1297 3027 1111111111111111,111111111111111

92 3115 96 3122 .
137 3092 187 3118 —.
233 3055 387 3138 Alioquin
418 3077 488 3119 esse
517 3055 673 3119 debebat:
709 3058 823 3138 ipses
853 3092 895 3102 —
925 3059 1125 3136 facturae,
1161 3060 1195 3122 si
1225 3081 1298 3124 vos

136 3163 415 3226 nonfaciatis.
464 3161 569 3243 1863]

224 3268 302 3351 Cap.
334 3275 368 3347 3,
406 3275 418 3331 1
452 3271 498 3347 (in
533 3270 646 3332 eadem
682 3272 860 3350 oratione):
896 3273 1125 3337 Recensete
1159 3275 1297 3339 omnia

136 3375 358 3438 muliebria
381 3377 484 3450 iura,
520 3376 664 3457 quibus
693 3377 901 3442 licentiam
926 3401 1061 3443 earum
1085 3379 1298 3462 adligave-

137 3482 223 3544 rint
260 3484 434 3545 maiores
467 3485 608 3546 nostri.
670 3484 781 3547 Putidi
815 3486 925 3548 nescio
961 3487 1040 3568 quid
1074 3485 1177 3551 habet
1212 3488 1298 3554 illud

136 3589 279 3665 omnia,
315 3590 407 3668 quasi
443 3590 621 3652 cavendum
655 3593 712 3667 sit,
748 3613 788 3654 11
823 3591 927 3654 ullum
965 3595 1154 3673 omittatur,
1192 3617 1298 3678 quum

137 3695 317 3775 praesertim
357 3703 445 3758 reete
486 3703 519 3759 11
553 3704 629 3779 apte
664 3698 878 3779 adiungetur:
919 3700 1067 3779 quihus
1106 3703 1300 3769 omnibus

136 3799 223 3880 (quse
263 3806 314 3864 tot
353 3822 485 3866 numero
526 3805 711 3885 reperietis)
752 3808 1011 3870 constrictas
1051 3810 1115 3871 vix
1155 3817 1300 3877 tamen

136 3909 350 3970 continere
374 3911 565 3990 potestis.
617 3909 654 3973 ln
678 3910 703 3973 B
727 3921 791 3975 est:
826 3913 984 3977 Recens
1015 3922 1053 3977 et
1076 3936 1121 3979 ee
1144 3919 1301 3999 omnia3

137 4014 284 4095 suspicor
312 4015 345 4075 in
375 4013 431 4078 illo
461 4016 683 4081 Recensete
707 4040 727 4080 a
750 4021 882 4083 omnia
912 4020 1031 4085 latere:
1068 4022 1301 4089 Recensete

136 4119 264 4182 animo
288 4119 507 4185 muliebria
530 4124 627 4186 iura.
674 4124 814 4205 [Ibidem
839 4127 926 4208 quod
951 4127 1075 4192 editur:
1100 4150 1301 4212 111111111-

137 4245 210 4303 que
234 4225 487 4291 subiecerint
509 4231 618 4307 viris,
648 4251 758 4294 verum
782 4254 846 4296 non
871 4254 942 4297 esse
966 4237 1077 4316 arguit
1100 4258 1172 4318 per
1196 4259 1299 4319 (1111-

136 4347 210 4406 que
239 4351 298 4411 pro
329 4336 366 4393 et
394 4355 465 4415 per
493 4357 577 4415 quae
606 4339 750 4418 positum
774 4346 806 4401 11
829 4340 916 4419 quod
940 4362 1041 4423 prave
1063 4343 1203 4409 licentia
1226 4367 1302 4410 mu·
