<?xml version="1.0" encoding="UTF-8"?>
<!DOCTYPE html PUBLIC "-//W3C//DTD XHTML 1.0 Transitional//EN"
    "http://www.w3.org/TR/xhtml1/DTD/xhtml1-transitional.dtd">
<html xmlns="http://www.w3.org/1999/xhtml" xml:lang="en" lang="en">
 <head>
  <title>
</title>
<meta http-equiv="Content-Type" content="text/html;charset=utf-8" />
  <meta name='ocr-system' content='tesseract 3.04.00' />
  <meta name='ocr-capabilities' content='ocr_page ocr_carea ocr_par ocr_line ocrx_word'/>
</head>
<body>
  <div class='ocr_page' id='page_1' title='image "./emendationesliv00madvgoog_0748.png"; bbox 0 0 2994 5108; ppageno 0'>
   <div class='ocr_carea' id='block_1_1' title="bbox 677 481 1281 548">
    <p class='ocr_par' dir='ltr' id='par_1_1' title="bbox 677 481 1281 548">
     <span class='ocr_line' id='line_1_1' title="bbox 677 481 1281 548; baseline 0.002 -5"><span class='ocrx_word' id='word_1_1' title='bbox 677 481 738 544; x_wconf 81' lang='lat'><strong>737</strong></span> <span class='ocrx_word' id='word_1_2' title='bbox 1116 492 1178 548; x_wconf 82' lang='lat' dir='ltr'><strong>Lib.</strong></span> <span class='ocrx_word' id='word_1_3' title='bbox 1196 489 1281 546; x_wconf 81' lang='lat' dir='ltr'>XLV.</span> 
     </span>
    </p>
   </div>
   <div class='ocr_carea' id='block_1_2' title="bbox 132 653 1293 2589">
    <p class='ocr_par' dir='ltr' id='par_1_2' title="bbox 132 653 1291 2265">
     <span class='ocr_line' id='line_1_2' title="bbox 134 653 1286 753; baseline -0.004 -19"><span class='ocrx_word' id='word_1_4' title='bbox 134 690 256 753; x_wconf 89' lang='lat' dir='ltr'><strong>quum</strong></span> <span class='ocrx_word' id='word_1_5' title='bbox 279 670 518 734; x_wconf 89' lang='lat' dir='ltr'><strong>circumiret</strong></span> <span class='ocrx_word' id='word_1_6' title='bbox 545 653 632 752; x_wconf 87' lang='lat' dir='ltr'><strong>ipse</strong></span> <span class='ocrx_word' id='word_1_7' title='bbox 656 666 816 732; x_wconf 84' lang='lat' dir='ltr'><strong>Graeciae</strong></span> <span class='ocrx_word' id='word_1_8' title='bbox 839 666 1045 745; x_wconf 85' lang='lat' dir='ltr'><strong>civitates,</strong></span> <span class='ocrx_word' id='word_1_9' title='bbox 1075 663 1286 730; x_wconf 80' lang='lat' dir='ltr'>indixerat</span> 
     </span>
     <span class='ocr_line' id='line_1_3' title="bbox 133 772 1285 862; baseline -0.005 -19"><span class='ocrx_word' id='word_1_10' title='bbox 133 777 412 862; x_wconf 89' lang='lat' dir='ltr'><strong>principibus,</strong></span> <span class='ocrx_word' id='word_1_11' title='bbox 434 796 574 858; x_wconf 85' lang='lat' dir='ltr'><strong>magno</strong></span> <span class='ocrx_word' id='word_1_12' title='bbox 599 781 801 858; x_wconf 89' lang='lat' dir='ltr'><strong>apparatu</strong></span> <span class='ocrx_word' id='word_1_13' title='bbox 822 773 1055 858; x_wconf 87' lang='lat' dir='ltr'><strong>Amphipoli</strong></span> <span class='ocrx_word' id='word_1_14' title='bbox 1076 772 1184 838; x_wconf 88' lang='lat' dir='ltr'><strong>fecit.</strong></span> <span class='ocrx_word' id='word_1_15' title='bbox 1220 772 1285 837; x_wconf 92' lang='lat' dir='ltr'><strong>Lu-</strong></span> 
     </span>
     <span class='ocr_line' id='line_1_4' title="bbox 135 880 1286 967; baseline -0.005 -16"><span class='ocrx_word' id='word_1_16' title='bbox 135 885 262 951; x_wconf 87' lang='lat' dir='ltr'><strong>dicrum</strong></span> <span class='ocrx_word' id='word_1_17' title='bbox 285 906 330 950; x_wconf 85' lang='lat' dir='ltr'><strong>ex</strong></span> <span class='ocrx_word' id='word_1_18' title='bbox 352 883 478 950; x_wconf 89' lang='lat' dir='ltr'><strong>multo</strong></span> <span class='ocrx_word' id='word_1_19' title='bbox 502 890 597 948; x_wconf 87' lang='lat' dir='ltr'><strong>ante</strong></span> <span class='ocrx_word' id='word_1_20' title='bbox 619 888 849 967; x_wconf 89' lang='lat' dir='ltr'><strong>praeparato</strong></span> <span class='ocrx_word' id='word_1_21' title='bbox 872 880 918 961; x_wconf 90' lang='lat' dir='ltr'><strong>fit,</strong></span> <span class='ocrx_word' id='word_1_22' title='bbox 935 901 1001 947; x_wconf 91' lang='lat' dir='ltr'><strong>non</strong></span> <span class='ocrx_word' id='word_1_23' title='bbox 1018 881 1184 947; x_wconf 81' lang='lat' dir='ltr'><strong>indicitur.</strong></span> <span class='ocrx_word' id='word_1_24' title='bbox 1217 881 1286 946; x_wconf 91' lang='lat' dir='ltr'><strong>Nec</strong></span> 
     </span>
     <span class='ocr_line' id='line_1_5' title="bbox 132 987 1288 1074; baseline -0.004 -15"><span class='ocrx_word' id='word_1_25' title='bbox 132 1000 225 1060; x_wconf 86' lang='lat' dir='ltr'><strong>recte</strong></span> <span class='ocrx_word' id='word_1_26' title='bbox 248 992 416 1059; x_wconf 84' lang='lat' dir='ltr'><strong>cohaerent</strong></span> <span class='ocrx_word' id='word_1_27' title='bbox 437 991 507 1057; x_wconf 88' lang='lat' dir='ltr'><strong>haec</strong></span> <span class='ocrx_word' id='word_1_28' title='bbox 530 990 586 1074; x_wconf 90' lang='lat'><strong>(-</strong></span> <span class='ocrx_word' id='word_1_29' title='bbox 608 993 654 1057; x_wconf 92' lang='lat' dir='ltr'><strong>sic</strong></span> <span class='ocrx_word' id='word_1_30' title='bbox 671 992 757 1056; x_wconf 90' lang='lat' dir='ltr'><strong>enim</strong></span> <span class='ocrx_word' id='word_1_31' title='bbox 774 996 1012 1055; x_wconf 89' lang='lat' dir='ltr'><strong>connectuntur</strong></span> <span class='ocrx_word' id='word_1_32' title='bbox 1027 989 1099 1071; x_wconf 88' lang='lat'><strong>-):</strong></span> <span class='ocrx_word' id='word_1_33' title='bbox 1121 987 1288 1055; x_wconf 78' lang='lat' dir='ltr'><strong>indixerat</strong></span> 
     </span>
     <span class='ocr_line' id='line_1_6' title="bbox 136 1097 1288 1185; baseline -0.003 -19"><span class='ocrx_word' id='word_1_34' title='bbox 136 1099 407 1185; x_wconf 90' lang='lat' dir='ltr'><strong>principibus,</strong></span> <span class='ocrx_word' id='word_1_35' title='bbox 430 1101 519 1166; x_wconf 88' lang='lat' dir='ltr'><strong>etin</strong></span> <span class='ocrx_word' id='word_1_36' title='bbox 542 1100 627 1165; x_wconf 79' lang='lat' dir='ltr'><strong>Asiae</strong></span> <span class='ocrx_word' id='word_1_37' title='bbox 650 1100 800 1165; x_wconf 86' lang='lat' dir='ltr'><strong>civitates</strong></span> <span class='ocrx_word' id='word_1_38' title='bbox 823 1105 856 1164; x_wconf 89' lang='lat' dir='ltr'><strong>et</strong></span> <span class='ocrx_word' id='word_1_39' title='bbox 879 1097 928 1163; x_wconf 90' lang='lat' dir='ltr'><strong>ad</strong></span> <span class='ocrx_word' id='word_1_40' title='bbox 950 1119 1066 1181; x_wconf 82' lang='lat' dir='ltr'><strong>reges</strong></span> <span class='ocrx_word' id='word_1_41' title='bbox 1088 1098 1205 1177; x_wconf 91' lang='lat' dir='ltr'><strong>missis,</strong></span> <span class='ocrx_word' id='word_1_42' title='bbox 1229 1097 1288 1180; x_wconf 90' lang='lat' dir='ltr'><strong>qui</strong></span> 
     </span>
     <span class='ocr_line' id='line_1_7' title="bbox 134 1204 1287 1293; baseline -0.007 -17"><span class='ocrx_word' id='word_1_43' title='bbox 134 1209 377 1288; x_wconf 76' lang='lat' dir='ltr'><strong>denuntiarent,</strong></span> <span class='ocrx_word' id='word_1_44' title='bbox 400 1214 433 1273; x_wconf 86' lang='lat' dir='ltr'><strong>et</strong></span> <span class='ocrx_word' id='word_1_45' title='bbox 456 1230 556 1293; x_wconf 90' lang='lat' dir='ltr'><strong>quum</strong></span> <span class='ocrx_word' id='word_1_46' title='bbox 577 1208 648 1292; x_wconf 90' lang='lat' dir='ltr'><strong>ipse</strong></span> <span class='ocrx_word' id='word_1_47' title='bbox 671 1206 858 1272; x_wconf 91' lang='lat' dir='ltr'><strong>circumiret</strong></span> <span class='ocrx_word' id='word_1_48' title='bbox 880 1207 1038 1271; x_wconf 74' lang='lat' dir='ltr'><strong>civitates.</strong></span> <span class='ocrx_word' id='word_1_49' title='bbox 1072 1205 1135 1271; x_wconf 92' lang='lat' dir='ltr'><strong>Pro</strong></span> <span class='ocrx_word' id='word_1_50' title='bbox 1159 1204 1287 1270; x_wconf 86' lang='lat' dir='ltr'><strong>indix-</strong></span> 
     </span>
     <span class='ocr_line' id='line_1_8' title="bbox 135 1312 1289 1400; baseline -0.004 -17"><span class='ocrx_word' id='word_1_51' title='bbox 135 1324 227 1383; x_wconf 89' lang='lat' dir='ltr'><strong>erat</strong></span> <span class='ocrx_word' id='word_1_52' title='bbox 249 1316 352 1383; x_wconf 83' lang='lat' dir='ltr'><strong>codex</strong></span> <span class='ocrx_word' id='word_1_53' title='bbox 374 1315 476 1382; x_wconf 88' lang='lat' dir='ltr'><strong>habet</strong></span> <span class='ocrx_word' id='word_1_54' title='bbox 498 1314 720 1400; x_wconf 80' lang='lat' dir='ltr'><strong>indignato.</strong></span> <span class='ocrx_word' id='word_1_55' title='bbox 766 1314 892 1379; x_wconf 87' lang='lat' dir='ltr'><strong>Livium</strong></span> <span class='ocrx_word' id='word_1_56' title='bbox 915 1315 1084 1399; x_wconf 85' lang='lat' dir='ltr'><strong>scripsisse</strong></span> <span class='ocrx_word' id='word_1_57' title='bbox 1107 1319 1187 1398; x_wconf 86' lang='lat' dir='ltr'><strong>puto</strong></span> <span class='ocrx_word' id='word_1_58' title='bbox 1212 1312 1289 1395; x_wconf 87' lang='lat' dir='ltr'><strong>(etsi</strong></span> 
     </span>
     <span class='ocr_line' id='line_1_9' title="bbox 136 1421 1288 1504; baseline -0.003 -13"><span class='ocrx_word' id='word_1_59' title='bbox 136 1426 172 1498; x_wconf 86' lang='lat' dir='ltr'><strong>in</strong></span> <span class='ocrx_word' id='word_1_60' title='bbox 194 1425 260 1491; x_wconf 88' lang='lat' dir='ltr'><strong>alio</strong></span> <span class='ocrx_word' id='word_1_61' title='bbox 283 1424 394 1490; x_wconf 89' lang='lat' dir='ltr'><strong>codice</strong></span> <span class='ocrx_word' id='word_1_62' title='bbox 417 1424 561 1490; x_wconf 85' lang='lat' dir='ltr'><strong>violenta</strong></span> <span class='ocrx_word' id='word_1_63' title='bbox 582 1423 653 1489; x_wconf 78' lang='lat' dir='ltr'><strong>hac</strong></span> <span class='ocrx_word' id='word_1_64' title='bbox 675 1423 835 1489; x_wconf 88' lang='lat' dir='ltr'><strong>correctio</strong></span> <span class='ocrx_word' id='word_1_65' title='bbox 857 1421 1051 1504; x_wconf 85' lang='lat' dir='ltr'><strong>videretur):</strong></span> <span class='ocrx_word' id='word_1_66' title='bbox 1085 1421 1143 1488; x_wconf 83' lang='lat' dir='ltr'><strong>Ab</strong></span> <span class='ocrx_word' id='word_1_67' title='bbox 1166 1422 1288 1488; x_wconf 91' lang='lat' dir='ltr'><strong>seriis</strong></span> 
     </span>
     <span class='ocr_line' id='line_1_10' title="bbox 136 1529 1288 1614; baseline -0.003 -16"><span class='ocrx_word' id='word_1_68' title='bbox 136 1532 262 1599; x_wconf 87' lang='lat' dir='ltr'><strong>rebus</strong></span> <span class='ocrx_word' id='word_1_69' title='bbox 284 1531 485 1597; x_wconf 91' lang='lat' dir='ltr'><strong>ludicrum</strong></span> <span class='ocrx_word' id='word_1_70' title='bbox 510 1531 596 1612; x_wconf 91' lang='lat' dir='ltr'><strong>(cod.</strong></span> <span class='ocrx_word' id='word_1_71' title='bbox 619 1531 805 1597; x_wconf 91' lang='lat' dir='ltr'><strong>ludorum</strong></span> <span class='ocrx_word' id='word_1_72' title='bbox 828 1530 945 1614; x_wconf 87' lang='lat' dir='ltr'><strong>qnod)</strong></span> <span class='ocrx_word' id='word_1_73' title='bbox 976 1552 1021 1596; x_wconf 88' lang='lat' dir='ltr'><strong>ex</strong></span> <span class='ocrx_word' id='word_1_74' title='bbox 1044 1529 1170 1596; x_wconf 89' lang='lat' dir='ltr'><strong>multo</strong></span> <span class='ocrx_word' id='word_1_75' title='bbox 1194 1537 1288 1595; x_wconf 89' lang='lat' dir='ltr'><strong>ante</strong></span> 
     </span>
     <span class='ocr_line' id='line_1_11' title="bbox 136 1637 1289 1726; baseline -0.002 -21"><span class='ocrx_word' id='word_1_76' title='bbox 136 1646 384 1726; x_wconf 65' lang='lat' dir='ltr'><strong>preparato,</strong></span> <span class='ocrx_word' id='word_1_77' title='bbox 409 1641 508 1705; x_wconf 91' lang='lat' dir='ltr'><strong>etin</strong></span> <span class='ocrx_word' id='word_1_78' title='bbox 533 1639 633 1706; x_wconf 77' lang='lat' dir='ltr'><strong>Asia</strong></span> <span class='ocrx_word' id='word_1_79' title='bbox 655 1640 850 1705; x_wconf 87' lang='lat' dir='ltr'><strong>civitates</strong></span> <span class='ocrx_word' id='word_1_80' title='bbox 873 1645 913 1703; x_wconf 88' lang='lat' dir='ltr'><strong>et</strong></span> <span class='ocrx_word' id='word_1_81' title='bbox 935 1637 983 1704; x_wconf 90' lang='lat' dir='ltr'><strong>ad</strong></span> <span class='ocrx_word' id='word_1_82' title='bbox 1005 1659 1121 1722; x_wconf 81' lang='lat' dir='ltr'><strong>reges</strong></span> <span class='ocrx_word' id='word_1_83' title='bbox 1144 1638 1289 1719; x_wconf 89' lang='lat' dir='ltr'><strong>missis,</strong></span> 
     </span>
     <span class='ocr_line' id='line_1_12' title="bbox 140 1745 1289 1832; baseline -0.003 -18"><span class='ocrx_word' id='word_1_84' title='bbox 140 1749 206 1832; x_wconf 75' lang='lat' dir='ltr'><strong>q&#39;ui</strong></span> <span class='ocrx_word' id='word_1_85' title='bbox 230 1748 532 1826; x_wconf 86' lang='lat' dir='ltr'><strong>denuntiarent,</strong></span> <span class='ocrx_word' id='word_1_86' title='bbox 556 1753 603 1826; x_wconf 83' lang='lat' dir='ltr'><strong>et,</strong></span> <span class='ocrx_word' id='word_1_87' title='bbox 627 1768 744 1831; x_wconf 90' lang='lat' dir='ltr'><strong>quum</strong></span> <span class='ocrx_word' id='word_1_88' title='bbox 767 1748 1003 1813; x_wconf 89' lang='lat' dir='ltr'><strong>circumiret</strong></span> <span class='ocrx_word' id='word_1_89' title='bbox 1019 1748 1105 1832; x_wconf 90' lang='lat' dir='ltr'><strong>ipse</strong></span> <span class='ocrx_word' id='word_1_90' title='bbox 1124 1745 1289 1811; x_wconf 73' lang='lat' dir='ltr'><strong>Graecia</strong></span> 
     </span>
     <span class='ocr_line' id='line_1_13' title="bbox 137 1855 1291 1940; baseline -0.001 -19"><span class='ocrx_word' id='word_1_91' title='bbox 137 1857 349 1935; x_wconf 83' lang='lat' dir='ltr'><strong>civitates,</strong></span> <span class='ocrx_word' id='word_1_92' title='bbox 389 1855 567 1919; x_wconf 79' lang='lat' dir='ltr'><strong>irritatis</strong></span> <span class='ocrx_word' id='word_1_93' title='bbox 600 1855 875 1940; x_wconf 87' lang='lat' dir='ltr'><strong>principibus,</strong></span> <span class='ocrx_word' id='word_1_94' title='bbox 915 1877 1054 1939; x_wconf 84' lang='lat' dir='ltr'><strong>magno</strong></span> <span class='ocrx_word' id='word_1_95' title='bbox 1089 1861 1291 1939; x_wconf 89' lang='lat' dir='ltr'><strong>apparatu</strong></span> 
     </span>
     <span class='ocr_line' id='line_1_14' title="bbox 135 1963 1289 2047; baseline -0.002 -17"><span class='ocrx_word' id='word_1_96' title='bbox 135 1963 250 2040; x_wconf 86' lang='lat' dir='ltr'><strong>iecit.</strong></span> <span class='ocrx_word' id='word_1_97' title='bbox 295 1964 366 2029; x_wconf 88' lang='lat' dir='ltr'><strong>Iam</strong></span> <span class='ocrx_word' id='word_1_98' title='bbox 392 1972 487 2029; x_wconf 88' lang='lat' dir='ltr'><strong>recte</strong></span> <span class='ocrx_word' id='word_1_99' title='bbox 521 1964 630 2029; x_wconf 91' lang='lat' dir='ltr'><strong>omnia</strong></span> <span class='ocrx_word' id='word_1_100' title='bbox 663 1965 749 2029; x_wconf 89' lang='lat' dir='ltr'><strong>inter</strong></span> <span class='ocrx_word' id='word_1_101' title='bbox 783 1984 818 2029; x_wconf 88' lang='lat' dir='ltr'><strong>se</strong></span> <span class='ocrx_word' id='word_1_102' title='bbox 852 1964 1062 2047; x_wconf 87' lang='lat' dir='ltr'><strong>respondent.</strong></span> <span class='ocrx_word' id='word_1_103' title='bbox 1106 1964 1155 2028; x_wconf 82' lang='lat' dir='ltr'><strong>Ex</strong></span> <span class='ocrx_word' id='word_1_104' title='bbox 1184 1963 1289 2028; x_wconf 90' lang='lat' dir='ltr'><strong>multo</strong></span> 
     </span>
     <span class='ocr_line' id='line_1_15' title="bbox 137 2070 1291 2157; baseline -0.003 -19"><span class='ocrx_word' id='word_1_105' title='bbox 137 2079 217 2138; x_wconf 87' lang='lat' dir='ltr'><strong>ante</strong></span> <span class='ocrx_word' id='word_1_106' title='bbox 240 2078 426 2157; x_wconf 81' lang='lat' dir='ltr'><strong>praeparato</strong></span> <span class='ocrx_word' id='word_1_107' title='bbox 449 2072 519 2136; x_wconf 90' lang='lat' dir='ltr'><strong>ludi</strong></span> <span class='ocrx_word' id='word_1_108' title='bbox 541 2071 681 2152; x_wconf 87' lang='lat' dir='ltr'><strong>fiebant;</strong></span> <span class='ocrx_word' id='word_1_109' title='bbox 714 2093 791 2137; x_wconf 90' lang='lat' dir='ltr'><strong>nam</strong></span> <span class='ocrx_word' id='word_1_110' title='bbox 815 2077 848 2137; x_wconf 88' lang='lat' dir='ltr'><strong>et</strong></span> <span class='ocrx_word' id='word_1_111' title='bbox 870 2073 903 2136; x_wconf 91' lang='lat' dir='ltr'><strong>in</strong></span> <span class='ocrx_word' id='word_1_112' title='bbox 925 2072 1036 2138; x_wconf 80' lang='lat' dir='ltr'><strong>Asiam</strong></span> <span class='ocrx_word' id='word_1_113' title='bbox 1059 2073 1210 2151; x_wconf 81' lang='lat' dir='ltr'><strong>miserat,</strong></span> <span class='ocrx_word' id='word_1_114' title='bbox 1234 2070 1291 2154; x_wconf 91' lang='lat' dir='ltr'><strong>qni</strong></span> 
     </span>
     <span class='ocr_line' id='line_1_16' title="bbox 138 2179 1160 2265; baseline -0.002 -19"><span class='ocrx_word' id='word_1_115' title='bbox 138 2179 390 2258; x_wconf 83' lang='lat' dir='ltr'><strong>denuntiarent,</strong></span> <span class='ocrx_word' id='word_1_116' title='bbox 414 2188 447 2244; x_wconf 91' lang='lat' dir='ltr'><strong>et</strong></span> <span class='ocrx_word' id='word_1_117' title='bbox 468 2180 501 2243; x_wconf 92' lang='lat' dir='ltr'><strong>in</strong></span> <span class='ocrx_word' id='word_1_118' title='bbox 524 2180 653 2246; x_wconf 86' lang='lat' dir='ltr'><strong>Graecia</strong></span> <span class='ocrx_word' id='word_1_119' title='bbox 673 2181 744 2264; x_wconf 88' lang='lat' dir='ltr'><strong>ipse</strong></span> <span class='ocrx_word' id='word_1_120' title='bbox 767 2181 932 2265; x_wconf 91' lang='lat' dir='ltr'><strong>principes</strong></span> <span class='ocrx_word' id='word_1_121' title='bbox 951 2181 1160 2246; x_wconf 81' lang='lat' dir='ltr'><strong>invitaverat.</strong></span> 
     </span>
    </p>

    <p class='ocr_par' dir='ltr' id='par_1_3' title="bbox 139 2286 1293 2589">
     <span class='ocr_line' id='line_1_17' title="bbox 228 2286 1292 2373; baseline -0.002 -20"><span class='ocrx_word' id='word_1_122' title='bbox 228 2286 306 2372; x_wconf 89' lang='lat' dir='ltr'><strong>Cap.</strong></span> <span class='ocrx_word' id='word_1_123' title='bbox 331 2291 381 2367; x_wconf 89' lang='lat'><strong>33,</strong></span> <span class='ocrx_word' id='word_1_124' title='bbox 405 2293 425 2351; x_wconf 85' lang='grc'>4</span> <span class='ocrx_word' id='word_1_125' title='bbox 453 2288 524 2367; x_wconf 85' lang='lat' dir='ltr'><strong>(ubi</strong></span> <span class='ocrx_word' id='word_1_126' title='bbox 552 2296 825 2354; x_wconf 88' lang='lat' dir='ltr'><strong>commemoratur</strong></span> <span class='ocrx_word' id='word_1_127' title='bbox 859 2290 955 2373; x_wconf 90' lang='lat' dir='ltr'><strong>copia</strong></span> <span class='ocrx_word' id='word_1_128' title='bbox 981 2309 1093 2354; x_wconf 89' lang='lat' dir='ltr'><strong>rerum</strong></span> <span class='ocrx_word' id='word_1_129' title='bbox 1120 2293 1154 2354; x_wconf 87' lang='lat' dir='ltr'><strong>et</strong></span> <span class='ocrx_word' id='word_1_130' title='bbox 1182 2287 1292 2352; x_wconf 86' lang='lat' dir='ltr'><strong>vilitas</strong></span> 
     </span>
     <span class='ocr_line' id='line_1_18' title="bbox 139 2395 1293 2482; baseline -0.002 -20"><span class='ocrx_word' id='word_1_131' title='bbox 139 2416 279 2462; x_wconf 86' lang='lat' dir='ltr'><strong>annonae</strong></span> <span class='ocrx_word' id='word_1_132' title='bbox 301 2398 336 2461; x_wconf 91' lang='lat' dir='ltr'><strong>in</strong></span> <span class='ocrx_word' id='word_1_133' title='bbox 366 2402 526 2460; x_wconf 85' lang='lat' dir='ltr'><strong>conventu</strong></span> <span class='ocrx_word' id='word_1_134' title='bbox 553 2395 706 2462; x_wconf 86' lang='lat' dir='ltr'><strong>ludorum</strong></span> <span class='ocrx_word' id='word_1_135' title='bbox 732 2396 857 2479; x_wconf 90' lang='lat' dir='ltr'><strong>causa):</strong></span> <span class='ocrx_word' id='word_1_136' title='bbox 892 2404 934 2463; x_wconf 86' lang='lat' dir='ltr'><strong>ut</strong></span> <span class='ocrx_word' id='word_1_137' title='bbox 968 2403 1006 2463; x_wconf 87' lang='lat' dir='ltr'><strong>et</strong></span> <span class='ocrx_word' id='word_1_138' title='bbox 1039 2396 1218 2482; x_wconf 80' lang='lat' dir='ltr'><strong>privatis</strong></span> <span class='ocrx_word' id='word_1_139' title='bbox 1253 2403 1293 2461; x_wconf 92' lang='lat' dir='ltr'><strong>et</strong></span> 
     </span>
     <span class='ocr_line' id='line_1_19' title="bbox 139 2504 1292 2589; baseline 0 -20"><span class='ocrx_word' id='word_1_140' title='bbox 139 2504 388 2570; x_wconf 83' lang='lat' dir='ltr'><strong>civitatibus</strong></span> <span class='ocrx_word' id='word_1_141' title='bbox 417 2509 456 2569; x_wconf 88' lang='lat' dir='ltr'><strong>et</strong></span> <span class='ocrx_word' id='word_1_142' title='bbox 478 2504 667 2586; x_wconf 88' lang='lat' dir='ltr'><strong>gentibus</strong></span> <span class='ocrx_word' id='word_1_143' title='bbox 692 2506 794 2571; x_wconf 88' lang='lat' dir='ltr'><strong>dona</strong></span> <span class='ocrx_word' id='word_1_144' title='bbox 817 2505 913 2572; x_wconf 89' lang='lat' dir='ltr'><strong>data</strong></span> <span class='ocrx_word' id='word_1_145' title='bbox 934 2541 977 2552; x_wconf 90' lang='lat'><em>-</em></span> <span class='ocrx_word' id='word_1_146' title='bbox 999 2505 1082 2570; x_wconf 93' lang='lat' dir='ltr'><strong>sint</strong></span> <span class='ocrx_word' id='word_1_147' title='bbox 1104 2505 1151 2570; x_wconf 93' lang='lat' dir='ltr'><strong>ab</strong></span> <span class='ocrx_word' id='word_1_148' title='bbox 1175 2506 1292 2589; x_wconf 89' lang='lat' dir='ltr'><strong>impe·</strong></span> 
     </span>
    </p>
   </div>
   <div class='ocr_carea' id='block_1_3' title="bbox 76 2611 1381 3347">
    <p class='ocr_par' dir='ltr' id='par_1_4' title="bbox 140 2611 1331 2805">
     <span class='ocr_line' id='line_1_20' title="bbox 142 2611 1331 2699; baseline -0.002 -22"><span class='ocrx_word' id='word_1_149' title='bbox 142 2619 283 2679; x_wconf 90' lang='lat' dir='ltr'><strong>ratore</strong></span> <span class='ocrx_word' id='word_1_150' title='bbox 316 2633 393 2677; x_wconf 90' lang='lat' dir='ltr'><strong>non</strong></span> <span class='ocrx_word' id='word_1_151' title='bbox 422 2611 463 2677; x_wconf 92' lang='lat' dir='ltr'><strong>in</strong></span> <span class='ocrx_word' id='word_1_152' title='bbox 490 2633 602 2678; x_wconf 86' lang='lat' dir='ltr'><strong>usum</strong></span> <span class='ocrx_word' id='word_1_153' title='bbox 636 2614 747 2679; x_wconf 91' lang='lat' dir='ltr'><strong>modo</strong></span> <span class='ocrx_word' id='word_1_154' title='bbox 777 2620 1032 2699; x_wconf 88' lang='lat' dir='ltr'><strong>praesentem,</strong></span> <span class='ocrx_word' id='word_1_155' title='bbox 1067 2612 1135 2679; x_wconf 90' lang='lat' dir='ltr'><strong>sed</strong></span> <span class='ocrx_word' id='word_1_156' title='bbox 1169 2612 1293 2677; x_wconf 89' lang='lat' dir='ltr'><strong>etiam</strong></span> <span class='ocrx_word' id='word_1_157' title='bbox 1328 2631 1331 2635; x_wconf 49' lang='lat'><strong>¹</strong></span> 
     </span>
     <span class='ocr_line' id='line_1_21' title="bbox 140 2719 1293 2805; baseline -0.002 -19"><span class='ocrx_word' id='word_1_158' title='bbox 140 2720 247 2805; x_wconf 86' lang='lat' dir='ltr'><strong>quod</strong></span> <span class='ocrx_word' id='word_1_159' title='bbox 266 2720 395 2785; x_wconf 90' lang='lat' dir='ltr'><strong>domos</strong></span> <span class='ocrx_word' id='word_1_160' title='bbox 417 2719 646 2786; x_wconf 85' lang='lat' dir='ltr'><strong>eveherent.</strong></span> <span class='ocrx_word' id='word_1_161' title='bbox 670 2720 866 2788; x_wconf 89' lang='lat' dir='ltr'><strong>Necessario</strong></span> <span class='ocrx_word' id='word_1_162' title='bbox 885 2722 1107 2788; x_wconf 90' lang='lat' dir='ltr'><strong>scribendum:</strong></span> <span class='ocrx_word' id='word_1_163' title='bbox 1130 2742 1213 2804; x_wconf 85' lang='lat' dir='ltr'><strong>quae</strong></span> <span class='ocrx_word' id='word_1_164' title='bbox 1231 2720 1293 2784; x_wconf 85' lang='lat' dir='ltr'><strong>d&#39;o·</strong></span> 
     </span>
    </p>

    <p class='ocr_par' dir='ltr' id='par_1_5' title="bbox 76 2825 1381 3129">
     <span class='ocr_line' id='line_1_22' title="bbox 76 2825 1381 2915; baseline 0.004 -22"><span class='ocrx_word' id='word_1_165' title='bbox 76 2871 87 2899; x_wconf 88' lang='grc'><strong>.</strong></span> <span class='ocrx_word' id='word_1_166' title='bbox 141 2848 224 2894; x_wconf 90' lang='lat' dir='ltr'><strong>mos</strong></span> <span class='ocrx_word' id='word_1_167' title='bbox 247 2825 479 2892; x_wconf 80' lang='lat' dir='ltr'><strong>eveherent.</strong></span> <span class='ocrx_word' id='word_1_168' title='bbox 527 2828 672 2894; x_wconf 81' lang='lat' dir='ltr'><strong>Adhaesit</strong></span> <span class='ocrx_word' id='word_1_169' title='bbox 694 2831 713 2892; x_wconf 91' lang='lat' dir='ltr'><strong>d</strong></span> <span class='ocrx_word' id='word_1_170' title='bbox 736 2852 776 2896; x_wconf 87' lang='lat' dir='ltr'><strong>ex</strong></span> <span class='ocrx_word' id='word_1_171' title='bbox 803 2831 951 2915; x_wconf 85' lang='lat' dir='ltr'><strong>proximo</strong></span> <span class='ocrx_word' id='word_1_172' title='bbox 985 2828 1152 2895; x_wconf 89' lang='lat' dir='ltr'><strong>vocabulo.</strong></span> <span class='ocrx_word' id='word_1_173' title='bbox 1198 2827 1291 2912; x_wconf 83' lang='lat' dir='ltr'><strong>(Cap.</strong></span> <span class='ocrx_word' id='word_1_174' title='bbox 1310 2841 1381 2911; x_wconf 79' lang='lat'>(614)</span> 
     </span>
     <span class='ocr_line' id='line_1_23' title="bbox 145 2933 1295 3031; baseline 0 -30"><span class='ocrx_word' id='word_1_175' title='bbox 145 2939 195 3016; x_wconf 84' lang='lat'><strong>39,</strong></span> <span class='ocrx_word' id='word_1_176' title='bbox 221 2939 260 2999; x_wconf 85' lang='lat'><strong>13</strong></span> <span class='ocrx_word' id='word_1_177' title='bbox 283 2937 352 3002; x_wconf 90' lang='lat' dir='ltr'><strong>sine</strong></span> <span class='ocrx_word' id='word_1_178' title='bbox 376 2934 534 3000; x_wconf 86' lang='lat' dir='ltr'><strong>eiusmodi</strong></span> <span class='ocrx_word' id='word_1_179' title='bbox 556 2957 656 3002; x_wconf 89' lang='lat' dir='ltr'><strong>causa</strong></span> <span class='ocrx_word' id='word_1_180' title='bbox 678 2939 712 3002; x_wconf 92' lang='lat' dir='ltr'><strong>in</strong></span> <span class='ocrx_word' id='word_1_181' title='bbox 735 2938 846 3003; x_wconf 91' lang='lat' dir='ltr'><strong>codice</strong></span> <span class='ocrx_word' id='word_1_182' title='bbox 869 2937 1039 3003; x_wconf 88' lang='lat' dir='ltr'><strong>scribitur:</strong></span> <span class='ocrx_word' id='word_1_183' title='bbox 1069 2933 1215 3022; x_wconf 88' lang='lat' dir='ltr'><strong>epulas</strong></span> <span class='ocrx_word' id='word_1_184' title='bbox 1239 2957 1254 3001; x_wconf 93' lang='lat' dir='ltr'><strong>s</strong></span> <span class='ocrx_word' id='word_1_185' title='bbox 1260 2957 1295 3031; x_wconf 79' lang='lat' dir='ltr'><strong>e·</strong></span> 
     </span>
     <span class='ocr_line' id='line_1_24' title="bbox 144 3042 642 3129; baseline 0.002 -20"><span class='ocrx_word' id='word_1_186' title='bbox 144 3051 265 3109; x_wconf 91' lang='lat' dir='ltr'><strong>natus</strong></span> <span class='ocrx_word' id='word_1_187' title='bbox 288 3043 391 3126; x_wconf 89' lang='lat' dir='ltr'><strong>quod</strong></span> <span class='ocrx_word' id='word_1_188' title='bbox 413 3065 474 3129; x_wconf 92' lang='lat' dir='ltr'><strong>pro</strong></span> <span class='ocrx_word' id='word_1_189' title='bbox 498 3042 642 3128; x_wconf 85' lang='lat' dir='ltr'><strong>quac).¹)</strong></span> 
     </span>
    </p>

    <p class='ocr_par' dir='ltr' id='par_1_6' title="bbox 143 3149 1369 3347">
     <span class='ocr_line' id='line_1_25' title="bbox 232 3149 1297 3238; baseline 0.001 -21"><span class='ocrx_word' id='word_1_190' title='bbox 232 3149 309 3236; x_wconf 83' lang='lat' dir='ltr'><strong>Cap.</strong></span> <span class='ocrx_word' id='word_1_191' title='bbox 334 3156 384 3231; x_wconf 81' lang='lat'><strong>34,</strong></span> <span class='ocrx_word' id='word_1_192' title='bbox 411 3157 425 3215; x_wconf 94' lang='lat' dir='ltr'><strong>l</strong></span> <span class='ocrx_word' id='word_1_193' title='bbox 451 3151 504 3232; x_wconf 89' lang='lat' dir='ltr'><strong>(de</strong></span> <span class='ocrx_word' id='word_1_194' title='bbox 528 3152 563 3217; x_wconf 89' lang='lat' dir='ltr'><strong>L.</strong></span> <span class='ocrx_word' id='word_1_195' title='bbox 582 3152 714 3219; x_wconf 85' lang='lat' dir='ltr'><strong>AEmilio</strong></span> <span class='ocrx_word' id='word_1_196' title='bbox 731 3152 943 3238; x_wconf 88' lang='lat' dir='ltr'><strong>Epirotarum</strong></span> <span class='ocrx_word' id='word_1_197' title='bbox 966 3155 1115 3220; x_wconf 82' lang='lat' dir='ltr'><strong>civitates</strong></span> <span class='ocrx_word' id='word_1_198' title='bbox 1137 3151 1297 3218; x_wconf 86' lang='lat' dir='ltr'><strong>militibus</strong></span> 
     </span>
     <span class='ocr_line' id='line_1_26' title="bbox 143 3259 1369 3347; baseline 0 -21"><span class='ocrx_word' id='word_1_199' title='bbox 143 3259 349 3346; x_wconf 90' lang='lat' dir='ltr'><strong>diripiendas</strong></span> <span class='ocrx_word' id='word_1_200' title='bbox 379 3259 507 3342; x_wconf 86' lang='lat' dir='ltr'><strong>dante):</strong></span> <span class='ocrx_word' id='word_1_201' title='bbox 538 3260 652 3326; x_wconf 89' lang='lat' dir='ltr'><strong>Haud</strong></span> <span class='ocrx_word' id='word_1_202' title='bbox 685 3260 829 3347; x_wconf 90' lang='lat' dir='ltr'><strong>procul</strong></span> <span class='ocrx_word' id='word_1_203' title='bbox 862 3263 954 3327; x_wconf 90' lang='lat' dir='ltr'><strong>inde</strong></span> <span class='ocrx_word' id='word_1_204' title='bbox 986 3263 1119 3328; x_wconf 84' lang='lat' dir='ltr'><strong>Anicii</strong></span> <span class='ocrx_word' id='word_1_205' title='bbox 1154 3268 1299 3327; x_wconf 86' lang='lat' dir='ltr'><strong>castra</strong></span> <span class='ocrx_word' id='word_1_206' title='bbox 1367 3293 1369 3296; x_wconf 95' lang='lat'>·</span> 
     </span>
    </p>
   </div>
   <div class='ocr_carea' id='block_1_4' title="bbox 147 3449 374 3459">
    <p class='ocr_par' dir='ltr' id='par_1_7' title="bbox 147 3449 374 3459">
     <span class='ocr_line' id='line_1_27' title="bbox 147 3449 374 3459; baseline -0.009 0"><span class='ocrx_word' id='word_1_207' title='bbox 147 3449 374 3459; x_wconf 71' lang='lat'><strong>——-..—--</strong></span> 
     </span>
    </p>
   </div>
   <div class='ocr_carea' id='block_1_5' title="bbox 175 3564 1301 4408">
    <p class='ocr_par' dir='ltr' id='par_1_8' title="bbox 175 3564 1301 4408">
     <span class='ocr_line' id='line_1_28' title="bbox 175 3564 1299 3639; baseline 0.002 -18"><span class='ocrx_word' id='word_1_208' title='bbox 175 3568 198 3636; x_wconf 88' lang='grc'><strong>1)</strong></span> <span class='ocrx_word' id='word_1_209' title='bbox 218 3565 234 3638; x_wconf 64' lang='grc' dir='ltr'><strong>ξ</strong></span> <span class='ocrx_word' id='word_1_210' title='bbox 252 3564 458 3638; x_wconf 64' lang='lat' dir='ltr'><strong>aspernandus</strong></span> <span class='ocrx_word' id='word_1_211' title='bbox 478 3572 540 3621; x_wconf 88' lang='lat' dir='ltr'><strong>erat</strong></span> <span class='ocrx_word' id='word_1_212' title='bbox 556 3573 723 3638; x_wconf 80' lang='lat' dir='ltr'><strong>pervagatus</strong></span> <span class='ocrx_word' id='word_1_213' title='bbox 741 3569 851 3623; x_wconf 84' lang='lat' dir='ltr'><strong>librarii</strong></span> <span class='ocrx_word' id='word_1_214' title='bbox 869 3585 955 3635; x_wconf 88' lang='lat' dir='ltr'><strong>error,</strong></span> <span class='ocrx_word' id='word_1_215' title='bbox 975 3570 1023 3638; x_wconf 88' lang='lat' dir='ltr'><strong>qui</strong></span> <span class='ocrx_word' id='word_1_216' title='bbox 1039 3587 1103 3639; x_wconf 89' lang='lat' dir='ltr'><strong>pro:</strong></span> <span class='ocrx_word' id='word_1_217' title='bbox 1123 3569 1299 3625; x_wconf 85' lang='lat' dir='ltr'><strong>cumulata</strong></span> 
     </span>
     <span class='ocr_line' id='line_1_29' title="bbox 217 3652 1298 3725; baseline 0.001 -18"><span class='ocrx_word' id='word_1_218' title='bbox 217 3654 252 3707; x_wconf 93' lang='lat' dir='ltr'><strong>in</strong></span> <span class='ocrx_word' id='word_1_219' title='bbox 287 3652 467 3721; x_wconf 79' lang='lat' dir='ltr'><strong>ingentem</strong></span> <span class='ocrx_word' id='word_1_220' title='bbox 500 3669 658 3708; x_wconf 88' lang='lat' dir='ltr'><strong>acervum</strong></span> <span class='ocrx_word' id='word_1_221' title='bbox 691 3656 816 3725; x_wconf 82' lang='lat' dir='ltr'><strong>scripsit:</strong></span> <span class='ocrx_word' id='word_1_222' title='bbox 846 3654 1020 3710; x_wconf 87' lang='lat' dir='ltr'><strong>cumulata</strong></span> <span class='ocrx_word' id='word_1_223' title='bbox 1046 3657 1226 3725; x_wconf 82' lang='lat' dir='ltr'><strong>ingentem</strong></span> <span class='ocrx_word' id='word_1_224' title='bbox 1253 3672 1298 3710; x_wconf 86' lang='lat' dir='ltr'><strong>ac.</strong></span> 
     </span>
     <span class='ocr_line' id='line_1_30' title="bbox 217 3736 1299 3810; baseline 0.004 -17"><span class='ocrx_word' id='word_1_225' title='bbox 217 3737 272 3794; x_wconf 75' lang='lat' dir='ltr'><strong>cfr.</strong></span> <span class='ocrx_word' id='word_1_226' title='bbox 289 3736 367 3804; x_wconf 82' lang='lat' dir='ltr'><strong>vm,</strong></span> <span class='ocrx_word' id='word_1_227' title='bbox 385 3738 427 3804; x_wconf 77' lang='lat'><strong>30,</strong></span> <span class='ocrx_word' id='word_1_228' title='bbox 445 3739 462 3791; x_wconf 84' lang='grc'>8</span> <span class='ocrx_word' id='word_1_229' title='bbox 480 3742 509 3791; x_wconf 90' lang='lat' dir='ltr'><strong>et</strong></span> <span class='ocrx_word' id='word_1_230' title='bbox 525 3736 559 3805; x_wconf 85' lang='lat' dir='ltr'><strong>X,</strong></span> <span class='ocrx_word' id='word_1_231' title='bbox 578 3739 678 3807; x_wconf 74' lang='lat'><strong>29‚·18,</strong></span> <span class='ocrx_word' id='word_1_232' title='bbox 698 3757 754 3807; x_wconf 85' lang='lat' dir='ltr'><strong>qno</strong></span> <span class='ocrx_word' id='word_1_233' title='bbox 772 3741 835 3795; x_wconf 94' lang='lat' dir='ltr'><strong>loco</strong></span> <span class='ocrx_word' id='word_1_234' title='bbox 855 3757 911 3795; x_wconf 92' lang='lat' dir='ltr'><strong>non</strong></span> <span class='ocrx_word' id='word_1_235' title='bbox 929 3741 1067 3808; x_wconf 86' lang='lat' dir='ltr'><strong>variatur,</strong></span> <span class='ocrx_word' id='word_1_236' title='bbox 1089 3741 1159 3810; x_wconf 70' lang='lat' dir='ltr'><strong>&#39;quia</strong></span> <span class='ocrx_word' id='word_1_237' title='bbox 1183 3760 1239 3797; x_wconf 92' lang='lat' dir='ltr'><strong>non</strong></span> <span class='ocrx_word' id='word_1_238' title='bbox 1258 3757 1299 3796; x_wconf 88' lang='lat' dir='ltr'><strong>se-</strong></span> 
     </span>
     <span class='ocr_line' id='line_1_31' title="bbox 218 3823 1301 3897; baseline 0.005 -20"><span class='ocrx_word' id='word_1_239' title='bbox 218 3823 313 3892; x_wconf 87' lang='lat' dir='ltr'><strong>quitur</strong></span> <span class='ocrx_word' id='word_1_240' title='bbox 330 3823 561 3892; x_wconf 82' lang='lat' dir='ltr'><strong>praepositionem</strong></span> <span class='ocrx_word' id='word_1_241' title='bbox 588 3841 643 3878; x_wconf 82' lang='lat' dir='ltr'><strong>vox</strong></span> <span class='ocrx_word' id='word_1_242' title='bbox 661 3826 696 3880; x_wconf 86' lang='lat' dir='ltr'><strong>ab</strong></span> <span class='ocrx_word' id='word_1_243' title='bbox 723 3828 757 3881; x_wconf 90' lang='lat' dir='ltr'><strong>in</strong></span> <span class='ocrx_word' id='word_1_244' title='bbox 782 3826 928 3897; x_wconf 88' lang='lat' dir='ltr'><strong>incipiens.</strong></span> <span class='ocrx_word' id='word_1_245' title='bbox 966 3824 1067 3896; x_wconf 77' lang='lat' dir='ltr'><strong>[Aliter</strong></span> <span class='ocrx_word' id='word_1_246' title='bbox 1084 3825 1108 3894; x_wconf 87' lang='grc' dir='ltr'><strong>Ι,</strong></span> <span class='ocrx_word' id='word_1_247' title='bbox 1127 3829 1170 3895; x_wconf 77' lang='grc'><strong>87,</strong></span> <span class='ocrx_word' id='word_1_248' title='bbox 1191 3829 1207 3882; x_wconf 86' lang='grc'>5</span> <span class='ocrx_word' id='word_1_249' title='bbox 1225 3828 1301 3882; x_wconf 87' lang='lat' dir='ltr'><strong>abla-</strong></span> 
     </span>
     <span class='ocr_line' id='line_1_32' title="bbox 218 3906 1300 3982; baseline 0.004 -19"><span class='ocrx_word' id='word_1_250' title='bbox 218 3910 294 3964; x_wconf 83' lang='lat' dir='ltr'><strong>tivus</strong></span> <span class='ocrx_word' id='word_1_251' title='bbox 311 3906 449 3978; x_wconf 72' lang='lat' dir='ltr'><strong>ponitur]</strong></span> <span class='ocrx_word' id='word_1_252' title='bbox 484 3906 511 3978; x_wconf 63' lang='grc' dir='ltr'><strong>[ᾗ</strong></span> <span class='ocrx_word' id='word_1_253' title='bbox 530 3911 554 3975; x_wconf 88' lang='grc'><strong>6,</strong></span> <span class='ocrx_word' id='word_1_254' title='bbox 573 3911 622 3964; x_wconf 88' lang='lat' dir='ltr'><strong>nbi</strong></span> <span class='ocrx_word' id='word_1_255' title='bbox 639 3910 743 3966; x_wconf 89' lang='lat' dir='ltr'><strong>editur:</strong></span> <span class='ocrx_word' id='word_1_256' title='bbox 764 3911 975 3982; x_wconf 88' lang='lat' dir='ltr'><strong>Spectaculo</strong></span> <span class='ocrx_word' id='word_1_257' title='bbox 994 3911 1062 3967; x_wconf 85' lang='lat' dir='ltr'><strong>fuit</strong></span> <span class='ocrx_word' id='word_1_258' title='bbox 1081 3940 1115 3952; x_wconf 95' lang='lat'><em>-</em></span> <span class='ocrx_word' id='word_1_259' title='bbox 1132 3912 1250 3982; x_wconf 80' lang='lat' dir='ltr'><strong>praeda</strong></span> <span class='ocrx_word' id='word_1_260' title='bbox 1266 3941 1300 3952; x_wconf 89' lang='lat'><em>-</em></span> 
     </span>
     <span class='ocr_line' id='line_1_33' title="bbox 219 3992 1301 4068; baseline 0.005 -19"><span class='ocrx_word' id='word_1_261' title='bbox 219 4011 373 4050; x_wconf 87' lang='lat' dir='ltr'><strong>vasorum</strong></span> <span class='ocrx_word' id='word_1_262' title='bbox 387 4022 421 4031; x_wconf 98' lang='lat'>-</span> <span class='ocrx_word' id='word_1_263' title='bbox 438 3992 611 4050; x_wconf 82' lang='lat' dir='ltr'><strong>factorum</strong></span> <span class='ocrx_word' id='word_1_264' title='bbox 629 3997 765 4067; x_wconf 79' lang='lat' dir='ltr'><strong>ingenti</strong></span> <span class='ocrx_word' id='word_1_265' title='bbox 779 4013 871 4065; x_wconf 85' lang='lat' dir='ltr'><strong>cura,</strong></span> <span class='ocrx_word' id='word_1_266' title='bbox 889 3999 925 4052; x_wconf 92' lang='lat' dir='ltr'><strong>in</strong></span> <span class='ocrx_word' id='word_1_267' title='bbox 943 4015 980 4052; x_wconf 86' lang='lat' dir='ltr'><strong>ea</strong></span> <span class='ocrx_word' id='word_1_268' title='bbox 998 3998 1106 4068; x_wconf 78' lang='lat' dir='ltr'><strong>regia,</strong></span> <span class='ocrx_word' id='word_1_269' title='bbox 1127 4001 1164 4052; x_wconf 91' lang='lat' dir='ltr'><strong>ut</strong></span> <span class='ocrx_word' id='word_1_270' title='bbox 1182 4000 1301 4054; x_wconf 88' lang='lat' dir='ltr'><strong>nonin</strong></span> 
     </span>
     <span class='ocr_line' id='line_1_34' title="bbox 220 4079 1301 4154; baseline 0.003 -19"><span class='ocrx_word' id='word_1_271' title='bbox 220 4082 426 4151; x_wconf 75' lang='lat' dir='ltr'><strong>prasentem</strong></span> <span class='ocrx_word' id='word_1_272' title='bbox 444 4079 542 4134; x_wconf 90' lang='lat' dir='ltr'><strong>modo</strong></span> <span class='ocrx_word' id='word_1_273' title='bbox 562 4082 711 4151; x_wconf 84' lang='lat' dir='ltr'><strong>speciem</strong></span> <span class='ocrx_word' id='word_1_274' title='bbox 728 4084 839 4138; x_wconf 85' lang='lat' dir='ltr'><strong>—sed</strong></span> <span class='ocrx_word' id='word_1_275' title='bbox 857 4085 1111 4154; x_wconf 86' lang='lat' dir='ltr'><strong>inperpetuum</strong></span> <span class='ocrx_word' id='word_1_276' title='bbox 1129 4100 1226 4137; x_wconf 84' lang='lat' dir='ltr'><strong>urum</strong></span> <span class='ocrx_word' id='word_1_277' title='bbox 1244 4084 1301 4138; x_wconf 82' lang='lat' dir='ltr'><strong>fie-</strong></span> 
     </span>
     <span class='ocr_line' id='line_1_35' title="bbox 220 4163 1301 4238; baseline 0.004 -18"><span class='ocrx_word' id='word_1_278' title='bbox 220 4171 311 4233; x_wconf 89' lang='lat' dir='ltr'><strong>rent,</strong></span> <span class='ocrx_word' id='word_1_279' title='bbox 331 4163 510 4219; x_wconf 86' lang='lat' dir='ltr'><strong>scribendum</strong></span> <span class='ocrx_word' id='word_1_280' title='bbox 529 4166 650 4221; x_wconf 86' lang='lat' dir='ltr'><strong>videtur:</strong></span> <span class='ocrx_word' id='word_1_281' title='bbox 671 4173 709 4223; x_wconf 89' lang='lat' dir='ltr'><strong>ut</strong></span> <span class='ocrx_word' id='word_1_282' title='bbox 736 4184 809 4238; x_wconf 78' lang='lat' dir='ltr'><strong>qnoe</strong></span> <span class='ocrx_word' id='word_1_283' title='bbox 827 4195 861 4224; x_wconf 94' lang='lat'><strong>·.-</strong></span> <span class='ocrx_word' id='word_1_284' title='bbox 888 4168 1034 4237; x_wconf 78' lang='lat' dir='ltr'><strong>lierent3</strong></span> <span class='ocrx_word' id='word_1_285' title='bbox 1061 4169 1246 4238; x_wconf 87' lang='lat' dir='ltr'><strong>nequeenim</strong></span> <span class='ocrx_word' id='word_1_286' title='bbox 1265 4169 1301 4224; x_wconf 89' lang='lat' dir='ltr'><strong>ad</strong></span> 
     </span>
     <span class='ocr_line' id='line_1_36' title="bbox 219 4250 1301 4324; baseline 0.003 -17"><span class='ocrx_word' id='word_1_287' title='bbox 219 4268 295 4307; x_wconf 85' lang='lat' dir='ltr'><strong>curae</strong></span> <span class='ocrx_word' id='word_1_288' title='bbox 314 4250 538 4320; x_wconf 82' lang='lat' dir='ltr'><strong>magnitudinem</strong></span> <span class='ocrx_word' id='word_1_289' title='bbox 568 4252 768 4309; x_wconf 84' lang='lat' dir='ltr'><strong>declarandam</strong></span> <span class='ocrx_word' id='word_1_290' title='bbox 799 4256 886 4310; x_wconf 84' lang='lat' dir='ltr'><strong>verba</strong></span> <span class='ocrx_word' id='word_1_291' title='bbox 917 4255 1108 4324; x_wconf 81' lang='lat' dir='ltr'><strong>adiunguntur</strong></span> <span class='ocrx_word' id='word_1_292' title='bbox 1141 4254 1301 4322; x_wconf 83' lang='lat' dir='ltr'><strong>(dicendum</strong></span> 
     </span>
     <span class='ocr_line' id='line_1_37' title="bbox 218 4334 1110 4408; baseline 0.003 -17"><span class='ocrx_word' id='word_1_293' title='bbox 218 4338 296 4392; x_wconf 90' lang='lat' dir='ltr'><strong>enim</strong></span> <span class='ocrx_word' id='word_1_294' title='bbox 313 4342 373 4391; x_wconf 87' lang='lat' dir='ltr'><strong>erat</strong></span> <span class='ocrx_word' id='word_1_295' title='bbox 390 4334 483 4392; x_wconf 81' lang='lat' dir='ltr'><strong>iacta</strong></span> <span class='ocrx_word' id='word_1_296' title='bbox 501 4337 723 4408; x_wconf 85' lang='lat' dir='ltr'><strong>viderentur),</strong></span> <span class='ocrx_word' id='word_1_297' title='bbox 743 4340 791 4395; x_wconf 89' lang='lat' dir='ltr'><strong>sed</strong></span> <span class='ocrx_word' id='word_1_298' title='bbox 809 4341 844 4395; x_wconf 87' lang='lat' dir='ltr'><strong>ad</strong></span> <span class='ocrx_word' id='word_1_299' title='bbox 863 4357 986 4396; x_wconf 84' lang='lat' dir='ltr'><strong>causam.</strong></span> <span class='ocrx_word' id='word_1_300' title='bbox 1026 4338 1110 4408; x_wconf 67' lang='lat' dir='ltr'><strong>maa]</strong></span> 
     </span>
    </p>
   </div>
   <div class='ocr_carea' id='block_1_6' title="bbox 1072 4445 1107 4499">
    <p class='ocr_par' dir='ltr' id='par_1_9' title="bbox 1072 4445 1107 4499">
     <span class='ocr_line' id='line_1_38' title="bbox 1072 4445 1107 4499; baseline -0.029 0"><span class='ocrx_word' id='word_1_301' title='bbox 1072 4445 1107 4499; x_wconf 78' lang='lat'><strong>4⁷</strong></span> 
     </span>
    </p>
   </div>
   <div class='ocr_carea' id='block_1_7' title="bbox 0 0 1520 5108">
    <p class='ocr_par' dir='ltr' id='par_1_10' title="bbox 0 0 1520 5108">
     <span class='ocr_line' id='line_1_39' title="bbox 0 0 1520 5108; baseline 0 0"><span class='ocrx_word' id='word_1_302' title='bbox 0 0 1520 5108; x_wconf 95' lang='lat' dir='ltr'><strong> </strong></span> 
     </span>
    </p>
   </div>
  </div>
 </body>
</html>
