2994 5108
693 488 753 548 ⁷51
1020 567 1026 580 ,
1134 500 1196 556 nie.
1214 500 1297 556 xnv.

144 671 227 737 haec
266 679 359 737 acta
398 677 515 737 erant
554 669 678 736 factum
715 671 845 736 haecta
885 680 1018 751 eraut,
1058 673 1177 738 deinde
1218 673 1298 739 haec

147 779 311 860 tanta.¹)

233 887 310 973 Cap.
329 892 380 967 43,
407 892 461 953 1οε
485 888 700 972 Reliquum
723 909 768 953 ex
785 887 951 972 Illyrico
975 887 1109 971 praeda
1126 888 1295 954 ducenti
1312 894 1385 966 (886)

144 998 292 1080 viginti
325 996 450 1062 lembi
483 1002 618 1075 erant;
661 995 708 1061 de
744 996 892 1062 Gentio
924 1016 1017 1079 rege
1050 1002 1197 1080 captos
1231 1018 1297 1063 eos

145 1104 367 1188 Corcyraeis
408 1112 448 1170 et
484 1102 831 1188 Apolloniatibus
870 1112 909 1170 et
952 1103 1220 1188 Dyrrachinis
1259 1105 1296 1184 Q.

145 1211 314 1279 Cassius
337 1234 383 1278 ex
405 1220 575 1278 senatus
599 1212 789 1278 consulto
813 1212 972 1282 tribuit.
1018 1210 1081 1289 Qui
1105 1214 1152 1277 sic
1174 1220 1297 1292 namet,

143 1323 329 1387 necessario
353 1319 527 1405 significat,
549 1319 676 1385 lembos
699 1342 739 1386 ex
760 1319 873 1404 praeda
894 1320 1039 1408 reliquos
1056 1341 1144 1385 nuuc
1167 1320 1307 1386 demum·

100 1417 103 1422 ’
144 1429 185 1495 de
208 1429 329 1496 Gentio
353 1436 467 1513 captos
490 1435 525 1493 et
547 1425 727 1513 Corcyraeis
751 1428 849 1494 datos
872 1449 951 1493 esse.
991 1426 1036 1493 Ut
1058 1449 1106 1508 ea,
1129 1449 1203 1512 quae
1225 1450 1296 1494 esse

144 1537 252 1618 debet,
267 1536 430 1604 efficiatur
443 1537 616 1615 sententia,
634 1537 681 1601 sic
699 1537 803 1602 oratio
822 1535 1053 1620 distinguenda
1070 1536 1296 1605 scribendum·

143 1653 297 1729 quaest:
330 1645 567 1710 -ducenti
590 1644 740 1728 viginti
769 1644 893 1710 lembi
916 1651 1050 1724 erant,
1078 1644 1124 1710 de
1147 1643 1295 1710 Gentio

141 1774 235 1837 rege
257 1753 378 1834 σιμὴ
406 1771 470 1815 aas
493 1747 718 1836 Corcyrais
739 1787 783 1796 -
804 1751 963 1817 tribuit.
1008 1752 1061 1816 Ita
1082 1752 1223 1836 primum
1246 1753 1295 1819 di·

143 1863 238 1942 citur,
262 1862 320 1946 qui
342 1867 376 1926 et
398 1860 485 1925 unde
508 1859 644 1938 fuerint,
667 1867 748 1939 tum,
773 1859 851 1944 quid
873 1860 914 1924 iis
937 1859 1059 1925 factum
1081 1861 1132 1926 sit.
1176 1859 1294 1944 Capti

143 1970 186 2038 ob
220 1991 286 2036 eos
320 1976 511 2053 corruptum
544 1975 605 2034 est.
650 1967 687 2033 In
720 1968 832 2033 codice
866 1975 931 2033 est:
960 1968 1130 2034 relicum
1159 1990 1205 2034 ex
1233 1970 1294 2035 in·

141 2079 274 2163 lyrico
303 2077 445 2161 prada.
491 2074 571 2153 Quae
592 2076 689 2142 huius
712 2077 850 2142 extremi
872 2074 948 2140 libri
972 2076 1122 2142 condicio
1146 2084 1212 2156 est,
1233 2079 1293 2142 mi·

140 2188 228 2252 nime
251 2192 376 2252 certum
399 2192 464 2263 est,
495 2184 623 2250 Livium
644 2205 710 2250 non
734 2184 920 2270 scripsisse:
942 2183 1110 2269 Reliqui
1133 2207 1180 2250 ex
1201 2185 1293 2270 Illy·

140 2296 233 2361 rica
266 2294 405 2379 praeda
439 2294 608 2359 ducenti
637 2299 708 2373 oet,
737 2300 795 2357 aut
829 2292 961 2357 saltem:
996 2291 1213 2375 Reliquum
1245 2315 1293 2360 ex

140 2403 314 2487 Illyrica
336 2402 484 2487 praeda.

85 2589 88 2601 Ι
227 2509 306 2594 Cap.
329 2516 380 2590 44,
408 2515 455 2575 10.
491 2509 639 2591 (Prusias
660 2529 719 2573 rex
741 2529 762 2571 a
778 2514 896 2574 senatu
915 2510 1066 2594 petierat,
1088 2517 1126 2574 ut
1148 2530 1227 2593 ager
1250 2510 1291 2576 de

139 2641 217 2704 rege
244 2619 407 2685 Antiocho
437 2624 571 2701 captus,
595 2637 692 2701 quem
714 2615 796 2681 uulli
818 2616 932 2681 datum
954 2637 974 2681 a
997 2617 1118 2701 populo
1147 2618 1294 2684 Romano

140 2727 228 2795 Galli
244 2727 463 2813 possiderent,
486 2725 549 2791 sibi
567 2725 727 2805 daretur.)
761 2724 815 2790 De
839 2745 937 2809 agro
956 2744 1198 2809 responsum
1222 2709 1301 2806 εεῖ,

139 2837 302 2921 legatos
325 2836 376 2901 ad
398 2856 479 2900 rem
500 2832 805 2918 inspiciendam
827 2834 1031 2898 missuros.
1077 2831 1116 2898 Si
1139 2833 1173 2897 is
1197 2853 1292 2917 ager

139 2945 285 3030 populi
318 2943 485 3009 Romani
506 2941 660 3007 lui-sset
686 2960 757 3005 uec
792 2937 981 3024 cuiquam
1015 2939 1133 3005 datus
1167 2949 1289 3020 esset,

139 3054 423 3136 dignissimum
446 3071 491 3115 eo
515 3049 624 3115 dono
647 3049 837 3113 Prusiam
858 3046 1073 3113 habituros
1103 3068 1202 3113 esse.
1249 3047 1292 3114 Si

138 3167 270 3227 autem
292 3159 488 3225 Antiochi
515 3179 592 3223 non
624 3156 862 3234 fuisseteo
891 3177 937 3221 ne
966 3155 1109 3240 populi
1131 3156 1289 3240 quidem

137 3269 310 3335 Romani
351 3268 501 3334 factum
539 3287 756 3350 apparere,
801 3271 882 3342 aut,
927 3264 960 3328 si
1003 3262 1119 3328 datus
1160 3264 1290 3330 Gallis

137 3386 260 3456 esset,
284 3378 498 3460 ignoscere
521 3373 708 3440 Prusiam
731 3373 898 3452 debere,
928 3372 962 3436 si
991 3393 1036 3436 ex
1058 3372 1212 3438 nullius
1234 3373 1291 3438 in·
1386 3393 1389 3399 ·

136 3487 243 3551 iuria
265 3484 481 3568 quidquam
504 3483 543 3548 ei
564 3481 703 3547 datum
724 3479 851 3545 vellet
867 3503 898 3564 p.
917 3481 1125 3546 Romanus.
1149 3479 1290 3545 Pravum

136 3602 203 3659 est:
237 3595 271 3658 ei
303 3595 337 3658 is
372 3612 469 3675 ager
496 3613 528 3674 p.
552 3589 717 3654 Romani
750 3586 921 3687 fuisset3
955 3587 1164 3672 querebatur
1192 3589 1287 3666 enim,

133 3724 212 3767 num
239 3709 348 3767 esset
378 3722 454 3785 pop.
479 3698 619 3764 Romani
648 3697 740 3778 (nuru
769 3692 839 3760 eius
869 3695 978 3761 factus
1010 3695 1119 3779 esset),
1152 3702 1191 3762 ut
1218 3696 1290 3760 iure

164 3941 187 4008 ¹)
207 3937 223 4009 fi
241 3943 259 3993 4
276 3939 365 3993 tristis
384 3937 491 4007 speeies
509 3933 693 4004 relinquenda
716 3939 760 3988 est
781 3932 956 3989 huiusmodi:
979 3962 1013 3973 -
1030 3932 1153 3987 Albam
1175 3933 1209 3986 in
1227 3948 1286 3986 cu·

202 4024 351 4080 stodiam
369 4024 525 4088 duceret;
544 4022 708 4086 comites,
727 4020 922 4088 pecuniam,
942 4023 1138 4089 argentum,
1157 4017 1286 4072 instru-

202 4115 370 4176 mentnm,
391 4109 482 4177 quod
508 4107 664 4168 haberet,
688 4103 811 4160 nihil*
830 4105 846 4137 *
871 4103 996 4172 aalays,
1033 4100 1134 4158 tillus
1162 4100 1287 4168 Cotyis,

203 4195 298 4264 regis
326 4193 497 4248 Thracum
519 4207 587 4246 auru
613 4189 796 4245 obsidibus
819 4190 855 4244 in
877 4190 1077 4246 custodiam
1101 4187 1285 4242 Carseolos

202 4285 256 4334 est
272 4280 405 4334 missus.
441 4278 512 4333 Nam
530 4279 566 4333 ad
588 4277 735 4333 comites
762 4275 925 4344 reliquaque
951 4291 1056 4329 novum
1077 4274 1194 4329 verbum
1216 4272 1287 4329 desi·

202 4365 295 4419 derasi
313 4365 425 4419 videtur
443 4363 543 4432 (nihil
562 4363 747 4418 detrahens
765 4360 899 4415 habere
917 4359 1054 4415 sineret
1072 4357 1216 4428 similene).
