2994 5108
631 489 689 549 195
1078 501 1139 556 Lib.
1159 500 1232 558 VIII.

87 675 226 757 utique
253 696 298 740 ex
327 674 444 758 plebe
468 680 501 739 et
523 695 664 740 censor
686 683 899 741 crearetur
922 675 1118 742 dirimantur
1140 698 1233 762 pror-

88 803 141 848 sus
163 784 250 849 alius
271 786 319 849 rei
342 786 516 864 mentione,
540 806 611 868 quee
634 792 692 850 aut
715 786 943 868 praemittenda
960 786 1021 850 toti
1038 785 1120 868 legis
1138 806 1233 869 argu-

87 900 193 959 mento
228 900 287 958 aut
319 895 549 978 postponenda
581 891 699 959 fuerat.
755 893 924 960 Postremo
952 895 1015 958 hoe
1044 915 1160 976 quum
1188 917 1232 959 eo

88 1007 244 1067 ventum
274 1003 330 1067 sit
358 1009 392 1067 et
419 1003 508 1067 verbi
537 1009 667 1086 tempus
697 1023 834 1085 pravum
856 1002 956 1067 habet
979 1002 1052 1086 (pro
1075 1011 1233 1069 ventum

90 1112 209 1194 esset)
233 1118 267 1175 et
290 1111 411 1176 dicitur
433 1113 527 1194 quasi
552 1132 572 1175 a
594 1118 828 1194 conquerente,
863 1132 901 1175 eo
930 1133 1033 1195 usque
1062 1133 1130 1176 reru
1159 1134 1233 1197 per·

92 1215 214 1286 ductam
246 1241 335 1299 esse,
369 1221 457 1303 quod
486 1221 603 1285 saltem
634 1221 666 1284 in
695 1220 766 1302 lege
794 1218 865 1284 fieri
895 1219 1061 1302 nequibat.
1117 1220 1234 1285 Omnia

93 1322 152 1394 hac
177 1328 384 1394 incommoda
405 1331 534 1413 peperit
555 1349 656 1412 genus
679 1328 835 1412 loquendi
857 1329 955 1411 paulo
979 1330 1103 1408 rarius,
1134 1349 1233 1413 quum

96 1429 146 1500 boc
174 1439 315 1521 primum
337 1438 410 1503 loco
433 1438 521 1521 apud
547 1437 673 1502 Livium
697 1437 909 1516 obiiceretur,
943 1458 1006 1501 non
1031 1437 1231 1503 intellectum

100 1548 126 1607 et
164 1547 205 1611 ob
255 1568 328 1611 eam
367 1568 500 1611 causam
539 1546 687 1610 additum
728 1547 1057 1629 interpretamentum
1097 1568 1232 1629 prorsus

102 1648 218 1736 laisum,
253 1677 360 1740 quoe
384 1656 613 1740 praepositione
642 1677 727 1720 cum
750 1655 935 1719 coniunctio
959 1654 1048 1719 facta
1071 1662 1129 1720 est.
1180 1655 1233 1720 Sic

99 1763 172 1827 enim
193 1764 303 1829 Livius
339 1765 516 1849 scripserat
550 1764 677 1828 eluabus
710 1763 843 1828 vocibus
872 1763 1048 1842 (ventum
1082 1763 1150 1844 sit)
1174 1765 1233 1827 mi·

94 1886 166 1935 nus:
193 1879 235 1939 ut
258 1873 368 1938 alter
389 1875 533 1956 utique
557 1895 600 1937 ex
624 1872 752 1956 plebe,
781 1892 858 1935 cum
882 1891 932 1951 eo,
957 1879 995 1933 ut
1018 1878 1232 1955 utrumque

87 1976 287 2056 plebeium
306 1981 400 2046 ficri
416 1982 572 2060 liceret,
595 2002 737 2045 censor
755 1987 974 2060 crearetur,
997 1979 1058 2044 hoc
1077 1986 1136 2059 est,
1160 2001 1231 2044 curn

82 2103 126 2149 ea
165 2088 366 2155 adiunctione
394 2097 428 2155 et
455 2092 624 2168 cautione,
659 2096 697 2154 ut
729 2097 905 2171 utrumque
939 2089 1039 2152 etiam
1068 2109 1233 2153 censorem

75 2191 246 2270 plebeium
282 2220 353 2263 esse
387 2199 508 2265 liceret.
554 2198 607 2263 Ita
641 2199 726 2263 eninr
756 2198 841 2263 alter
869 2218 1015 2262 censurae
1043 2197 1135 2261 loeus
1158 2220 1233 2282 pro-

71 2299 177 2376 prius
199 2307 336 2393 plebeiis
358 2306 514 2386 dabatur,
548 2314 584 2371 ut
611 2315 751 2389 utroque
780 2328 820 2370 ne
843 2306 1109 2385 excluderentur,
1144 2307 1232 2389 quod

69 2400 174 2474 idem
204 2428 338 2501 'prorsus
367 2415 406 2480 de
436 2414 606 2481 consulatu
631 2417 792 2480 sancitum
816 2421 900 2494 erat,
930 2415 990 2479 etsi
1013 2436 1128 2498 reapse
1152 2415 1234 2480 duos

65 2507 231 2591 plebeios
260 2525 412 2590 consules
440 2525 543 2589 multo
574 2525 700 2589 demum
731 2531 807 2608 post
829 2531 957 2588 creatos
980 2524 1111 2588 scimus.
1168 2522 1231 2587 Sed

62 2624 168 2696 ‘luffll
202 2635 233 2699 iu
256 2634 429 2699 consulatu
454 2634 582 2698 duabus
605 2634 734 2717 legibus
757 2632 908 2698 effectum
931 2639 1016 2710 erat,
1046 2632 1080 2696 id
1102 2633 1134 2695 in
1159 2653 1232 2696 een·

61 2741 171 2815 ⁸⁰¹8,
204 2743 333 2826 longius
355 2744 418 2807 iam
442 2743 622 2826 progressis
646 2742 751 2826 plebis
774 2741 906 2825 opibus,
935 2760 999 2804 una
1021 2741 1232 2824 comprehen-

60 2848 140 2900 ⁸¹¹¹¹¹
170 2859 236 2916 est
277 2851 348 2915 Iam
375 2857 463 2917 reete
492 2851 562 2916 haec
584 2851 640 2915 illo
662 2850 734 2915 loeo
758 2851 1008 2933 interponuntur
1031 2849 1073 2913 ad
1096 2849 1232 2922 eandem

61 2956 134 3007 ‘⁶¹¹1
181 2966 218 3025 et
245 2960 441 3025 senteutiam
469 2962 684 3044 pertinentia3
718 2959 805 3024 idem
840 2960 924 3023 enim
960 2959 1006 3022 sie
1042 2959 1139 3023 scribi
1175 2982 1232 3042 po-

66 3056 182 3127 lfflss:
219 3076 261 3135 ut
290 3069 397 3134 alter
424 3072 566 3152 utique
590 3092 606 3132 e
630 3069 762 3153 plebe,
798 3069 832 3132 si
862 3075 994 3133 autern
1023 3089 1099 3149 qno
1128 3090 1231 3133 anno

72 3162 131 3229 ill
152 3178 393 3243 cecidisset
415 3179 738 3262 placuissetque,
768 3184 937 3260 uterque
960 3198 1102 3241 censor
1126 3199 1231 3242 erea-

78 3276 209 3350 telur.
263 3286 353 3351 Cum
387 3309 431 3351 eo
465 3293 508 3351 ut
539 3287 602 3350 hae
636 3286 873 3370 significatione
902 3287 934 3349 in
964 3287 1010 3349 rei
1041 3286 1230 3351 condicione

89 3395 269 3460 muraena
293 3394 478 3459 definienda
500 3395 609 3459 Livius
632 3395 704 3460 loco
727 3397 923 3479 propinquo,
951 3415 978 3458 c.
1005 3399 1052 3474 ll,
1075 3394 1126 3460 bis
1149 3396 1232 3461 dixit

97 3486 160 3579 (ll
185 3521 265 3568 eum
287 3523 341 3583 eo,
363 3508 405 3566 ut
427 3503 719 3583 redes-esset,
750 3501 767 3586 ἓ
791 3508 809 3567 8
833 3524 918 3567 cum
941 3524 995 3583 eo,
1018 3511 1061 3568 ut
1084 3503 1315 3590 Antia-(166)

104 3599 203 3675 tibus
223 3609 544 3696 permitteretur)
568 3617 602 3675 et
624 3611 753 3677 duobus
771 3620 932 3696 praeterea
948 3613 1028 3677 locis
1046 3613 1160 3694 (XXX,
1182 3620 1229 3693 10,

109 3719 153 3793 21,
167 3711 302 3800 XXXVI,
327 3723 355 3799 5,
380 3717 458 3801 3).¹)

111 3886 312 3907 Λ--ο

132 3987 231 4063 ¹)[Grp.
251 3996 295 4061 14,
317 3996 334 4048 6
353 3993 428 4062 quod
445 3992 640 4047 Lachmannus
664 4009 697 4045 ex
721 4009 767 4059 eo,
790 3993 866 4060 quod
889 3995 917 4047 in
940 3994 1085 4047 codicibus
1108 3998 1161 4045 est:
1189 3994 1229 4046 ad

163 4079 246 4132 mille
262 4096 408 4149 passum,
423 4078 516 4133 effecit
529 4079 571 4132 ad
588 4077 680 4130 mille
698 4079 810 4147 pondo
830 4095 939 4132 essum
957 4079 1110 4146 (assium),
1128 4079 1230 4132 iniuria

160 4166 253 4232 negari
275 4182 361 4235 ppro
383 4165 501 4234 pondo
525 4164 622 4233 scripti
646 4165 765 4233 vestigia
788 4166 905 4234 reperiri
927 4166 955 4219 in
975 4166 1047 4218 Livii
1071 4164 1229 4229 codicibus,

158 4267 219 4305 nam
235 4252 275 4305 rie
293 4252 425 4305 scribitur
442 4252 470 4304 in
487 4251 634 4319 Bamberg.
650 4249 763 4318 XXXII,
781 4253 822 4317 27,
843 4255 865 4319 l,
883 4252 913 4305 in
931 4251 1013 4306 Vind.
1024 4250 1107 4317 XLV,
1125 4253 1167 4315 44,
1188 4254 1227 4304 14.

157 4336 288 4392 Inusitate
311 4342 407 4391 tomen
429 4337 543 4406 pondo
562 4337 688 4390 assium
706 4336 821 4403 dieitur;
846 4337 942 4405 itaque
960 4337 1122 4392 dubitanter
1139 4337 1228 4390 edidi:

157 4421 199 4479 ad
215 4423 309 4480 mille
327 4420 475 4493 assium]
952 4492 999 4547 13,
