3000 5116
215 476 276 530 Lib.
296 475 421 529 XXXVI.
762 466 823 527 524

217 656 274 713 aut
302 669 402 731 quum
431 649 570 714 maxime
600 647 670 712 fieri
698 649 813 733 incipit
841 648 951 714 fierive
981 648 1079 714 debet
1106 647 1161 727 (de
1191 668 1261 732 qua
1283 669 1320 713 10
1342 654 1377 713 01

218 758 319 821 001011
337 757 542 837 grammatici
560 757 755 839 praecipiunt
774 764 808 821 et
825 777 884 839 ego
903 756 1048 821 breviter
1065 756 1208 840 praecepi
1226 755 1373 820 Gramm.

217 865 288 927 Lat.
312 862 328 946 ᾖ
353 866 505 928 3401101.
532 861 579 944 1),
615 865 819 946 maximeque
849 864 1128 940 comminationis,
1162 863 1196 926 in
1220 883 1286 946 qua
1308 883 1376 928 orn·

217 993 291 1037 nem
321 971 512 1035 dilationem
541 976 574 1035 et
604 992 729 1036 moram
759 971 921 1036 sublatam
944 970 1109 1049 volumus,
1144 970 1301 1054 proprius
1325 976 1377 1036 est

217 1077 270 1143 hic
294 1080 467 1161 praesentis
491 1100 564 1142 eum
588 1080 628 1142 ni
652 1078 760 1158 (nisi)
783 1099 877 1158 usus,
907 1086 1064 1162 sequente
1087 1085 1146 1143 aut
1168 1077 1376 1161 praecedente

218 1185 350 1268 futuro,
373 1208 412 1250 ex
435 1208 499 1267 quc
522 1207 641 1268 genere
665 1193 698 1251 et
720 1185 802 1251 illud
827 1194 877 1252 est
900 1187 989 1270 apud
1013 1184 1203 1251 Ciceronem
1226 1185 1262 1250 in
1285 1185 1377 1250 Verr.

219 1293 273 1372 IV,
294 1297 343 1373 39,
363 1299 419 1358 85:
449 1295 621 1358 moriere
639 1295 780 1376 virgis,
805 1294 883 1359 nisi
901 1294 999 1359 mihi
1020 1295 1177 1375 signum
1197 1293 1379 1358 traditur

220 1401 291 1482 (cfr.
315 1401 340 1481 Ι,
372 1405 421 1479 32,
452 1400 506 1481 82)
535 1409 569 1466 et
593 1400 733 1466 alterum
756 1423 795 1466 ex
819 1403 969 1467 oratione
993 1401 1033 1465 de
1054 1421 1130 1483 rege
1154 1399 1378 1466 Alexandrino

220 1516 383 1574 servatum
413 1508 599 1588 (Scholiast.
625 1508 726 1574 Cicer.
757 1508 806 1574 ed.
832 1508 932 1574 Orell.
955 1507 988 1573 II
1016 1531 1047 1593 p.
1077 1506 1169 1587 3ῦ1);
1203 1527 1282 1573 non
1310 1529 1379 1592 pa·

220 1619 302 1682 tiar
336 1616 439 1681 hanc
469 1616 658 1680 exaudiri
687 1637 822 1681 vocem
850 1616 972 1681 buius
1001 1615 1176 1700 imperii:
1211 1614 1295 1698 Ego
1325 1623 1378 1695 te,

221 1725 299 1790 nisi
322 1725 389 1786 das
412 1723 586 1804 aliquid,
614 1723 781 1797 hostem,
811 1722 960 1806 siquid
983 1722 1149 1801 dederls,
1179 1744 1318 1806 regem
1342 1731 1382 1789 et

222 1833 375 1898 socium
405 1838 442 1896 et
473 1832 643 1896 amicum
670 1830 884 1910 iudicabo,
918 1839 952 1895 et
979 1830 1068 1913 apud
1090 1830 1218 1895 Livium
1246 1830 1313 1896 hoc
1340 1852 1380 1896 ex

225 1938 276 2018 VI,
304 1944 356 2016 lb,
392 1943 425 2002 6:
461 1940 568 2020 quod
598 1940 676 2003 nisi
704 1938 826 2017 facis,
853 1939 957 2002 —in
979 1937 1115 2001 vincla
1137 1943 1177 2003 to
1201 1937 1297 2002 duci
1321 1939 1382 2003 iu-

223 2047 335 2111 bebo.
382 2045 460 2128 [cic.
485 2045 527 2109 ad
546 2046 612 2110 Att.
631 2045 703 2124 XII,
727 2051 778 2124 40,
802 2052 831 2124 4,
854 2046 955 2110 Acad.
975 2045 1015 2123 ll,
1039 2049 1088 2122 29,
1107 2048 1158 2123 93,
1178 2043 1279 2110 Corn.
1299 2043 1383 2130 Nep.

223 2154 337 2236 Eparn.
363 2160 397 2233 4,
425 2153 532 2217 Plaut.
556 2154 646 2218 Pers.
671 2153 709 2230 V,
738 2157 766 2232 2,
789 2158 847 2231 46,
876 2153 949 2218 Ter.
973 2152 1055 2217 Eun.
1080 2152 1133 2230 IV,
1156 2156 1186 2229 7,
1213 2156 1270 2232 33,
1304 2152 1384 2219 Ηο1.

225 2261 364 2348 80111,
395 2266 428 2340 3,
460 2260 544 2343 153]
596 2260 669 2325 Non
698 2267 844 2325 mutatur
871 2282 939 2339 res,
968 2260 1149 2326 substituto
1178 2280 1240 2344 pro
1270 2260 1387 2328 futuro

223 2370 416 2450 imperativo
451 2376 647 2451 exspecta
681 2375 740 2433 aut
773 2369 885 2448 simili,
925 2375 962 2434 ut
995 2367 1183 2445 XXXVIII,
1226 2373 1285 2447 14,
1329 2372 1386 2432 12:

224 2474 457 2557 Quingenta
479 2476 641 2541 talenta
664 2476 744 2540 nisi
768 2476 905 2541 triduo
929 2495 1125 2553 numeras
1149 2474 1389 2558 populatio·

223 2603 308 2646 nem
331 2585 371 2646 in
394 2585 506 2666 agris
528 2618 571 2628 -
594 2590 803 2665 exspecta.

310 2687 387 2772 Cap.
435 2694 491 2768 34,
541 2695 579 2754 10
624 2689 671 2769 (in
717 2690 865 2755 oratione
910 2688 946 2753 T.
988 2690 1133 2767 Quinctii
1178 2689 1233 2754 M!
1279 2690 1391 2758 Acilio

223 2797 405 2875 suadentis,
440 2820 480 2862 ne
515 2800 548 2862 iu
584 2797 748 2880 Naupacti
782 2798 1027 2880 oppugnatione
1062 2795 1221 2880 perstet):
1258 2800 1393 2886 Atqui

223 2927 299 2968 non
339 2913 500 2969 tantum
536 2906 714 2969 interest
747 2911 904 2984 nostra,
943 2904 1170 2970 AEtolorum
1204 2926 1309 2988 opes
1344 2927 1393 2971 ac

223 3013 329 3076 vires
365 3014 502 3087 minui,
537 3019 732 3096 quantum
767 3033 842 3076 non
878 3032 1002 3095 supra
1035 3012 1191 3077 modum
1220 3011 1393 3099 Philip·

223 3141 312 3201 pum
342 3141 543 3197 crescere,
580 3127 618 3183 et
647 3120 832 3184 victoriae
861 3125 937 3184 tuoe
966 3120 1170 3202 praemium
1199 3128 1240 3183 te
1272 3121 1394 3186 mili·

222 3233 368 3306 tesque
403 3236 495 3291 tuos
529 3226 701 3291 nondum
736 3228 835 3292 duas
869 3226 1005 3303 urbeS,
1045 3225 1288 3310 Philippum
1323 3235 1394 3295 tot

222 3340 367 3412 gentes
403 3336 565 3398 tinacia
599 3334 758 3398 habere.
821 3334 898 3398 Haec
933 3334 1012 3415 quid
1045 3333 1208 3398 haberent
1244 3336 1280 3399 in
1316 3357 1395 3402 sen·

221 3441 326 3503 tentia
355 3441 440 3518 vitii,
476 3462 575 3522 quum
598 3442 690 3505 Imm.
718 3439 889 3506 Beklrerus
912 3443 1147 3524 perspexisset,
1181 3450 1395 3524 postremam

222 3556 350 3630 partem
381 3548 457 3611 inde
487 3549 638 3613 arerbis
667 3556 706 3612 01
734 3549 918 3613 victoria
948 3555 1023 3613 tuae
1054 3548 1230 3613 delendam
1263 3551 1395 3634 signifi·

222 3655 321 3733 cavit,
357 3656 450 3718 cuius
487 3654 598 3719 iudicii
627 3676 760 3720 causam
790 3655 998 3738 Kreyssigius
1028 3666 1062 3720 et
1089 3656 1393 3724 Weissenbornius

135 3785 206 3855 (423)
226 3761 308 3824 adeo
332 3782 395 3825 non
418 3763 667 3840 intellexerunt,
702 3770 739 3827 ut
761 3765 892 3828 omnino
916 3784 966 3842 so,
1001 3764 1079 3845 quid
1100 3761 1297 3829 Bekkerum
1323 3789 1394 3833 mo·

219 3869 335 3947 risset,
363 3871 492 3934 nescire
515 3869 706 3935 faterentur.
762 3870 806 3935 Et
829 3876 940 3936 tamen
962 3892 1016 3935 res
1039 3871 1220 3936 manifesta
1245 3881 1301 3938 est
1324 3897 1397 3940 mo·

218 3983 375 4057 seratque
405 3998 456 4040 me
485 3977 629 4041 nondum
660 3978 790 4059 cognitu
813 3976 956 4042 Beklreri
979 3978 1177 4061 suspicione.
1237 3978 1392 4047 Primum

219 4083 304 4145 enim
334 4085 507 4166 perspicue
531 4083 675 4159 tollitur,
709 4083 774 4148 illis
798 4085 952 4164 adiectis,
988 4086 1251 4169 comparationis
1275 4108 1392 4173 requa-

219 4187 310 4267 litas,
339 4210 411 4271 quae
434 4192 544 4273 posita
569 4199 620 4256 est
646 4192 679 4255 in
703 4191 831 4256 duabus
855 4191 962 4270 rebus
991 4190 1178 4257 AEtolorum
1203 4214 1311 4278 opum
1336 4196 1393 4262 de
1492 4240 1494 4245 -

218 4295 398 4360 minutione
421 4303 455 4360 et
477 4297 621 4381 Philippi
644 4299 865 4363 incrementis.
917 4299 1044 4364 Deinde
1074 4300 1144 4365 haec
1172 4320 1263 4365 nova
1296 4323 1390 4370 com-
