2994 5108
548 26 609 87 586

99 212 217 276 uibus
243 218 303 276 cet.
347 209 431 275 Nam
454 218 614 295 pontem
637 212 677 275 in
699 210 880 275 Tiberim
908 210 1064 289 facere,
1098 208 1162 275 lo·

91 348 97 360 ·
126 342 233 402 neque
268 342 331 384 usu
365 320 551 385 defenditur
579 340 686 401 neque
708 319 846 384 ratione.
893 316 925 402 [ἓ
954 321 973 383 6
1000 314 1160 401 Ussingio

105 437 265 512 suspectae
288 435 364 493 suut
386 450 482 493 voces
516 436 554 492 et
587 428 716 493 lorum
742 434 912 511 tamquam
939 448 958 493 e
985 427 1160 511 superiore

71 559 103 599 ,ιι
138 558 248 601 errore
279 538 443 619 repetitae-3
478 558 552 600 uam
581 544 614 600 et
635 537 742 601 forum
770 536 819 600 sio
844 533 933 601 nudo
955 535 1105 620 positum
1126 540 1160 599 et

69 668 112 709 ιιιι
136 653 228 708 extra
252 652 380 728 portam
403 644 615 710 ofl'eusiouem
637 643 748 709 habet.
784 642 800 727 ἓ
822 648 852 723 8,
869 644 926 708 ubi
948 644 983 709 in
1003 642 1054 709 ed.
1071 642 1159 725 Meg.

61 753 177 817 ibitur:
192 753 407 836 Complura
428 754 581 818 sacella
600 753 846 836 publicaque
864 773 936 817 sua
952 759 1161 837 occupata

58 863 233 939 irivatis,
258 861 379 925 aLirio
400 863 557 944 scriptum
578 884 649 926 esse
667 861 810 927 ridetur:
834 859 981 943 compl.
1000 858 1160 926 sacella

62 969 254 1053 blicaque
278 970 384 1050 loca3
408 970 528 1035 sacella
552 992 646 1035 sacra
669 990 754 1046 esse,
778 970 851 1034 loca
873 968 1006 1052 publica
1033 966 1158 1053 populo

34 1086 119 1143 tere
143 1100 295 1143 censores
318 1081 493 1143 iusserunt.
542 1076 647 1160 laea]

92 1185 169 1270 Cap.
209 1192 259 1266 53,
296 1191 328 1250 3:
363 1185 570 1251 Celeriter
603 1194 640 1251 et
675 1208 719 1250 ex
752 1186 966 1270 provincia
998 1184 1160 1251 litterae

18 1301 161 1359 'omam
186 1302 391 1360 venerunt.
438 1294 538 1358 Recte
561 1295 845 1360 ll'eisseuboruius
867 1295 1006 1359 alteram
1027 1300 1160 1377 partem

9 1406 186 1480 autentim,
211 1405 306 1469 cuius
329 1404 486 1467 iodicium
509 1404 586 1467 facit
611 1404 772 1485 particula
795 1410 844 1479 et,
867 1402 1027 1467 excidisse
1050 1408 1160 1485 putat,

5 1534 69 1596 qua
92 1513 246 1597 suppleta
263 1518 343 1595 apta
361 1513 423 1576 erit
441 1511 621 1575 celeritatis
639 1513 771 1590 mentio,
788 1511 905 1575 sivein
923 1509 1008 1575 hanc
1025 1516 1161 1575 senten·

5 1621 85 1684 tiam
115 1621 228 1685 Livius
262 1620 408 1704 scripsit:
445 1616 647 1683 Celeriter
676 1627 714 1684 et
747 1641 792 1684 ea
825 1626 941 1703 gesta
970 1625 1090 1684 erant
1119 1625 1161 1684 et

5 1750 49 1793 ex
72 1730 284 1812 provincia
306 1728 463 1792 litterae
488 1728 523 1790 ll.
547 1749 586 1805 ιι,
611 1728 678 1792 sive
702 1728 811 1810 potius
830 1729 864 1791 iu
881 1727 979 1792 hanc:
1004 1724 1160 1792 Celeri·

4 1844 66 1901 ter
90 1844 128 1901 ot
152 1838 275 1902 Roma
298 1835 438 1901 consul
462 1836 507 1899 ad
536 1835 674 1900 hostes
708 1843 745 1899 et
779 1857 823 1900 ex
853 1836 1071 1920 provincia
1094 1835 1161 1901 lit·

4 1950 100 2008 terte
125 1946 161 2008 ll.
185 1968 212 2009 v.
262 1945 326 2010 Sed
356 1966 420 2009 nou
449 1945 555 2018 miurus
588 1944 762 2010 nranifesta
794 1945 912 2009 lacuna
942 1943 1044 2028 paulo
1080 1950 1161 2011 anta

4 2051 35 2134 (ξ
58 2054 91 2131 2)
115 2074 226 2116 omues
261 2053 386 2117 fefellit.
432 2052 484 2117 Sic
513 2053 605 2116 enirn-
628 2052 799 2117 scribitur:
835 2073 965 2135 neque
999 2059 1162 2119 tantum

2 2161 90 2225 acie
114 2162 212 2225 vicit
236 2161 288 2245 (Q.
311 2161 444 2224 l'ulvius
474 2161 587 2224 consul
611 2160 771 2242 Ligures),
800 2162 868 2225 sed
897 2167 1039 2225 castra
1062 2182 1164 2244 quo-

8 2290 81 2352 que
105 2269 239 2334 eodem
263 2270 326 2334 die
350 2271 468 2353 cepit.
510 2270 603 2333 'l'ria
632 2269 764 2333 millia
794 2270 957 2334 ducenti
979 2269 1165 2336 hostium

1 2378 213 2459 omnisque
247 2399 291 2442 ea
324 2379 438 2460 regio
463 2378 654 2459 Ligurum
683 2379 724 2441 in
753 2377 1011 2443 deditionem
1038 2378 1164 2445 venit.

1 2484 149 2549 Consul
172 2486 337 2551 deditos
365 2487 402 2550 in
432 2494 688 2568 campestres
718 2506 837 2567 agros
861 2486 1034 2551 deduxit
1056 2508 1165 2571 prae·

2 2595 192 2677 sidiaque
216 2594 423 2659 montibus
447 2595 656 2676 imposuit.
690 2593 796 2658 Nimis
815 2595 950 2677 exiguus
966 2601 1021 2659 est
1043 2617 1164 2661 nume·

2 2723 57 2765 sus
82 2702 265 2766 deditorum
290 2723 348 2784 pro
369 2709 439 2765 tota
458 2704 602 2783 regione.
621 2724 692 2784 (lua
711 2702 832 2766 bellum
849 2702 1005 2767 Romanis
1022 2702 1165 2785 fecerat,

1 2811 53 2872 rix
77 2830 147 2873 eum
173 2832 321 2894 tvqlltlllS,
346 2832 441 2893 quem
465 2819 635 2892 captorum
660 2812 693 2874 iu
717 2810 850 2893 proeliis
878 2811 1022 2875 hostium
1047 2812 1166 2879 Livius

1 2919 35 2980 iu
59 2917 109 2980 his
132 2919 227 2982 bellis
253 2918 348 2982 edere
372 2919 470 2996 solet3
486 2940 563 3001 ,urea
586 2919 643 2981 ubi
667 2926 744 2982 totae
766 2920 917 3001 regiones
941 2941 975 2983 so
1001 2919 1166 2987 Romanis

2 3024 134 3103 deduut,
159 3048 314 3090 uumerus
337 3026 519 3090 incolarum
542 3028 616 3090 iuiri
647 3027 764 3107 edique
787 3027 883 3105 solet3
912 3029 1046 3091 omnino
1073 3031 1167 3094 enim

4 3132 179 3195 'ucolarum
203 3137 329 3198 uumeri
353 3135 485 3198 urbium
509 3136 744 3217 regionumque
767 3157 901 3218 perraro
920 3144 1168 3219 computantur

22 3241 88 3322 pud
122 3250 256 3306 veteres.
313 3242 498 3326 Scripserat
533 3243 644 3307 Livius
684 3245 717 3306 iu
752 3244 837 3308 hanc
870 3243 1026 3308 formam:
1065 3244 1167 3312 Tria

11 3349 132 3414 uillia
156 3351 319 3414 ducenti
342 3350 518 3415 hostium
552 3353 641 3414 caesi
677 3359 782 3429 suut,
806 3396 822 3432 ,3
846 3352 975 3435 capti,
1007 3356 1166 3419 omnis·

1 3479 75 3539 que
100 3479 144 3520 ea
167 3460 279 3540 regio
302 3456 493 3539 Ligurum
516 3468 576 3522 cet.

87 3565 164 3647 Cap.
186 3572 234 3645 55,
259 3571 277 3629 8
302 3564 355 3645 (de
374 3566 526 3651 Philippo
550 3566 654 3649 rege):
680 3572 718 3630 et
736 3567 1029 3633 infelicitatem
1048 3591 1165 3637 suam

3 3672 42 3734 iu
66 3671 219 3737 liberis
249 3675 488 3755 graviorem,
522 3675 626 3755 (quod
661 3673 762 3739 alter
789 3677 981 3758 perisset,
1017 3698 1165 3745 cense-

4 3777 81 3842 bat.
108 3780 294 3844 Ridiculum
313 3789 372 3859 est,
390 3789 559 3864 tamquam
573 3783 739 3864 singulare
753 3786 837 3867 poni,
858 3787 1044 3867 graviorem
1059 3790 1163 3855 etiam

7 3906 75 3949 esse
99 3887 333 3967 infelicitatem,
358 3890 443 3970 quod
473 3891 557 3953 alter
580 3912 618 3953 ex
641 3891 754 3956 liberis
778 3894 930 3976 perierit,
965 3897 1067 3977 quasi
1095 3918 1162 3963 non
