2994 5108
696 449 757 510 399
1108 463 1170 516 Lib.
1189 462 1303 516 XXVII.

148 637 264 715 distat,
293 641 424 701 euntem
447 631 482 698 C.
506 632 677 709 Hostilius,
707 634 762 714 qui
785 633 920 699 Tarenti
944 641 1026 711 erat,
1056 634 1180 698 adoriri
1204 641 1304 718 potu-

148 746 221 823 erit,
245 765 341 809 nemo
363 741 462 807 facile
485 740 615 818 dixerit,
638 747 672 805 et
695 741 791 806 haesit
812 743 878 806 iam
900 743 934 805 in
958 762 996 806 eo
1009 742 1302 808 Weissenbornius.

147 852 285 918 Accedit
307 851 479 916 extremi
501 848 597 914 linis
619 851 753 927 mentio,
777 862 850 931 quae
874 871 940 932 quo
962 851 996 913 in
1018 856 1088 914 tam
1110 850 1302 933 longinquis

146 961 229 1026 locis
257 960 438 1044 pertineat,
468 978 532 1022 non
562 963 710 1041 apparet.
766 958 937 1022 Postremo
966 958 1082 1040 paucis
1105 963 1180 1042 post
1202 960 1303 1023 versi·

146 1068 217 1147 bus,
239 1067 363 1133 nullius
380 1065 515 1132 alterius
533 1067 582 1130 rei
600 1066 796 1147 interposita
808 1067 982 1143 mentione,
1004 1065 1179 1146 Hannibal,
1203 1085 1302 1148 quum

146 1175 243 1242 simul
265 1175 302 1254 Q.
326 1173 482 1240 Claudius
506 1195 545 1238 ex
569 1172 761 1238 Sallentinis
784 1181 899 1239 contra
922 1195 995 1238 eum
1018 1181 1177 1254 moveret,
1208 1183 1304 1240 noete

148 1291 261 1350 castra
293 1304 333 1348 ex
366 1303 445 1366 agro
477 1281 656 1346 Tarentino
690 1284 829 1346 movisse
864 1281 998 1361 dicitur,
1039 1302 1104 1365 quo
1138 1285 1195 1364 qui
1229 1305 1302 1348 eum

149 1393 257 1458 subito
291 1413 309 1457 e
342 1390 492 1456 Larinati
524 1409 604 1471 agro
639 1389 828 1455 traductum
861 1389 1063 1473 putabimus,
1103 1412 1204 1472 quum
1237 1393 1303 1457 iam

146 1500 215 1566 illic
249 1521 270 1564 a
303 1497 442 1564 custode
481 1495 615 1562 Tarenti
654 1497 737 1562 duee
779 1499 926 1564 Romano
966 1500 1154 1565 incursatus
1193 1501 1302 1564 esset?

147 1608 309 1693 Apparet,
337 1607 469 1690 opinor,
497 1605 725 1685 Hannibalem,
756 1628 856 1690 quum
879 1605 1076 1672 Sallentinos
1099 1626 1138 1669 ex
1160 1606 1302 1671 Lucanis

146 1715 273 1800 petenti
311 1720 432 1798 prater
465 1714 644 1779 Tarentum
684 1713 829 1778 eundum
869 1721 972 1793 esset,
1011 1721 1049 1778 ut
1088 1715 1193 1779 tutius
1227 1716 1300 1794 iret,

147 1824 251 1888 vitata
280 1821 373 1886 urbis
400 1822 662 1906 propinquitate,
695 1842 755 1905 per
784 1829 965 1887 extremum
993 1823 1063 1903 agri
1086 1822 1301 1888 Tarentini

147 1930 245 1997 finem
291 1931 373 1996 satis
412 1951 530 2012 magno
571 1928 658 1994 flexu
698 1931 879 1995 exereitum
919 1930 1052 1996 duxisse
1092 1952 1152 1996 nec
1189 1938 1301 1996 tamen

148 2038 282 2106 Hostilii
312 2038 456 2104 Tarento
493 2036 699 2121 presidentis
734 2039 937 2121 vigilantiam
973 2037 1124 2120 effugisse
1154 2044 1213 2104 aut
1242 2041 1301 2103 im·

148 2153 276 2231 petum3
315 2168 376 2230 pro
411 2146 628 2211 Tarentini
666 2147 700 2209 in
732 2146 758 2210 P
792 2153 842 2211 est
881 2146 1097 2227 laritanis,
1137 2148 1301 2228 quomodo
1375 2209 1380 2220 ,

147 2255 400 2340 transponendae
435 2254 553 2318 littera
586 2255 695 2318 notari
730 2255 847 2320 solent.
904 2255 965 2320 Sed
1002 2255 1089 2339 quod
1124 2255 1302 2321 Hostilium

147 2362 283 2428 Tarenti
316 2362 419 2427 inisse
453 2361 535 2441 dixi,
571 2369 764 2427 occurretur
799 2363 896 2442 mihi,
930 2384 1030 2445 quum
1060 2385 1098 2428 eo
1129 2365 1301 2447 superiore

147 2491 231 2538 anno
261 2471 353 2554 (208)
383 2471 502 2535 missus
532 2475 622 2534 esset
650 2469 690 2550 (c.
716 2474 771 2545 35,
802 2470 851 2551 2),
885 2478 998 2553 postea
1024 2473 1055 2536 ei
1078 2473 1193 2536 eodem
1216 2495 1301 2538 anno

136 2599 205 2665 pro
239 2577 383 2643 Tarento
413 2576 561 2661 Capuam
594 2579 797 2661 provinciam
832 2578 945 2643 datam
979 2600 1051 2644 esse
1079 2578 1160 2661 (ibd.
1191 2579 1207 2663 ᾗ
1238 2580 1301 2661 14),

145 2686 258 2770 ibique
280 2708 356 2751 eum
377 2685 441 2750 hoc
463 2706 548 2750 anno
573 2685 664 2767 (207)
686 2685 799 2771 misse,
822 2686 949 2751 Livium
972 2686 1103 2752 tradere
1127 2709 1153 2752 c.
1179 2691 1228 2767 36,
1253 2694 1302 2764 13,

146 2793 281 2860 Tarenti
303 2794 341 2871 Q,
367 2791 539 2858 Claudium
564 2792 605 2875 (o.
629 2796 679 2874 38,
709 2798 785 2859 Set
806 2798 857 2873 40,
888 2792 952 2876 11).
1003 2795 1125 2859 Verum
1153 2817 1193 2861 ne
1223 2797 1301 2879 fingi

146 2902 281 2985 quidem
315 2907 439 2985 potest,
479 2900 639 2986 aCapua
672 2903 705 2966 in
739 2902 935 2967 occidentali
968 2902 1072 2967 Italiae
1105 2911 1202 2987 parte
1236 2907 1302 2970 sita

144 3009 325 3076 Hostilium
363 3011 396 3074 in
429 3009 649 3075 Hannibalem
688 3032 747 3093 per
780 3010 969 3076 Larinatem
1002 2993 1130 3093 agruim
1172 3014 1228 3095 qui
1267 3014 1301 3077 in

143 3117 266 3201 Apulia
287 3124 346 3192 est,
371 3124 512 3193 euntem,
534 3123 608 3183 toto
632 3118 804 3183 interiecto
828 3119 969 3196 Samnio,
992 3120 1151 3201 impetum
1174 3119 1299 3199 iecisse,

145 3232 178 3292 et
200 3225 421 3291 Hannibalem
445 3246 486 3289 ex
508 3245 588 3307 agro
610 3225 788 3290 Tarentino
812 3227 963 3305 movisse,
986 3225 1073 3307 quod
1096 3227 1236 3305 timeret,
1258 3249 1299 3293 ne

141 3333 188 3399 ibi
217 3333 375 3399 Claudius
407 3354 424 3398 e
454 3332 643 3399 Sallentinis
676 3336 808 3399 veniens
841 3336 1004 3403 exereitus
1035 3332 1182 3418 Capuam
1216 3336 1300 3401 obti-

141 3442 251 3508 nentis
284 3441 360 3506 duci
395 3462 430 3506 se
464 3443 686 3525 coniungeret.
748 3443 792 3508 Et
830 3450 907 3526 post
939 3442 1009 3506 haec
1043 3442 1173 3508 demum
1206 3452 1301 3527 gesta

141 3547 324 3616 Hostilium
353 3548 517 3614 Tubulum
540 3549 681 3615 Tarento
706 3548 853 3634 Capuam
880 3552 1018 3633 petisse,
1053 3559 1167 3634 aperte
1189 3552 1300 3618 Livius

141 3654 223 3721 dicit
260 3656 372 3741 paulo·
402 3664 479 3741 post
518 3658 581 3722 hoc
614 3658 687 3740 ipso
722 3660 829 3742 capite
863 3658 1087 3739 (Hostilius
1122 3659 1296 3743 Capuam

140 3769 305 3845 petens,
333 3770 382 3828 ct:
416 3766 600 3849 reliquas
629 3768 771 3851 copias
794 3765 1000 3831 Hostilius
1024 3764 1199 3850 Capuam
1228 3770 1298 3834 dn·

139 3891 234 3936 cere
251 3870 411 3951 iussus).
442 3871 558 3955 ltaque
576 3873 638 3954 hic,
658 3882 697 3940 ut
714 3874 794 3938 alibi
812 3894 878 3938 non
896 3875 1011 3957 paucis
1030 3874 1121 3954 locis,
1139 3875 1250 3941 Livius
1264 3880 1297 3943 in

138 3977 327 4045 indicandis
354 3979 567 4062 imperiorum
597 4002 656 4066 per
677 3981 783 4048 Italiae
806 3988 919 4067 partes
942 3983 1240 4066 permutationibus
1265 3996 1297 4054 et

136 4086 170 4153 in
204 4094 352 4172 tempore
386 4109 500 4154 earum
532 4089 679 4155 notando
713 4091 925 4174 decretisque
958 4110 979 4153 a
1006 4088 1106 4155 rebus
1138 4094 1292 4176 perfectis
1311 4119 1388 4188 (aaa)

135 4195 331 4280 separandis
365 4217 480 4280 parum
513 4197 653 4280 diligens
686 4197 750 4264 fuit
784 4197 861 4281 (vid.
897 4197 999 4261 Periz.
1033 4202 1067 4261 et
1100 4201 1218 4268 Weiss.
1255 4205 1298 4269 ad
