3000 5116
694 504 755 565 393
1110 517 1171 571 Lib.
1191 517 1303 573 xxvu

135 687 322 754 honores
356 688 404 753 ad
439 686 726 752 exsolvendam
760 688 880 752 fidem
914 710 934 752 a
968 690 1135 754 consule
1165 689 1297 755 habiti
1317 698 1389 767 (321)

137 819 213 862 non
235 795 482 880 intellegantur,
505 795 595 878 quod
619 797 778 860 sermonis
801 805 921 861 natura
944 797 1100 879 postulat,
1125 820 1146 863 a
1168 798 1302 864 consule

139 905 263 984 habiti,
281 904 339 970 sed
356 904 460 969 habiti
479 903 521 969 ad
539 903 770 968 exsolvendam
788 904 886 968 fidem
904 904 1058 969 consulis.
1093 905 1303 971 Manifestum
1419 962 1423 970 .

140 1019 214 1092 est,
248 1013 412 1077 excidisse
440 1010 573 1077 datam
602 1018 679 1076 aute
707 1011 848 1076 habiti.
898 1012 942 1077 Et
970 1021 1008 1078 ut
1037 1016 1167 1078 cumino
1196 1016 1229 1078 iu
1252 1015 1303 1079 his

141 1121 260 1186 decem
288 1120 383 1185 libris
405 1121 576 1203 permultis
598 1120 680 1185 locis
704 1121 803 1185 verba
827 1122 897 1184 sine
920 1120 1001 1200 ulla,
1036 1142 1107 1203 quae
1131 1132 1302 1205 appareat,

141 1229 279 1294 errandi
308 1249 409 1294 causa
436 1229 556 1293 omissa
579 1236 656 1293 sunt
680 1226 767 1306 (vid.,
790 1249 863 1311 quae
887 1231 1039 1311 exposita
1062 1238 1138 1294 sunt
1161 1254 1192 1314 p.
1218 1232 1303 1312 208),

143 1338 191 1402 sic
219 1336 340 1401 inhac
362 1338 435 1418 ipsa
457 1336 576 1400 ricinia
597 1335 844 1420 perfrequentia
869 1344 945 1400 sunt
969 1338 1039 1401 eius
1062 1340 1111 1402 rei
1134 1340 1301 1422 exempla,

145 1466 223 1511 nam
245 1451 318 1509 etc.
333 1449 362 1522 7,
388 1449 420 1506 l:
445 1444 569 1527 (exitu
593 1446 679 1509 eius
704 1446 797 1508 anni
820 1444 969 1506 (tlrellus
993 1445 1055 1509 die
1080 1447 1244 1527 quarto)
1268 1455 1301 1511 et

143 1554 260 1619 codem
300 1553 408 1636 capite
449 1552 466 1635 ἓ
501 1559 520 1616 4
566 1552 622 1632 (ob
662 1574 726 1616 res
765 1552 952 1616 feliciter
990 1575 1009 1617 a
1041 1553 1076 1616 P.
1111 1553 1302 1636 Scipione
1402 1619 1405 1626 ,

143 1656 562 1744 gestas’srppllcrtluen
591 1662 631 1724 in
658 1682 776 1723 unum
804 1660 920 1739 diem)
950 1659 1028 1755 et}
1059 1665 1103 1725 10
1134 1661 1184 1741 (C.
1210 1660 1302 1726 Cal-

144 1771 316 1854 purnius
346 1769 529 1849 ,nr-usu,
563 1770 699 1835 decretu.
751 1768 884 1830 trias-s
908 1769 1130 1850 exercitus)
1160 1776 1194 1833 et
1222 1770 1237 1851 ξ
1264 1776 1301 1834 14

144 1877 383 1961 (additaque
406 1877 514 1942 eaden
537 1876 712 1956 iguo-lule,
738 1875 811 1940 sub
835 1875 926 1957 qua)
950 1884 983 1940 et
1005 1897 1031 1940 o.
1054 1882 1101 1955 ll,
1127 1883 1144 1940 9
1170 1877 1225 1957 (ut
1247 1879 1299 1954 qul

144 1988 298 2070 primus
321 1985 476 2066 censor)
500 1992 534 2050 et
556 1984 671 2049 eodem
695 1985 803 2066 capite
827 1983 896 2065 §12
921 1983 1028 2065 (post
1052 1984 1301 2049 Cannensem

144 2094 270 2157 aladen.
301 2092 345 2157 In
363 2093 641 2175 equestribus)
660 2114 700 2157 ea
717 2092 826 2170 verba,
844 2114 916 2173 quae
935 2091 1122 2156 litterarum
1134 2093 1240 2157 forma
1252 2096 1301 2157 in·

143 2202 268 2285 signiri,
291 2222 312 2264 a
329 2200 497 2265 codicibus
516 2201 646 2280 absunt,
664 2200 706 2264 ab
721 2201 902 2265 editoribus
921 2221 1082 2264 consensu
1096 2201 1300 2283 supplentur.

143 2309 207 2375 Cur
223 2311 329 2392 igitur
345 2310 379 2373 in
398 2330 462 2374 uno
479 2309 551 2374 loco
569 2309 778 2374 incredibilia
795 2310 906 2392 potius
924 2308 1092 2391 finguntur
1104 2330 1202 2392 quam
1214 2310 1302 2374 idem

141 2418 318 2494 accidisse,
360 2417 523 2482 sententia
556 2423 589 2481 et
623 2418 771 2481 oratione
806 2417 1070 2495 demonstrante,
1111 2419 1300 2482 statuatur?

143 2525 240 2605 Quid,
265 2525 353 2608 quod
374 2526 409 2589 iu
432 2524 494 2588 boc
518 2525 590 2607 ipso
613 2525 722 2607 capite
745 2525 885 2588 alterum
907 2525 1036 2589 videtur
1058 2545 1128 2589 esse
1152 2527 1263 2590 omissi
1282 2547 1302 2590 a

141 2635 283 2701 librario
318 2633 409 2697 verbi
442 2632 648 2716 exemplum?
692 2632 775 2695 Nam
810 2633 897 2715 quod
927 2631 944 2714 ξ
973 2636 991 2695 9
1027 2654 1044 2696 e
1073 2632 1133 2696 PM
1162 2634 1301 2714 aliisque

142 2742 315 2808 codicibus
349 2762 452 2823 nuper
485 2741 607 2805 editum
642 2748 708 2805 est:
754 2741 802 2804 ad
838 2739 1025 2804 Siciliam
1059 2743 1300 2818 transmisit,

141 2851 271 2915 tertio
295 2848 449 2913 decimo
472 2848 547 2926 die,
578 2870 694 2929 quam
717 2848 931 2931 profectus
955 2848 1057 2925 iude,
1081 2849 1301 2931 Lilybaeum

116 2957 342 3035 revectus,
365 2977 481 3039 parum
505 2956 670 3020 credibilis
693 2956 828 3040 fingitur
851 2958 883 3020 in
907 2956 968 3020 hoo
992 2957 1160 3019 sententiar
1184 2978 1302 3037 genere

141 3067 233 3132 verbi
264 3053 463 3130 substantivi
492 3065 638 3141 omissio,
673 3066 856 3146 praesertim
891 3066 923 3127 in
958 3063 1015 3127 illa
1051 3064 1301 3146 participiorum

118 3175 314 3267 xvicinitate
360 3170 587 3255 (profectus
633 3173 741 3249 iude,
788 3171 1003 3253 Lilybaeum
1048 3171 1298 3251 revectus).¹)

142 3283 260 3363 ltaque
284 3288 341 3344 aut
364 3286 428 3344 est
449 3279 637 3344 addendum
662 3278 842 3359 (indest),
879 3279 966 3361 quod
995 3279 1125 3342 facilius
1149 3279 1301 3343 excidere

142 3391 263 3474 potuit,
288 3394 356 3464 aut,
381 3387 470 3471 quod
493 3389 682 3470 superiores
706 3388 848 3451 editores
872 3386 1078 3464 addiderant,
1103 3394 1199 3464 erat,
1224 3408 1301 3450 cou-

143 3497 328 3563 venientius
359 3496 422 3561 lice
450 3495 533 3559 Livii
564 3495 804 3559 consuetudini.
860 3494 944 3558 Nam
975 3501 1012 3558 ut
1040 3497 1302 3559 constantissime

144 3605 281 3670 dicitur:
312 3603 460 3667 Tribus
484 3601 636 3681 diebus
665 3602 814 3684 quibus
839 3601 963 3666 Gaius
986 3604 1095 3666 venit
1120 3600 1191 3684 (qu.
1216 3624 1302 3666 ven-

144 3720 226 3777 tum
250 3711 335 3792 est),
358 3710 497 3775 urbem
521 3712 641 3793 cepit,
665 3711 721 3787 ita,
744 3711 854 3792 posito
878 3711 1002 3775 ordinis
1024 3730 1170 3788 numero,
1193 3711 1302 3773 Livius

144 3825 177 3884 et
201 3817 381 3882 Sallustius
404 3819 450 3881 sic
473 3817 582 3882 dicere
605 3818 726 3883 solent:
756 3819 820 3881 die
849 3818 1008 3898 quinto,
1038 3839 1153 3899 quam
1176 3816 1302 3881 Gaius

172 4026 198 4093 ¹)
217 4025 312 4081 Unum
341 4031 385 4080 est
411 4032 549 4094 proeterea
571 4027 601 4079 in
624 4026 678 4079 hoc
703 4041 818 4093 genere,
847 4025 921 4091 quod
945 4024 1203 4092 frequentissimum
1225 4027 1301 4092 apud

238 4111 296 4163 ivin
474 4112 479 4122 “
513 4112 522 4163 i
581 4111 625 4163 rbi
664 4110 832 4162 xemlmi
872 4109 920 4162 lib.
940 4108 1005 4160 XXI
1046 4111 1076 4161 15
1112 4111 1139 4162 3:
1168 4108 1253 4162 Octa

212 4111 671 4264 bendb,eltdublbrmcobeptudr
704 4128 910 4264 oddugnnari,
943 4149 1088 4261 captum,
1109 4129 1301 4262 saguntdnl

213 4281 351 4349 quidam
373 4283 553 4351 scripsere.
595 4279 742 4349 [Similiter
760 4278 822 4345 VII,
846 4280 871 4344 6,
890 4282 906 4332 2
928 4280 1045 4332 verbum
1070 4279 1212 4333 omittitur
1235 4287 1301 4349 post

211 4365 432 4435 priusquam]
