2994 5108
627 449 686 511 601
1077 460 1140 516 Lib.
1159 460 1236 515 XLI.

79 630 150 710 nis,
173 651 213 696 ex
236 651 301 712 quo
325 629 476 710 efficitur,
509 630 637 697 Livium
666 634 838 717 scripsisse
872 632 991 699 videri:
1021 634 1234 718 conserip-

81 745 231 817 serant,
250 745 289 804 et
307 740 457 804 socium
476 739 615 805 Latini
632 742 802 807 nominis
820 741 847 806 V
863 741 1071 809 millibus?
1090 742 1237 826 dutqua

80 845 271 913 defensione
289 853 372 930 eget,
392 846 480 929 quod
503 847 598 927 XLV,
622 855 651 927 4,
678 853 697 913 3
721 848 1015 935 (oppugnasset
1038 850 1089 932 et)
1120 858 1153 915 et
1182 855 1236 930 36,

84 959 99 1019 1
125 954 247 1037 (esset
269 954 315 1036 et)
343 956 515 1035 geminatis
544 956 629 1021 binis
651 957 771 1022 litteris
799 979 900 1040 prava
922 957 1082 1042 asyndeta
1104 958 1236 1038 sustuli,

80 1072 118 1129 ut
151 1063 275 1127 fecerat
308 1062 466 1147 Grynaeus
500 1063 599 1138 XLII,
623 1070 673 1143 21,
704 1067 744 1130 3?
788 1066 936 1131 Aliarum
969 1067 1235 1130 coniecturarum

80 1173 226 1237 rationes
255 1171 396 1237 breviter
424 1173 457 1236 in
490 1172 681 1255 praefatione
715 1173 889 1257 explicavi3
923 1194 980 1238 eas
1019 1173 1167 1252 hue‚1ut
1199 1175 1237 1238 in

81 1280 306 1363 superioribus
344 1280 454 1357 libris,
495 1281 659 1345 transtuli.
715 1282 765 1346 Ex
808 1283 863 1360 iis,
908 1303 990 1365 quas
1030 1282 1108 1348 olim
1148 1282 1235 1346 feee-

79 1410 167 1465 ram,
202 1409 375 1472 perpaucae
413 1389 567 1455 tollenda
605 1390 752 1469 fuerunt,
793 1389 881 1473 quod
921 1397 981 1454 aut
1018 1412 1083 1455 non
1122 1411 1236 1455 neees-

81 1498 178 1563 sariee
201 1506 296 1562 erant
319 1504 377 1562 aut
399 1497 534 1562 meliora
567 1505 682 1581 postea
711 1498 753 1562 ab
777 1498 849 1562 aliis
872 1503 930 1561 aut
958 1518 979 1561 a
1007 1519 1058 1562 me
1087 1498 1159 1581 ipso
1182 1499 1233 1563 in-

82 1613 182 1670 venta
203 1614 262 1669 aut
285 1605 374 1688 quod
398 1606 516 1670 mendo
533 1607 708 1689 perspicuo
732 1606 775 1671 ad
797 1607 903 1690 ipsam
925 1612 1036 1670 tamen
1059 1607 1232 1670 veritatem

80 1713 246 1797 perveniri
265 1734 330 1777 non
353 1721 500 1797 poterat;
523 1721 639 1777 eontra
662 1714 743 1778 alias
767 1715 971 1797 disputatum
993 1735 1014 1778 a
1037 1713 1236 1796 quibusdam

79 1842 152 1886 esse
175 1830 208 1885 et
237 1822 303 1886 alia
325 1829 470 1899 tentata,
500 1843 564 1886 non
592 1823 721 1904 ignoro,
739 1822 797 1887 sed
826 1822 866 1887 de
896 1822 1061 1887 sententia
1088 1844 1153 1886 non
1177 1823 1232 1887 de-

79 1929 172 1995 eedo.
218 1930 256 1994 In
283 1930 425 1994 Hartelii
459 1930 591 2011 quidem
626 1930 866 2014 suspicionibus
890 1930 1042 2014 quaedam
1069 1931 1166 1994 nimis
1189 1931 1235 1996 ab

80 2060 146 2104 usu
171 2037 290 2104 Latino
314 2045 347 2103 et
370 2038 504 2102 Liviano
528 2037 763 2121 discedunt.]¹)

540 2207 631 2312 ns
664 2230 771 2313 xii.

167 2363 272 2429 Huius
296 2364 371 2428 libri
393 2386 507 2429 novem
528 2365 633 2448 prima
651 2365 771 2447 capita,
795 2372 832 2428 ut
851 2363 927 2444 dixi,
950 2365 999 2428 ita
1017 2363 1146 2447 Grynaei
1169 2365 1236 2430 fide

78 2474 242 2549 nituntur,
266 2479 312 2550 ut,
336 2471 414 2555 quid
437 2473 492 2537 ille
514 2474 548 2536 in
568 2473 689 2536 codicis
709 2473 871 2556 scriptura
888 2474 1034 2551 mutarit,
1057 2475 1235 2538 nesciatur.

80 2580 197 2664 Itaque
226 2582 259 2645 in
287 2583 329 2645 iis
363 2580 462 2659 locis,
491 2582 524 2645 in
548 2581 666 2662 quibus
689 2582 832 2663 suspicio
857 2582 977 2659 oritur,
1001 2602 1121 2665 neque,
1145 2583 1237 2647 eodi-

81 2709 196 2754 eemne
220 2710 262 2753 an
285 2689 460 2771 Gryneeum
483 2710 610 2771 arguas,
635 2689 718 2753 scias
740 2707 845 2771 neque
863 2690 961 2754 certis
978 2688 1107 2754 indiciis
1126 2710 1236 2754 emen-

82 2795 249 2861 dationem
282 2796 415 2878 dirigas.
460 2795 512 2861 lta
546 2795 677 2860 difficile
707 2804 758 2861 est
787 2799 895 2879 ipsum
925 2799 1122 2862 correctioni
1157 2819 1234 2863 oon·

80 2904 197 2977 fidere,
232 2894 366 2969 difficile
400 2905 473 2969 aliis
506 2904 605 2969 fidem
626 2905 752 2983 facere3
775 2921 881 2986 neque
908 2911 1019 2968 tamen
1049 2906 1236 2970 omittenda

83 3021 171 3090 sunt,
196 3035 267 3095 quae
290 3014 374 3078 veris
397 3013 517 3077 similia
540 3012 702 3085 videntur,
727 3024 760 3076 et
789 3012 906 3077 saltem
934 3012 1054 3076 menda
1075 3013 1232 3078 notanda

169 3119 247 3204 Cap.
274 3128 300 3197 1,
324 3127 342 3185 6
366 3120 436 3203 (ubi
460 3120 690 3185 deseribuntur
713 3121 873 3184 stationes
895 3118 937 3183 ab
956 3120 992 3182 A.
1011 3119 1134 3185 Manlio
1158 3142 1236 3186 eon-

83 3229 169 3308 sule,
191 3228 348 3295 Histriam
371 3231 535 3311 ingress0‚
558 3228 599 3293 ab
623 3228 771 3292 omnibus
795 3233 975 3293 castrorum
998 3227 1149 3310 partibus
1172 3230 1234 3293 oir-

82 3337 275 3419 eumdatoe):
300 3339 339 3402 in
358 3337 554 3402 Histriam
576 3359 734 3401 versum
753 3334 785 3418 (e
804 3334 903 3401 Gron.
922 3337 1068 3414 coniect,
1089 3335 1138 3400 ed.
1157 3335 1172 3398 l
1195 3337 1236 3400 in

108 3561 132 3626 ¹)
152 3558 254 3629 [Quum
262 3558 325 3612 haec
337 3559 392 3611 iam
411 3560 567 3627 composita
580 3559 760 3638 typothetam
779 3561 984 3625 exspectarent,
1004 3557 1099 3626 accepi
1118 3557 1152 3611 ab
1171 3558 1237 3626 ipso

153 3646 288 3714 scriptore
314 3645 448 3698 benevole
479 3646 592 3698 missam
620 3644 655 3696 Μ.
683 3643 837 3698 Gitlbaueri
862 3641 1082 3710 disputationem
1107 3641 1159 3711 „de
1189 3660 1237 3696 eo·

154 3730 215 3784 dice
230 3730 347 3784 Liviano
366 3731 556 3784 vetustissimo
571 3725 800 3783 Vindobonenai“
821 3726 950 3794 (vindob.
973 3728 1060 3793 1876),
1078 3728 1108 3781 in
1126 3744 1180 3796 qua
1199 3729 1235 3783 de

154 3815 259 3870 codicis
282 3815 380 3868 habitu
397 3814 517 3883 fatisque
540 3815 753 3884 diligentissime
772 3813 924 3883 exponitur
947 3812 1138 3880 nonnullaque
1156 3830 1172 3865 a
1190 3830 1237 3867 me

153 3902 250 3969 iisqne,
270 3901 317 3969 qui
330 3902 397 3955 mihi
413 3918 526 3970 operam
544 3902 734 3970 praebuerunt,
755 3905 784 3953 et
801 3898 964 3953 aVahlenio
978 3899 1072 3952 minus
1087 3903 1164 3952 reete
1179 3899 1236 3966 ple·

154 4003 223 4041 neve
241 3973 338 4040 notata
357 3987 540 4055 corriguntur
557 3992 586 4039 et
603 3986 777 4056 supplentur.
806 3983 873 4050 Ques
892 3984 927 4037 de
946 3982 1119 4052 compendiis
1138 3984 1236 4037 neseio

155 4072 256 4140 quibus
276 4070 390 4138 codicis,
410 4090 425 4125 e
444 4089 498 4140 quo
517 4070 743 4126 vindobonensis
767 4070 903 4139 originem
927 4069 1023 4136 traxit,
1051 4068 1105 4121 hoe
1125 4074 1176 4135 est,
1199 4069 1237 4124 de

155 4157 257 4211 litteris
276 4174 441 4225 quoeunque
467 4158 529 4210 loeo
557 4158 615 4210 sine
639 4157 697 4210 ulla
719 4155 817 4224 regula
844 4154 963 4221 omissis,
991 4151 1083 4220 finxit,
1112 4170 1145 4207 aa
1171 4169 1234 4207 eum

155 4244 325 4297 coniecturis
344 4243 409 4296 inde
427 4243 520 4296 ductis
538 4242 720 4296 vehementer
737 4240 896 4310 improbare
914 4257 1014 4308 cogor3
1041 4239 1177 4294 nonnulla
1195 4246 1238 4293 ta-

152 4346 219 4383 men
237 4334 318 4382 extra
335 4329 388 4381 hoe
407 4344 494 4397 genus
513 4333 589 4380 reeta
606 4334 656 4380 aut
673 4344 730 4380 non
748 4326 849 4380 inseite
867 4325 1031 4379 coniectura
1048 4321 1162 4392 attigit]
