2994 5108
709 517 729 578 9

136 701 321 781 licentiam,
352 724 373 769 a
400 701 626 786 superioribus
654 701 837 767 editoribus
858 721 926 767 non
947 702 1068 785 ubique
1092 705 1297 786 castigatam,

136 831 244 894 nuper
271 810 406 893 quidam
435 811 546 875 nescio
568 830 636 892 qua
658 811 891 894 superstitione
915 817 948 875 et
969 811 1189 895 ignoratione,
1217 812 1296 896 quid

139 920 174 983 in
212 917 276 985 hoc
306 939 424 1001 genere
457 919 616 984 momenti
649 917 779 984 codices
812 918 974 999 facerent,
1015 941 1101 1005 saepe
1135 921 1297 987 serviliter

139 1027 244 1091 secuti
267 1033 358 1107 sunt,
393 1028 588 1111 excogitatis
616 1027 717 1091 etiam
745 1027 836 1092 miris
860 1026 1036 1092 enarrandi
1059 1034 1094 1093 et
1115 1029 1302 1094 excusandi.

138 1134 304 1215 artificiis3
336 1135 503 1200 interdum
537 1136 700 1219 pravitate
734 1135 886 1200 deterriti
919 1135 1030 1201 subito
1058 1157 1079 1201 a
1107 1137 1297 1203 constantia

139 1241 305 1308 deficiunt.
356 1242 461 1320 Quam
487 1244 522 1307 in
551 1242 744 1325 quotidiano
768 1244 989 1308 Romanorum
1012 1265 1161 1309 sermone
1183 1244 1294 1327 aliquo

138 1359 286 1435 tempore
313 1352 348 1416 in
376 1372 443 1416 una
470 1352 641 1435 alteraque
669 1348 837 1416 locutione
866 1373 906 1417 ex
928 1352 1163 1436 pronuntiandi
1185 1353 1294 1436 negle-

139 1461 251 1543 gentia
274 1461 374 1536 etiam
396 1458 562 1525 scribendi
584 1459 750 1524 interdum
773 1460 940 1525 licentiam
962 1459 1064 1526 fuisse
1079 1459 1175 1526 Gellii
1199 1460 1238 1542 (l,
1261 1461 1294 1544 7)

138 1569 345 1650 aliorumque
388 1569 679 1651 grammaticorum
716 1568 941 1634 testimonium
979 1569 1295 1654 inscriptionumque

138 1678 322 1742 auctoritas
344 1675 498 1756 ostendit,
526 1683 565 1741 ut
586 1677 628 1741 in
650 1682 898 1760 potestatem
921 1698 1010 1742 esse
1032 1678 1157 1760 proin
1180 1685 1295 1761 pote-

140 1792 250 1851 state
283 1790 317 1850 st
350 1785 471 1850 similia
504 1784 565 1850 sub
600 1784 762 1850 calamum
796 1785 959 1865 venirent,
995 1806 1068 1850 eam
1097 1785 1240 1851 breviter
1261 1787 1295 1851 in

138 1895 354 1977 grammatica
376 1893 494 1958 Latina
521 1891 538 1976 ᾖ
562 1897 626 1958 230
647 1900 714 1958 not.
739 1896 758 1956 2
782 1895 1034 1959 commemoravi
1063 1892 1295 1979 admonuique,

139 2024 202 2086 quo
230 2011 425 2085 argumento
454 2001 667 2067 conciderent
695 2002 805 2066 omnia
831 2000 891 2066 illa
920 1999 1077 2082 artificia,
1111 2002 1232 2085 quibus
1262 2011 1297 2069 et

140 2113 171 2175 in
198 2110 252 2176 his
280 2110 440 2194 exemplis
469 2109 721 2194 significationis
745 2107 936 2175 discrimina
959 2111 1240 2178 constituerentur
1262 2120 1298 2178 et

141 2219 182 2284 ad
209 2219 278 2284 alia
305 2238 345 2284 ea
374 2218 643 2284 transferrentur.
699 2216 784 2281 Nam
816 2217 856 2282 in
890 2218 1028 2284 urbem
1062 2225 1095 2283 et
1128 2220 1167 2284 in
1197 2222 1295 2288 urbe

140 2333 328 2411 permutata
350 2334 447 2392 acute
470 2327 613 2409 quidam,
641 2331 681 2390 ut
703 2326 768 2390 sibi
789 2324 953 2407 videntur,
977 2327 1164 2412 expediunt,
1188 2330 1295 2397 Gellio

140 2434 272 2502 bomine
295 2436 427 2500 minime
451 2440 550 2500 acuto
572 2441 755 2520 praeunte,
783 2435 824 2498 in
839 2433 974 2514 ,urbes
1003 2436 1098 2501 etin
1121 2438 1296 2506 urbibus

142 2549 330 2628 permutata
356 2563 422 2608 uon
451 2543 645 2624 ostendunt,
678 2564 719 2608 ne
747 2544 787 2606 iu
817 2542 1008 2627 oppidum
1037 2545 1170 2627 quidem
1198 2554 1232 2612 et
1254 2549 1296 2613 in

143 2652 291 2737 oppido
314 2652 379 2717 nisi
401 2673 489 2718 raro.
535 2651 629 2717 Hanc
651 2652 753 2734 igitur
775 2652 973 2735 pravitatem
997 2653 1064 2718 sive
1086 2654 1121 2718 in
1144 2654 1296 2722 addenda

143 2761 207 2826 sive
234 2761 270 2825 in
297 2760 504 2826 detrahenda
530 2767 611 2825 nota
632 2759 719 2842 (quae
741 2761 776 2825 in
798 2759 861 2839 III,
890 2764 945 2840 51,
974 2765 994 2825 8
1017 2763 1155 2843 eminet,
1184 2764 1218 2828 in
1241 2769 1291 2845 54,
1310 2774 1348 2842 (9)
1447 2793 1454 2807 ·

145 2873 180 2932 12
204 2876 241 2934 et
258 2872 308 2948 59,
334 2868 459 2948 llatet,
482 2868 570 2951 quod
593 2869 813 2953 progenies
837 2876 945 2933 ortum
970 2877 1081 2935 estex
1102 2874 1296 2956 progenie

143 3000 200 3060 pro
224 2978 462 3063 progeniem
485 2976 637 3063 posito¹),
666 2976 759 3042 inde
782 2999 822 3041 ex
844 2975 909 3041 ide
932 2999 992 3061 pro
1015 2976 1128 3058 idem,
1152 2978 1215 3044 hoc
1238 2987 1296 3062 est,

143 3085 275 3168 iidem)
310 3085 352 3151 ad
386 3107 500 3151 omnes
534 3082 758 3179 codiqpsaut
785 3084 903 3150 saltem
933 3084 976 3149 ad
999 3106 1111 3151 omnes
1135 3087 1239 3153 bonos
1262 3096 1296 3154 et

143 3196 307 3278 principes
335 3215 375 3259 ex
405 3180 825 3278 archetypo'propagatam
847 3192 1002 3258 adnotavi
1024 3195 1058 3259 in
1080 3194 1166 3261 libro
1189 3198 1295 3280 primo

142 3301 190 3368 bis
213 3302 296 3367 locis
319 3301 393 3384 (nec
415 3300 547 3381 dubito,
581 3303 661 3385 quin
689 3301 800 3386 plures
829 3302 863 3366 in
891 3301 1029 3384 legendo
1051 3305 1294 3388 praeterierimlz

142 3430 167 3475 c.
189 3414 238 3491 18,
263 3414 282 3475 6
305 3410 359 3490 (in
381 3409 558 3494 lapidem
581 3409 779 3489 consedit,
802 3431 867 3474 uno
891 3416 1048 3492 sequente
1066 3411 1295 3496 Alschefskio),

143 3539 168 3583 c.
191 3523 247 3599 25,
277 3522 296 3583 6
324 3520 412 3583 vice
434 3519 555 3583 unius
578 3516 681 3602 (quod
705 3538 819 3583 omnes
841 3525 972 3596 tenent,
1007 3502 1295 3604 spreta⁴Gronovii

142 3625 415 3707 admonitione)²),
439 3647 466 3690 c.
488 3629 538 3706 39,
563 3631 577 3691 1
603 3626 853 3711 (prodigium
876 3626 1026 3708 visum),
1050 3648 1077 3690 c.
1096 3633 1145 3707 56,
1168 3633 1187 3692 2
1208 3629 1294 3711 (sub

149 3780 365 3790 --.--.---..-

173 3880 190 3949 1)
210 3879 274 3949 [cfr.
292 3879 384 3949 XXII,
407 3882 449 3949 22,
472 3883 537 3935 bin
555 3880 617 3936 Put
638 3882 679 3937 ad
695 3881 1074 3937 Romanassocietatem
1093 3902 1128 3938 ex
1144 3884 1295 3941 Romana

207 3983 261 4035 pro
277 3965 482 4036 Romanam]

169 4050 190 4118 ἵ)
208 4051 288 4105 Verti
305 4051 404 4107 video:
423 4069 538 4122 wagan
556 4053 617 4107 der
632 4051 738 4123 Lage3
755 4068 852 4106 rerum
867 4071 900 4107 ea
914 4053 1082 4122 significatio
1098 4054 1138 4108 illi
1154 4057 1293 4112 vocabulo

208 4136 280 4192 falso
298 4135 457 4206 affingitur3
481 4138 660 4194 sollicitus
678 4137 829 4192 alicuius
848 4138 960 4194 vicem
976 4140 1078 4193 Latine
1095 4141 1136 4194 ita
1153 4140 1242 4209 dicor,
1261 4149 1293 4196 ut

208 4224 299 4278 vicem
328 4223 388 4277 eius
416 4224 539 4293 quodam
562 4225 647 4280 modo
675 4225 790 4279 subeam
812 4239 920 4293 proque
938 4241 972 4279 eo
991 4224 1128 4280 sollicitus
1146 4226 1199 4280 sim
1222 4226 1293 4295 (eius

208 4308 271 4363 vice
292 4309 323 4362 in
345 4309 535 4366 sollicitudine
556 4309 695 4379 fungens).
737 4310 837 4378 Longe
859 4310 942 4364 aliter
960 4310 1064 4365 dicitur
1082 4315 1292 4368 commoveri

207 4395 284 4448 vice
303 4393 450 4450 fortunae
468 4395 539 4464 (VII,
557 4398 600 4463 31,
616 4398 652 4464 6),
671 4396 726 4451 boc
744 4401 796 4463 est,
814 4395 1016 4452 vicissitudine.
