2994 5108
702 487 762 548 105
1176 501 1239 557 Lib.
1258 502 1308 556 ΠΙ.

152 667 300 737 civiles
334 675 527 738 externos
554 671 707 764 tollere
736 672 899 738 animos.
950 672 1101 738 Debebat
1129 673 1209 738 dici:
1243 696 1309 739 ur-

151 777 257 844 bano
291 779 378 847 otio
410 778 518 846 foris
552 790 728 865 quoque,
760 801 822 845 nec
853 781 923 846 ulla
956 787 1006 847 est
1035 782 1155 847 mutati
1184 781 1309 848 ordinis

152 888 332 954 excusatio.
378 885 497 970 [Recto
522 887 639 955 ordine
662 887 751 972 V.]1)

237 992 319 1079 Gap.
343 999 394 1074 67,
419 1000 438 1061 5
461 996 509 1077 (in
531 997 681 1062 oratione
704 995 740 1061 T.
760 995 905 1075 Quinctii
928 993 1105 1081 Capitolini
1129 996 1305 1080 consulis):
1324 1013 1380 1082 (86)

151 1102 238 1171 Non
277 1103 343 1169 illi
377 1103 491 1187 (AEqui
524 1110 558 1170 et
590 1104 716 1186 Volsci)
756 1111 935 1171 vestram
974 1106 1177 1188 ignaviam
1217 1126 1310 1171 con·

150 1219 359 1296 tempsere
387 1232 461 1278 nec
490 1232 568 1278 sua
590 1213 739 1278 virtuti
762 1212 912 1279 confisi
936 1218 1044 1294 sunt;
1073 1214 1226 1298 quippe
1248 1220 1310 1279 to-

150 1320 232 1386 ties
265 1318 350 1385 fusi
381 1317 617 1404 fugatique,
652 1322 807 1386 castris
841 1322 967 1400 exuti,
1001 1341 1098 1404 agro
1132 1322 1308 1402 multati,

152 1428 226 1494 sub
259 1429 397 1509 iugum
430 1428 543 1493 missi
576 1435 616 1494 et
646 1449 687 1494 se
716 1435 758 1494 et
783 1450 856 1495 vos
882 1449 1037 1494 novere.
1092 1429 1311 1496 Discordia

150 1537 341 1603 ordinum
385 1540 448 1601 est
488 1557 685 1602 venenum
728 1536 842 1603 urbis
885 1537 1020 1618 huius,
1064 1543 1225 1623 patrum
1264 1559 1310 1602 ac

51 1729 58 1739 ι
150 1644 288 1730 plebis
310 1644 554 1725 certamina;
578 1643 666 1710 dum
687 1665 760 1710 nec
781 1644 899 1711 nobis
922 1646 1084 1730 imperii
1107 1666 1179 1711 nec
1195 1645 1311 1711 vobis

149 1753 373 1819 libertatis
395 1757 460 1818 est
481 1752 639 1832 modus,
669 1752 758 1819 dum
786 1753 911 1819 taedet
939 1775 1007 1819 ros
1029 1754 1310 1837 patriciorum,

150 1861 225 1928 hos
275 1859 535 1946 plebeiorum
583 1861 928 1945 magistratuum,
982 1861 1195 1927 sustulere
1245 1861 1309 1926 illi

150 1970 318 2035 animos.
380 1967 454 2034 Nou
486 1975 576 2034 recte
610 1989 649 2034 ex
683 1991 723 2036 eo
756 1970 846 2054 ipso,
886 1969 977 2054 quod
1008 1967 1147 2034 taederet
1179 1967 1310 2053 plebem

151 2078 371 2162 patriciorum
410 2077 678 2160 magistratuum,
717 2078 876 2162 patricios
915 2077 1136 2162 plebeiorum,
1175 2096 1237 2143 nec
1270 2098 1310 2142 ex

151 2187 255 2252 nimio
295 2185 513 2271 patriciorum
549 2186 681 2270 imperii
720 2207 847 2266 amore,
892 2185 1095 2270 plebeiorum
1132 2185 1309 2263 libertatis,

151 2293 253 2377 AEqui
276 2298 311 2359 et
331 2292 453 2367 Volsci,
466 2293 639 2358 sustulisse
662 2293 789 2361 animos
812 2294 982 2375 dicuntur3
1017 2293 1135 2375 (neque
1158 2292 1244 2357 enim
1266 2290 1309 2356 ad

151 2424 212 2469 eos
244 2401 304 2468 illa
336 2399 550 2485 pertinebant
558 2399 580 2482 3)
619 2408 754 2486 propter
795 2403 976 2468 certamina
1014 2422 1055 2467 ex
1093 2401 1158 2466 illis
1192 2399 1310 2465 studiis

153 2517 231 2577 orta
262 2509 426 2576 rebellare
459 2509 531 2574 ausi
561 2515 665 2575 erant.
722 2510 840 2595 Itaque
872 2508 1033 2589 Clericus,
1068 2530 1163 2592 quem
1190 2508 1310 2592 Kreys-

152 2618 257 2703 sigius
280 2624 415 2683 secutus
437 2623 497 2699 est,
519 2619 567 2682 sic
584 2617 768 2684 orationem
786 2618 944 2698 distinxit,
966 2639 1034 2683 una
1049 2618 1164 2683 littera
1181 2617 1310 2682 addito:

152 2724 374 2792 Discordia
412 2732 475 2791 est
514 2746 708 2791 venenum
748 2726 863 2792 urbis
897 2725 1033 2806 huius,
1070 2733 1232 2810 patrum
1265 2745 1310 2790 ac

152 2833 294 2919 plebis
317 2833 554 2913 certamina,
578 2833 668 2899 dum
688 2870 733 2879 -
755 2835 1079 2918 magistratuum,
1103 2834 1312 2900 sustulere

152 2941 244 3005 illis
265 2942 432 3022 animos,
459 2946 498 3007 ut
520 2941 579 3007 illa
601 2942 688 3007 dum
710 2962 781 3006 nec
804 2942 921 3008 nobis
945 2950 1005 3008 cet.
1030 2942 1072 3008 ad
1095 2943 1311 3007 certaminum

154 3071 293 3116 causam
322 3057 356 3116 et
382 3054 536 3115 naturam
558 3048 767 3115 indicandam
791 3050 965 3116 addantur.
1017 3048 1195 3131 (Tollere
1223 3049 1310 3113 ani-

154 3178 241 3224 mos
262 3156 393 3223 alicui
416 3157 537 3241 legitur
559 3157 630 3238 VII,
660 3161 688 3238 7,
718 3156 761 3239 3.)
814 3158 935 3224 Verum
962 3180 1001 3224 eo
1029 3159 1134 3242 magis
1163 3162 1311 3241 apparet,

153 3285 256 3349 quam
298 3286 452 3350 perverse
496 3267 585 3332 inter
622 3265 693 3331 haec
732 3272 766 3331 et
803 3268 976 3350 superiora
1014 3265 1086 3331 illa:
1131 3286 1207 3332 non
1246 3265 1310 3330 illi

183 3452 208 3519 ¹)
227 3450 272 3523 [In
290 3453 374 3507 buius
396 3452 498 3522 capitis
522 3449 538 3522 ξ
560 3455 572 3504 1
591 3451 778 3508 Mommsenio
801 3453 924 3522 suspicio
947 3452 1043 3508 eood.
1062 3452 1088 3506 V
1104 3453 1255 3508 manifesto
1273 3453 1312 3508 la·

227 3555 335 3593 cunoso
359 3536 418 3606 (Nc
445 3576 479 3592 ..
502 3577 508 3591 .
532 3536 689 3607 pericios
715 3539 787 3592 netl
811 3580 816 3591 .
836 3581 842 3591 .
865 3579 871 3591 .
897 3544 1104 3608 coeptavere
1132 3556 1170 3593 co
1194 3540 1309 3593 ...ti-

222 3622 438 3693 spherminiu
469 3622 540 3690 ...1
573 3621 660 3679 ducta
685 3623 720 3677 de
747 3624 849 3679 ceteris
877 3624 1023 3679 codicibus
1050 3623 1186 3680 historica
1211 3624 1310 3680 fraude

222 3708 402 3778 interpolatis
421 3709 537 3764 omnino
556 3708 750 3778 improbabilis
768 3714 818 3764 est
843 3709 898 3764 Cur
908 3709 1015 3777 Livius,
1034 3709 1131 3779 quiex
1146 3710 1266 3766 tribunis
1281 3711 1311 3765 in

223 3794 346 3849 comitiis
372 3794 477 3850 creetis
502 3811 589 3850 unum
615 3798 716 3864 postea
741 3794 912 3849 Trebonium
938 3795 1079 3862 nominat,
1111 3799 1311 3865 cooptetorum

221 3880 339 3936 nomina
354 3880 505 3950 posuisset,
525 3881 549 3935 si
566 3878 639 3935 nihil
657 3880 686 3934 in
704 3880 739 3934 iis
757 3880 883 3935 notabile
901 3880 1021 3935 fuisset?
1047 3880 1086 3934 Et
1104 3898 1160 3950 quo
1177 3880 1310 3950 partinet,

223 3964 299 4034 quod
322 3965 472 4021 subiicitur
493 3964 528 4019 de
545 3965 578 4019 L.
596 3963 738 4020 Trebonio
760 3966 888 4036 patribus
912 3967 949 4019 ob
968 3966 1182 4035 cooptationem
1198 3963 1310 4032 infesto,

222 4050 276 4104 nisi
299 4050 335 4105 ad
356 4050 429 4106 illud
453 4049 488 4105 de
509 4049 637 4120 patriciis
661 4051 802 4120 cooptatis
825 4056 893 4105 ante
915 4051 1078 4106 muratum?
1106 4049 1172 4117 Cin,
1196 4066 1258 4119 quae
1276 4048 1310 4117 V,

225 4138 266 4203 10,
293 4138 326 4191 10
343 4142 373 4191 et
392 4138 423 4189 11
442 4135 592 4190 mernor
609 4135 645 4190 de
663 4135 866 4191 eiusdemmodi
886 4137 1070 4206 cooptatione
1088 4140 1206 4190 tentata.
1248 4132 1311 4188 Om-

223 4221 291 4275 nino
309 4220 472 4276 buiusmodi
491 4220 579 4276 studii
597 4227 645 4276 aut
661 4220 768 4277 bandis
787 4222 930 4293 adipeam
944 4221 1134 4275 narrationem
1147 4219 1310 4274 mutandam

227 4308 384 4375 spectantis
402 4305 510 4361 nubum
527 4307 674 4362 minimum
691 4308 722 4363 in
730 4308 805 4363 Livii
820 4307 966 4363 codicibus
980 4306 1131 4376 vestigium
1146 4310 1197 4361 est
1235 4307 1310 4360 1873.

223 4389 305 4447 Nunc
321 4390 528 4456 Mommsenius
545 4392 607 4463 ipae
625 4394 813 4464 suspicionem
832 4394 944 4449 abiecit
982 4390 1067 4461 lata]
