2994 5108
685 516 747 578 725
1126 529 1188 586 Lib.
1206 527 1291 585 XLV.

138 701 312 782 praesentis
328 703 486 786 temporis
508 702 654 779 verbum,
678 700 768 782 quod
785 700 911 767 nullam
928 702 1058 767 omnino
1076 704 1119 770 ad
1138 703 1287 788 praeteri·
1306 716 1377 786 (603)

137 814 209 874 tum
253 809 498 874 inclinationem
544 806 658 886 habet,
704 809 928 887 scribendum,
973 816 1010 874 ut
1048 808 1143 886 alibi,
1182 806 1226 889 (v.
1267 827 1294 871 c.

137 917 225 982 infra
241 923 293 997 44,
313 919 377 1000 12),
399 918 545 994 velit.¹l
568 917 745 1000 Aliquanto
769 918 856 984 infra
874 917 950 1000 (§9)
975 918 1107 983 acutula
1129 915 1295 981 sententia

137 1026 254 1092 leviter
284 1033 442 1110 corrupta
469 1033 534 1091 est:
568 1025 820 1110 Philippum,
853 1026 1112 1103 Antiochum,
1145 1022 1296 1089 Persea

138 1135 214 1217 (hoc
237 1143 302 1211 est,
325 1141 440 1199 nostra
463 1134 595 1200 illorum
618 1134 714 1199 bellis
736 1134 841 1217 facta)
866 1141 1070 1216 tamquam
1093 1140 1177 1198 tres
1208 1153 1294 1198 sen·

137 1245 296 1308 tentiae
319 1245 473 1326 ponite;
496 1244 583 1307 dure
606 1264 676 1308 nos
700 1242 937 1320 absolvunt;
973 1263 1051 1307 una
1074 1241 1200 1307 dubia
1223 1245 1295 1318 θεῖ,

137 1359 182 1416 ut
205 1353 369 1435 gravior
391 1352 454 1415 sit.
500 1351 645 1416 Enarrat
667 1350 849 1429 crevenno,
874 1371 938 1433 quo
960 1372 1026 1416 uno
1050 1351 1148 1415 modo
1171 1349 1294 1415 tentari
1356 1364 1362 1377 ·

139 1461 304 1526 enarratio
328 1466 450 1544 potest,
484 1461 615 1524 etiamsi
649 1461 692 1525 sit
714 1462 852 1544 gravior,
887 1459 1024 1524 dubiam
1052 1480 1132 1524 esse.
1177 1460 1236 1535 At,
1265 1457 1294 1523 si

137 1570 320 1652 graviorem
344 1590 415 1634 esse
439 1567 632 1633 conceditur
655 1568 731 1650 (hoc
755 1575 814 1647 est,
838 1566 1081 1648 condemnare),
1104 1590 1169 1634 non
1192 1568 1294 1634 dubia

139 1685 200 1743 est.
246 1676 355 1742 Codex
379 1675 494 1741 habet:
529 1684 700 1742 uncant
730 1676 855 1741 dubia
884 1682 961 1754 est3
995 1675 1204 1741 scribendum
1227 1682 1292 1742 est:
1396 1737 1398 1742 .

138 1808 215 1852 nna
249 1786 297 1867 (in
319 1785 430 1850 Persei
453 1783 539 1850 bello
564 1786 687 1868 posita)
719 1793 787 1850 aot
816 1783 941 1849 dubia
964 1792 1023 1849 est
1046 1791 1107 1846 ut
1130 1786 1294 1866 gravior

139 1897 201 1960 sit.
247 1895 362 1961 Oratio
392 1916 432 1958 ex
455 1892 686 1959 adfirmatione
716 1901 749 1958 et
772 1892 980 1958 concessione
1009 1893 1112 1957 mixta
1134 1901 1199 1958 est:
1223 1899 1294 1958 aut

138 2005 194 2068 sit
222 2024 318 2068 sane
348 2004 502 2086 gravior
538 2001 709 2086 (fingatur,
738 2024 798 2067 nos
820 2000 933 2065 Persei
956 2000 1042 2065 bello
1072 2001 1204 2084 culpam
1225 2023 1293 2068 me·

136 2112 257 2189 ruisse;
280 2133 346 2176 non
370 2110 602 2176 damnabimur
623 2131 690 2175 una
712 2110 862 2193 graviore
886 2109 1060 2187 sententia,
1085 2110 1215 2176 duabus
1233 2110 1292 2175 ab·

138 2219 367 2301 solventibus).
413 2219 501 2303 [Non
524 2219 740 2297 attenderam,
764 2219 798 2282 in
832 2218 989 2301 proximis
1022 2218 1057 2281 in
1085 2216 1198 2282 codice
1227 2238 1292 2283 non

138 2348 208 2392 esse
231 2329 278 2407 si,
303 2327 392 2413 quod
416 2327 573 2411 Grynaeus
597 2333 674 2411 post
696 2328 818 2392 nobis
842 2325 981 2391 addidit.
1016 2325 1055 2390 Id
1070 2325 1154 2391 latet
1176 2327 1210 2389 in
1226 2326 1290 2405 sit,

140 2435 347 2519 efficiturque
376 2437 548 2519 perspicue
572 2436 642 2500 haec
664 2457 742 2501 vera
764 2437 943 2519 scriptura:
966 2433 1050 2499 Una
1079 2442 1148 2499 aut
1170 2434 1292 2499 dubia

140 2552 203 2610 est
227 2552 295 2609 aut
317 2546 482 2627 gravior.
523 2543 928 2610 Siillidernobiscet.
968 2542 1075 2626 1864]
1112 2541 1292 2624 (Weissen-

134 2651 245 2717 bornii
278 2654 443 2736 scriptura
477 2654 676 2718 sententiam
709 2652 835 2717 nullam
863 2652 981 2732 habet3
1016 2674 1093 2718 nam
1127 2653 1292 2718 sententia

135 2759 269 2838 iudicis,
298 2762 326 2824 si
359 2760 461 2826 dubia
494 2767 559 2836 est,
592 2782 657 2826 non
688 2769 739 2826 est
760 2761 905 2844 gravior;
941 2761 1060 2826 deinde
1082 2760 1203 2825 Rhodii
1225 2782 1291 2826 non

136 2868 365 2946 adfirmabant,
400 2890 517 2953 reapse
540 2869 631 2933 illam
665 2870 864 2933 sententiam
898 2870 1079 2951 graviorem
1108 2889 1194 2948 θεεθ,
1227 2869 1291 2935 hoc

136 2984 196 3053 θεῖ,
221 2977 352 3060 culpam
375 2975 592 3058 fatebantur.)

223 3083 302 3169 Cap.
326 3090 376 3163 25,
401 3088 419 3148 3
444 3084 514 3167 (ubi
538 3085 647 3150 Livius
670 3106 703 3150 se
734 3090 834 3167 negat
856 3081 989 3149 Catonis
1018 3086 1201 3149 orationem
1231 3107 1285 3151 ex·
1304 3096 1375 3166 (604)

136 3192 351 3277 positurum):
386 3193 472 3259 Non
505 3196 681 3259 inseram
715 3192 975 3257 simulacrum
1007 3194 1087 3257 viri
1122 3195 1289 3277 copiosi,

135 3321 218 3384 quse
243 3302 412 3378 dixerit,
442 3302 672 3381 referend03
706 3301 838 3384 ipsius
867 3302 1006 3369 oratio
1037 3304 1199 3386 scripta
1228 3325 1289 3368 ex·

135 3417 235 3489 stat,
260 3419 321 3475 cet.
366 3410 512 3475 Primum
540 3412 709 3494 perinepte
745 3410 958 3495 gravissimus
993 3419 1127 3477 senator
1161 3418 1194 3477 et
1222 3433 1289 3475 am-

159 3698 182 3762 ¹)
201 3697 234 3752 In
252 3704 314 3753 tote
331 3699 384 3755 hac
403 3700 540 3754 orationis
559 3708 639 3769 parte
658 3702 754 3757 Livius
779 3704 874 3759 locum
901 3718 934 3755 ex
953 3701 1068 3756 Catonis
1088 3702 1217 3756 oratione
1236 3718 1287 3770 pro

200 3783 423 3851 Rhodiensibus,
452 3786 499 3853 qui
522 3786 595 3854 apud
615 3786 734 3843 Gellium
756 3788 797 3843 VI
816 3786 904 3857 (vn),
923 3789 948 3852 3,
966 3789 1068 3842 36-38
1092 3792 1216 3841 servatus
1236 3790 1287 3852 est,

203 3876 300 3938 aperte
319 3872 359 3923 ita
376 3870 500 3939 respicit,
520 3876 552 3924 ut
569 3870 695 3927 Rhodios
711 3873 825 3928 Catonis
844 3872 1028 3942 disputationi
1048 3876 1229 3927 occurrentes
1248 3873 1290 3926 in·

203 3954 300 4015 ducat;
318 3957 378 4024 ipse
397 3958 527 4026 proximo
548 3958 640 4026 capite
659 3959 710 4025 (25,
729 3960 757 4026 2)
777 3959 892 4013 Catonis
911 3959 1070 4013 orationem
1084 3960 1151 4026 post
1163 3956 1288 4011 Rhodio·

201 4057 264 4094 rum
282 4042 446 4107 orationem,
466 4058 551 4110 quum
569 4043 718 4097 sententiae
738 4043 906 4111 dicerentur,
918 4044 1046 4097 habitam
1060 4046 1163 4096 narret.
1192 4041 1287 4113 (Apud

202 4123 324 4180 Gellium
351 4128 381 4181 in
408 4125 519 4180 Tironis
549 4128 641 4182 verbis
673 4126 688 4197 ἓ
717 4131 750 4183 35
777 4147 792 4183 θ
818 4130 946 4198 vestigiis
978 4129 1107 4182 codicum
1135 4125 1287 4198 [negavit

200 4227 285 4280 pene
313 4211 371 4265 sed
396 4212 533 4280 ignosci
561 4214 651 4284 quia]
681 4215 765 4268 scribi
793 4214 892 4270 debet:
921 4215 1064 4285 negavit
1093 4228 1192 4283 poena
1214 4229 1286 4266 esse

200 4297 328 4435 ldllgucs,
348 4298 429 4366 quia
447 4298 566 4351 id'non
584 4296 766 4354 fecissent.
802 4299 954 4371 Negavit
975 4317 1068 4369 paene
1093 4315 1205 4354 sensum
1229 4320 1286 4359 non

221 4381 305 4449 abet.)
