2994 5108
218 522 280 577 Lib.
302 521 453 576 XXXVIII.
763 517 825 577 548

216 693 447 777 discrepantia,
472 696 575 762 solum
594 697 627 760 M
646 719 774 780 sequar,
796 701 831 763 in
854 721 920 784 quo
943 707 1053 766 tamen
1071 702 1152 784 ipso,
1175 704 1316 770 molesto
1338 708 1370 770 in

215 825 313 886 prosa
337 805 484 868 oratione
508 805 680 869 verborum
710 807 840 885 ordine,
874 808 1031 873 scribitur
1058 810 1174 875 nulla
1203 832 1368 895 quarum

215 933 275 994 pro
299 916 465 993 querum
487 910 615 992 nulla)
638 912 679 976 ab
709 915 909 978 actuariis
933 916 1070 980 navibus
1099 919 1146 982 sio
1175 928 1371 1002 separantur

214 1040 416 1096 moneres,
439 1025 478 1083 11
504 1021 659 1084 aotuariae
689 1021 722 1084 11Ι
741 1022 905 1086 Antiocho
934 1022 1166 1103 concedantur,
1201 1048 1370 1093 monerem

213 1126 336 1190 habere
360 1129 490 1191 omnino
513 1149 553 1192 ne
570 1127 677 1191 liceat.
713 1129 825 1212 Ipsum
842 1135 953 1194 tamen
976 1132 1153 1196 moneris
1171 1154 1301 1213 nornen,
1318 1136 1370 1200 1111

213 1233 360 1298 dubitari
383 1241 503 1316 potest,
527 1236 606 1318 quin
619 1236 728 1300 Liuius
748 1238 905 1319 posuerit,
924 1259 1024 1322 quum
1045 1238 1086 1302 ob
1098 1238 1286 1322 llIoguntini
1304 1242 1370 1325 (oui

127 1347 200 1416 (445)
218 1342 294 1405 Lov.
313 1348 332 1404 4
349 1341 554 1425 adiungitur)
572 1343 848 1424 auctoritatem),
866 1351 936 1409 tum
953 1344 1041 1426 quod
1058 1347 1263 1427 minorem,
1283 1350 1369 1434 quod

30 1448 33 1453 ’
212 1450 362 1535 vulgares
385 1450 514 1515 oodiees
537 1450 677 1529 habent,
705 1449 784 1515 ferri
812 1453 926 1534 nequit
948 1459 981 1517 et
1004 1473 1044 1516 ex
1066 1453 1123 1518 illo
1148 1461 1259 1519 ortum
1283 1457 1369 1522 vide

212 1565 282 1636 tur,
317 1558 406 1640 quod
439 1559 466 1621 si
495 1559 542 1622 ita
570 1565 631 1637 est,
667 1559 736 1623 sine
772 1558 871 1623 dubio
906 1560 992 1642 apud
1028 1560 1200 1643 Polybium
1235 1586 1368 1648 quoqne

211 1667 361 1731 Graecum
390 1665 472 1730 illud
501 1687 617 1730 nomen
645 1668 792 1748 positum
826 1666 903 1731 olim
931 1667 1002 1733 fuit.
1048 1668 1255 1753 Quamquam
1284 1673 1370 1738 inter

211 1775 377 1839 actuarias
400 1795 499 1838 naves
523 1774 633 1853 (teotie
657 1780 690 1839 et
712 1775 856 1857 plurium
880 1775 1031 1839 ordinum
1060 1777 1201 1842 navibus
1223 1781 1368 1846 minores

211 1882 430 1964 levioresque,
459 1888 662 1962 τριακοντόρους
698 1881 900 1963 similesque)
930 1889 964 1946 et
991 1904 1141 1948 moneres
1163 1885 1245 1965 quid
1268 1887 1368 1952 inter-

210 1990 320 2066 fuerit,
340 1988 471 2054 dlfficile
490 1996 541 2054 est
564 1990 752 2071 excogitatu
773 2010 834 2054 neo
857 1992 933 2055 seio.
969 1989 1034 2056 Sed
1056 1990 1146 2074 quod
1169 1993 1259 2075 apud
1284 1994 1368 2059 Livi-

211 2119 265 2162 um
289 2098 446 2163 actuariae
468 2118 568 2162 naves
592 2118 666 2160 eum
690 2096 800 2161 locum
822 2105 944 2176 tenent,
969 2120 1065 2182 quem
1089 2098 1176 2182 apud
1194 2099 1369 2183 Polybium

211 2208 259 2289 (et
298 2206 498 2288 Appianum)
532 2209 630 2269 teotee
669 2204 888 2286 (κατάφρακτοι),
924 2226 1133 2289 nequaquem
1165 2213 1259 2272 reete
1298 2209 1368 2273 fieri

209 2322 301 2397 puto.
346 2314 462 2394 ltaque
493 2320 526 2376 et
557 2311 645 2395 apud
667 2311 838 2394 Polybium
872 2320 906 2379 et
935 2313 1023 2397 apud
1046 2314 1173 2378 Livium
1201 2316 1363 2382 excidisse

209 2421 367 2486 nonnulla
389 2427 480 2502 puto,
505 2420 727 2502 scriptumque
750 2440 770 2482 a
792 2420 883 2485 Livio
907 2420 1057 2485 adhunc
1086 2421 1224 2487 formam
1249 2423 1366 2489 fuisse:

209 2551 285 2593 neu
308 2528 443 2611 plnres
478 2547 595 2609 quam
630 2525 766 2592 decem
800 2548 920 2593 naves
953 2535 1078 2590 testas
1112 2548 1202 2592 neve
1236 2530 1367 2611 plum

210 2655 317 2715 quan
340 2680 356 2716 „
380 2654 490 2698 neres
524 2635 750 2712 actuarias,
786 2656 955 2716 quarum
984 2635 1098 2700 nulla
1126 2635 1220 2718 plus
1251 2660 1370 2721 quam

208 2747 385 2828 triginta
418 2744 538 2808 remis
574 2748 735 2824 agatur,
770 2742 922 2808 habeto
956 2764 1054 2806 neve
1090 2764 1292 2808 monerem
1327 2767 1370 2809 ex

208 2853 311 2918 belli
336 2873 474 2929 eausa,
498 2851 603 2932 quod
627 2851 714 2932 ipse
738 2849 936 2913 illaturus
960 2857 1031 2914 est.
1077 2852 1113 2914 11
1136 2849 1188 2915 his
1212 2854 1369 2917 extremis

207 2962 355 3026 residere
390 2959 544 3024 mendum
577 2980 642 3021 non
677 2957 782 3020 solum
815 2978 854 3020 ex
884 2980 923 3022 eo
954 2960 1117 3041 suspicor,
1152 2960 1242 3039 quod
1274 2961 1369 3025 nimis

207 3070 294 3133 nude
318 3068 399 3131 illud
423 3087 626 3130 monerem
655 3066 732 3146 poni
760 3065 905 3142 videtur,
939 3066 998 3130 sed
1028 3067 1115 3147 quod
1146 3073 1275 3130 certum
1310 3074 1369 3143 est,

206 3176 323 3241 Latine
346 3197 411 3239 non
435 3175 499 3238 diei
523 3194 642 3236 naves
665 3171 818 3236 habere
841 3193 887 3237 ex
910 3173 1011 3237 belli
1035 3194 1176 3251 eausa,
1208 3175 1270 3238 sed
1293 3182 1365 3238 tan·

207 3290 276 3349 tum
300 3283 400 3346 belli
425 3302 553 3346 causa.
602 3278 715 3361 Neque
745 3279 925 3362 quidquam
954 3282 1044 3344 iuvat
1072 3280 1099 3343 B
1123 3288 1157 3344 et
1179 3281 1368 3362 vulgarium

208 3392 356 3456 oodioum
380 3391 559 3473 scriptura:
585 3408 629 3452 ea
652 3386 754 3450 belli
777 3408 907 3452 eausa.
954 3388 1070 3469 Itaque
1093 3393 1152 3452 ant
1175 3409 1222 3452 ex
1246 3389 1366 3454 tollen·

208 3499 285 3563 dum
319 3504 369 3562 est
403 3503 461 3561 eut
494 3494 718 3560 scribendum:
753 3516 949 3560 monerem
984 3497 1073 3559 eius
1107 3494 1208 3559 belli
1234 3516 1367 3576 causa,

207 3605 318 3689 quod
341 3611 401 3668 oet.
427 3601 457 3686 [ἓ
481 3607 499 3666 9
522 3624 582 3686 pro
606 3623 660 3680 eo,
689 3603 777 3686 quod
812 3603 929 3681 editur,
956 3604 1170 3685 pecuniam
1206 3605 1369 3687 stipen-
1488 3623 1495 3634 ·

207 3713 328 3789 dium,
352 3714 385 3776 in
409 3733 473 3794 quo
497 3717 530 3775 et
558 3709 726 3773 distinctio
750 3711 896 3792 peounire
920 3718 954 3775 et
976 3708 1131 3794 stipendii
1157 3710 1317 3794 displicet
1339 3717 1371 3776 et
1477 3715 1495 3759 ὖ

206 3820 332 3903 copulae
366 3820 515 3894 omissio,
546 3815 756 3881 scribendum
778 3823 843 3883 est:
879 3819 1097 3903 pecuniam
1132 3816 1173 3879 Ιι
1212 3820 1368 3902 stipen·
1479 3836 1495 3848 ·

234 4103 258 4170 ¹)
277 4102 407 4158 Graviter
440 4108 514 4156 errat
544 4098 722 4169 Kreyssigiue
754 4100 847 4157 codici
880 4101 911 4156 Μ
940 4103 1113 4156 minorem
1145 4102 1285 4158 tribuens.
1336 4102 1367 4156 ld
1479 4130 1487 4137 -

274 4203 360 4254 quum
384 4187 427 4242 ed.
462 4186 630 4256 Moguntina
658 4201 692 4237 ex
721 4187 915 4254 superioribus
943 4187 1121 4255 retinuisset,
1142 4185 1303 4242 Carbaohio
1324 4196 1364 4241 ta·

274 4277 372 4336 oente,
396 4271 527 4328 Gelenius
552 4270 692 4339 „Antiqua
722 4269 822 4339 lectio,
851 4273 958 4341 inquit,
986 4271 1073 4326 habet
1101 4273 1311 4338 monerem“,
1338 4271 1366 4326 id

273 4362 325 4421 eet,
345 4355 440 4409 codex.
