2994 5108
629 489 688 550 651
1067 503 1129 558 Lib.
1148 502 1237 559 xnn.

82 672 312 759 plevarant3
345 692 452 756 neque
481 674 567 738 enim
595 673 652 739 illc
681 674 753 757 ipso
783 679 932 757 tempore
962 696 1035 741 eum
1058 697 1234 742 numerum

82 779 308 860 confecerunt,
343 781 401 846 sed
429 788 505 846 ante
534 780 718 847 confectum
746 788 819 847 tum
841 780 1036 849 habuerunt.
1081 782 1236 866 Alioquin

82 889 272 975 ponendum
305 897 376 954 erat
404 890 638 974 explebant,
666 888 748 973 ut§
783 895 811 970 9,
846 911 872 955 c.
908 894 958 972 58,
995 895 1043 971 13,
1076 891 1237 973 XXXVII,

83 1005 134 1081 39,
159 1003 207 1079 10,
229 996 408 1076 XXXVIII,
432 1001 482 1077 26,
500 1005 528 1076 4,
553 998 593 1063 al.
628 997 754 1063 Eadem
773 998 933 1064 correctio
950 998 1040 1065 faeta
1056 999 1235 1081 XXXVIII,

84 1113 112 1190 6,
136 1112 155 1173 3
179 1106 380 1189 (locarant
408 1126 467 1188 pro
496 1106 703 1187 locarunt)
733 1113 766 1170 et
794 1106 868 1172 aliis
890 1107 970 1173 locis
993 1129 1093 1192 supra
1114 1108 1237 1174 facien·
1298 1186 1301 1192 ,

84 1215 193 1301 daque
227 1215 291 1279 erit
324 1234 350 1278 c.
383 1218 431 1293 57,
455 1218 483 1278 2.
530 1212 560 1297 [ᾗ
592 1219 609 1278 6
639 1214 763 1279 editur:
797 1215 848 1280 Et
881 1223 1126 1282 armatorum
1160 1217 1236 1284 duo

82 1324 217 1390 millia
262 1322 469 1387 Gallorum
514 1329 643 1401 erant,
688 1322 885 1407 praefecto
930 1324 1236 1409 Asclepiodoto.

82 1433 138 1498 nb
161 1430 364 1497 Heraclea
387 1452 432 1495 ex
455 1430 587 1497 Sintis
611 1432 695 1496 tria
717 1431 849 1496 millia
866 1431 1063 1498 Thracum
1082 1440 1143 1498 cet.
1172 1434 1237 1500 De·

83 1548 137 1608 est
157 1540 193 1605 in
214 1538 448 1622 Asclepiodoto
471 1541 588 1624 patriae
613 1539 825 1622 significatio,
857 1561 928 1624 qnae
957 1543 991 1606 in
1014 1543 1133 1607 ceteris
1156 1563 1238 1625 prse-

82 1649 179 1716 fectis
214 1647 364 1713 omnibus
397 1646 545 1726 additur,
580 1646 723 1712 Thraces
763 1656 874 1714 autem
913 1649 1090 1715 auxiliares
1125 1672 1236 1716 omnes

84 1758 176 1842 (nam
196 1756 281 1822 nulli
304 1755 446 1820 Thraces
468 1756 565 1824 liberi
586 1763 706 1839 praeter
733 1756 794 1821 hos
817 1757 1040 1838 nominantur,
1076 1760 1134 1824 sed
1164 1767 1236 1826 tan·

82 1874 153 1933 tum
175 1864 320 1930 Thraces
343 1864 456 1929 incolae
479 1864 652 1929 Paeonibus
680 1871 714 1929 et
736 1865 935 1947 Agrianibus
957 1867 1163 1950 interspersi)
1188 1867 1237 1933 di·

83 1981 203 2041 cuntur
224 1995 290 2038 non
314 1972 418 2037 solum
442 1994 481 2036 eu
500 1971 599 2037 Sintis
621 1972 732 2051 fuisse,
757 1994 896 2057 quorum
912 1976 1003 2056 regio
1023 1975 1066 2040 ad
1086 1975 1236 2070 occidenj

82 2091 151 2150 tem
174 2082 357 2166 Strymonis
382 2087 415 2145 et
436 2079 641 2165 Amphipolis
665 2083 775 2164 posita
799 2082 868 2147 sine
892 2082 992 2147 dubio
1014 2088 1086 2148 tum
1108 2091 1181 2150 tota
1202 2085 1236 2149 in

82 2190 299 2258 Macedonum
322 2189 451 2254 dicione
475 2196 563 2268 erat,
597 2188 654 2253 sed
684 2210 723 2253 ex
752 2211 819 2255 una
845 2190 927 2256 urbe
951 2190 1067 2257 Graeca
1088 2192 1136 2258 ibi
1160 2214 1235 2258 con-

81 2301 161 2366 dita.
208 2299 354 2382 Apparet
376 2296 418 2362 ad
441 2297 708 2381 Asclepiodotum
730 2298 800 2363 haec
822 2299 1002 2382 pertinere:
1032 2299 1080 2365 ab
1104 2300 1237 2367 Hera·

83 2408 172 2475 elea
194 2429 238 2471 ex
262 2405 400 2471 Sintis.
446 2406 490 2470 Et
511 2406 834 2490 Asclepiodotus
863 2406 910 2472 ab
938 2407 1143 2474 Heraclea
1165 2412 1236 2493 qui·

80 2521 156 2587 dem
173 2517 294 2583 dicitur
310 2516 424 2580 eodem
442 2515 548 2594 modo,
573 2535 637 2596 quo
655 2514 680 2594 I,
705 2520 754 2595 50,
779 2519 797 2578 3
820 2514 980 2581 Turnus
1003 2515 1236 2584 Herdonius

80 2629 131 2695 ab
167 2627 305 2692 Aricia
334 2630 368 2688 et
390 2622 504 2701 XLIII,
531 2627 579 2700 19,
605 2627 643 2686 13
673 2624 818 2688 Adaeus
841 2623 1006 2689 Macedo
1029 2645 1050 2688 a
1071 2625 1237 2707 Beroea,

82 2737 141 2802 nbi
164 2735 277 2801 (licere
311 2738 344 2796 et
377 2729 488 2796 Caesar
516 2731 638 2814 aliique
666 2731 846 2796 ablativum
881 2731 986 2796 solum
1015 2740 1158 2815 ponunt,
1187 2734 1235 2800 ab

80 2840 288 2911 Heraclea
311 2860 356 2903 ex
378 2838 512 2904 Sintis
535 2861 595 2923 pro
619 2839 667 2903 ab
696 2839 900 2905 Heraclea
929 2838 1089 2905 Sintica
1118 2843 1170 2907 rel
1193 2843 1235 2908 ab

79 2952 120 3018 H.
143 2953 184 3017 in
200 2949 332 3016 Sintis
351 2946 417 3027 (ἀφ’
434 2954 592 3028 Ἡρακλείας
603 2957 647 3022 τῆς
666 2959 693 3009 ἐν
709 2948 826 3028 alveare)
850 2969 888 3013 eo
911 2948 1021 3027 modo,
1045 2970 1110 3032 quo
1134 2950 1235 3034 Mag-

80 3067 198 3127 netes
221 3079 241 3124 a
260 3055 402 3140 Sipylo
421 3055 511 3137 (Tac.
524 3057 605 3120 Ann.
619 3055 659 3134 ΙΙ,
672 3055 738 3137 47),
763 3057 821 3138 qui
840 3056 983 3138 patriam
1000 3056 1125 3123 hahent
1141 3057 1233 3143 Mag·

79 3169 207 3235 nesiam
229 3165 272 3231 ad
296 3163 444 3248 Sipylum
468 3171 501 3228 et
523 3162 599 3228 inde
623 3163 688 3228 alio
712 3170 886 3243 venerunt3
907 3164 971 3228 vid.
997 3187 1098 3249 supra
1120 3189 1150 3250 p.
1171 3171 1232 3232 431

79 3299 109 3342 n.
135 3273 243 3357 1864]
288 3273 443 3337 Extremo
467 3273 574 3356 capite
599 3270 629 3354 (ᾗ
656 3271 708 3352 10)
737 3272 770 3335 in
798 3272 910 3337 codice
939 3272 1111 3338 scribitur:
1143 3277 1234 3358 pari

80 3384 203 3450 ferme
225 3381 407 3466 peditum
429 3400 592 3445 numero
609 3382 669 3445 ita
686 3401 846 3460 summa,
869 3388 903 3446 et
921 3387 1032 3464 potest
1050 3379 1143 3447 ferri:
1168 3382 1232 3450 Ita

80 3513 237 3571 summa,
260 3497 297 3556 ut
320 3489 429 3553 Livius
452 3488 627 3570 significet,
651 3488 736 3553 hanc
760 3509 920 3553 summam
943 3510 982 3553 ex
1004 3490 1230 3573 superioribus

79 3600 222 3666 numeris
245 3596 345 3677 effici3
369 3598 446 3676 etsi,
469 3604 506 3662 nt
527 3617 613 3661 nunc
637 3603 722 3675 sunt,
744 3617 861 3681 reapse
884 3617 949 3661 non
971 3597 1121 3679 efficitur,
1145 3622 1227 3684 quo·
1246 3599 1321 3669 (539)

79 3709 170 3773 niam
191 3705 461 3791 phalangitarum
483 3725 635 3769 numerus
659 3702 689 3786 (ξ
714 3704 746 3785 3)
769 3726 834 3770 non
857 3706 938 3770 satis
962 3704 1131 3787 definitur3
1156 3729 1235 3792 pen·

81 3815 138 3882 det
160 3817 248 3881 enim
271 3836 310 3879 ex
334 3814 391 3877 XL
409 3813 547 3877 millium
563 3834 709 3892 numero,
733 3814 788 3895 qui
810 3835 875 3878 non
894 3816 1044 3879 convenit
1061 3835 1134 3880 cuin
1152 3816 1233 3899 ipsa,

80 3944 152 4007 quae
174 3923 229 3988 hic
252 3922 433 4005 colligitur,
457 3942 592 3985 summa.
618 3919 681 3986 Sed
705 3927 742 3986 ut
765 3921 826 3986 XX
843 3922 948 3986 millia
966 3921 1233 4006 phalangitarum

78 4030 211 4112 fuerint,
232 4053 300 4097 non
317 4028 464 4111 XXXIX,
484 4030 541 4094 sed
559 4029 729 4094 XXXVIII
746 4030 851 4094 millia
867 4030 1016 4113 pediturn
1033 4029 1231 4097 efficiuntur.

165 4137 244 4223 Cap.
269 4141 318 4217 52,
343 4144 375 4201 5:
411 4138 504 4221 Ipse
528 4136 698 4218 (Perseus)
723 4139 917 4203 constitit
945 4139 984 4202 in
1013 4138 1230 4219 tribunali,

80 4249 188 4314 circa
210 4267 251 4312 se
273 4245 431 4312 habens
455 4246 569 4311 lilios
593 4246 702 4326 duce,
727 4268 900 4330 quorum
923 4247 1058 4326 maior,
1081 4246 1231 4332 Philip-

80 4377 171 4439 pus,
200 4361 350 4420 natura
372 4354 517 4436 frater,
541 4355 763 4438 adoptione
785 4354 920 4435 filius,
944 4356 1090 4434 minor,
1116 4376 1231 4438 quern
