<?xml version="1.0" encoding="UTF-8"?>
<!DOCTYPE html PUBLIC "-//W3C//DTD XHTML 1.0 Transitional//EN"
    "http://www.w3.org/TR/xhtml1/DTD/xhtml1-transitional.dtd">
<html xmlns="http://www.w3.org/1999/xhtml" xml:lang="en" lang="en">
 <head>
  <title>
</title>
<meta http-equiv="Content-Type" content="text/html;charset=utf-8" />
  <meta name='ocr-system' content='tesseract 3.04.00' />
  <meta name='ocr-capabilities' content='ocr_page ocr_carea ocr_par ocr_line ocrx_word'/>
</head>
<body>
  <div class='ocr_page' id='page_1' title='image "./emendationesliv00madvgoog_0707.png"; bbox 0 0 2994 5108; ppageno 0'>
   <div class='ocr_carea' id='block_1_1' title="bbox 219 511 833 590">
    <p class='ocr_par' dir='ltr' id='par_1_1' title="bbox 219 511 833 590">
     <span class='ocr_line' id='line_1_1' title="bbox 219 511 833 590; baseline -0.013 -2"><span class='ocrx_word' id='word_1_1' title='bbox 219 535 284 589; x_wconf 78' lang='grc' dir='ltr'>ιιι.</span> <span class='ocrx_word' id='word_1_2' title='bbox 304 511 402 590; x_wconf 79' lang='lat' dir='ltr'>rimu.</span> <span class='ocrx_word' id='word_1_3' title='bbox 771 521 833 581; x_wconf 81' lang='lat'>694</span> 
     </span>
    </p>
   </div>
   <div class='ocr_carea' id='block_1_2' title="bbox 134 710 1376 3935">
    <p class='ocr_par' dir='ltr' id='par_1_2' title="bbox 134 710 1376 1876">
     <span class='ocr_line' id='line_1_2' title="bbox 222 710 1375 796; baseline -0.005 -18"><span class='ocrx_word' id='word_1_4' title='bbox 222 713 308 778; x_wconf 91' lang='lat' dir='ltr'>enirn</span> <span class='ocrx_word' id='word_1_5' title='bbox 332 713 386 777; x_wconf 92' lang='lat' dir='ltr'>hic</span> <span class='ocrx_word' id='word_1_6' title='bbox 409 733 539 796; x_wconf 89' lang='lat' dir='ltr'>quoque</span> <span class='ocrx_word' id='word_1_7' title='bbox 564 712 615 792; x_wconf 88' lang='lat' dir='ltr'>(ut</span> <span class='ocrx_word' id='word_1_8' title='bbox 637 711 823 790; x_wconf 88' lang='lat' dir='ltr'>XXXVIII,</span> <span class='ocrx_word' id='word_1_9' title='bbox 847 715 898 790; x_wconf 79' lang='lat'>22,</span> <span class='ocrx_word' id='word_1_10' title='bbox 922 715 942 773; x_wconf 90' lang='grc'>4</span> <span class='ocrx_word' id='word_1_11' title='bbox 965 717 998 775; x_wconf 92' lang='lat' dir='ltr'>et</span> <span class='ocrx_word' id='word_1_12' title='bbox 1022 710 1053 791; x_wconf 87' lang='grc'>5)</span> <span class='ocrx_word' id='word_1_13' title='bbox 1078 710 1176 774; x_wconf 91' lang='lat' dir='ltr'>nimis</span> <span class='ocrx_word' id='word_1_14' title='bbox 1205 729 1318 775; x_wconf 90' lang='lat' dir='ltr'>secure</span> <span class='ocrx_word' id='word_1_15' title='bbox 1345 716 1375 775; x_wconf 88' lang='lat' dir='ltr'>et</span> 
     </span>
     <span class='ocr_line' id='line_1_3' title="bbox 220 816 1374 905; baseline -0.003 -19"><span class='ocrx_word' id='word_1_16' title='bbox 220 822 387 905; x_wconf 74' lang='lat' dir='ltr'>patienter</span> <span class='ocrx_word' id='word_1_17' title='bbox 409 819 516 885; x_wconf 84' lang='lat' dir='ltr'>fertur</span> <span class='ocrx_word' id='word_1_18' title='bbox 538 819 667 885; x_wconf 88' lang='lat' dir='ltr'>infinita</span> <span class='ocrx_word' id='word_1_19' title='bbox 689 820 855 885; x_wconf 90' lang='lat' dir='ltr'>sententia</span> <span class='ocrx_word' id='word_1_20' title='bbox 877 817 976 884; x_wconf 88' lang='lat' dir='ltr'>verbo</span> <span class='ocrx_word' id='word_1_21' title='bbox 1000 816 1093 882; x_wconf 90' lang='lat' dir='ltr'>finito</span> <span class='ocrx_word' id='word_1_22' title='bbox 1124 817 1284 883; x_wconf 85' lang='lat' dir='ltr'>adiuncta</span> <span class='ocrx_word' id='word_1_23' title='bbox 1311 839 1374 897; x_wconf 87' lang='lat' dir='ltr'>nec,</span> 
     </span>
     <span class='ocr_line' id='line_1_4' title="bbox 220 924 1376 1013; baseline -0.003 -19"><span class='ocrx_word' id='word_1_24' title='bbox 220 928 306 994; x_wconf 91' lang='lat' dir='ltr'>unde</span> <span class='ocrx_word' id='word_1_25' title='bbox 341 927 501 1013; x_wconf 84' lang='lat' dir='ltr'>pendeat,</span> <span class='ocrx_word' id='word_1_26' title='bbox 535 928 676 993; x_wconf 87' lang='lat' dir='ltr'>habene:</span> <span class='ocrx_word' id='word_1_27' title='bbox 712 928 769 993; x_wconf 92' lang='lat' dir='ltr'>ibi</span> <span class='ocrx_word' id='word_1_28' title='bbox 802 925 1027 992; x_wconf 83' lang='lat' dir='ltr'>haesitabat</span> <span class='ocrx_word' id='word_1_29' title='bbox 1060 932 1095 988; x_wconf 83' lang='lat' dir='ltr'>et</span> <span class='ocrx_word' id='word_1_30' title='bbox 1123 924 1305 991; x_wconf 84' lang='lat' dir='ltr'>alteram</span> <span class='ocrx_word' id='word_1_31' title='bbox 1337 961 1376 970; x_wconf 95' lang='lat'>-</span> 
     </span>
     <span class='ocr_line' id='line_1_5' title="bbox 218 1033 1374 1120; baseline -0.004 -18"><span class='ocrx_word' id='word_1_32' title='bbox 218 1037 441 1104; x_wconf 84' lang='lat' dir='ltr'>mercedem</span> <span class='ocrx_word' id='word_1_33' title='bbox 463 1044 623 1120; x_wconf 79' lang='lat' dir='ltr'>turpem</span> <span class='ocrx_word' id='word_1_34' title='bbox 644 1057 747 1117; x_wconf 76' lang='lat' dir='ltr'>esse,</span> <span class='ocrx_word' id='word_1_35' title='bbox 782 1034 887 1117; x_wconf 83' lang='lat' dir='ltr'>(nam,</span> <span class='ocrx_word' id='word_1_36' title='bbox 911 1035 1030 1100; x_wconf 84' lang='lat' dir='ltr'>omisso</span> <span class='ocrx_word' id='word_1_37' title='bbox 1054 1041 1103 1112; x_wconf 90' lang='lat' dir='ltr'>et,</span> <span class='ocrx_word' id='word_1_38' title='bbox 1126 1033 1207 1099; x_wconf 83' lang='lat' dir='ltr'>ferri</span> <span class='ocrx_word' id='word_1_39' title='bbox 1230 1041 1374 1118; x_wconf 85' lang='lat' dir='ltr'>poterat:</span> 
     </span>
     <span class='ocr_line' id='line_1_6' title="bbox 218 1134 1374 1227; baseline -0.004 -16"><span class='ocrx_word' id='word_1_40' title='bbox 218 1144 453 1224; x_wconf 81' lang='lat' dir='ltr'>haesitabat3</span> <span class='ocrx_word' id='word_1_41' title='bbox 487 1145 630 1227; x_wconf 89' lang='lat' dir='ltr'>utique</span> <span class='ocrx_word' id='word_1_42' title='bbox 663 1144 836 1210; x_wconf 85' lang='lat' dir='ltr'>alteram</span> <span class='ocrx_word' id='word_1_43' title='bbox 877 1142 970 1224; x_wconf 75' lang='lat' dir='ltr'>cet),</span> <span class='ocrx_word' id='word_1_44' title='bbox 1010 1134 1128 1208; x_wconf 89' lang='lat' dir='ltr'>deinde</span> <span class='ocrx_word' id='word_1_45' title='bbox 1167 1163 1236 1206; x_wconf 91' lang='lat' dir='ltr'>non</span> <span class='ocrx_word' id='word_1_46' title='bbox 1270 1142 1374 1206; x_wconf 88' lang='lat' dir='ltr'>minus</span> 
     </span>
     <span class='ocr_line' id='line_1_7' title="bbox 134 1248 1374 1339; baseline -0.006 -20"><span class='ocrx_word' id='word_1_47' title='bbox 134 1261 204 1332; x_wconf 78' lang='lat' dir='ltr'>(tro)</span> <span class='ocrx_word' id='word_1_48' title='bbox 223 1274 376 1339; x_wconf 87' lang='lat' dir='ltr'>perverse</span> <span class='ocrx_word' id='word_1_49' title='bbox 399 1257 476 1337; x_wconf 90' lang='lat' dir='ltr'>post</span> <span class='ocrx_word' id='word_1_50' title='bbox 497 1252 675 1317; x_wconf 85' lang='lat' dir='ltr'>malebat</span> <span class='ocrx_word' id='word_1_51' title='bbox 698 1252 872 1317; x_wconf 88' lang='lat' dir='ltr'>subiicitur</span> <span class='ocrx_word' id='word_1_52' title='bbox 890 1250 959 1316; x_wconf 91' lang='lat' dir='ltr'>sed</span> <span class='ocrx_word' id='word_1_53' title='bbox 975 1271 1048 1316; x_wconf 92' lang='lat' dir='ltr'>cum</span> <span class='ocrx_word' id='word_1_54' title='bbox 1066 1249 1232 1316; x_wconf 86' lang='lat' dir='ltr'>sententia</span> <span class='ocrx_word' id='word_1_55' title='bbox 1249 1248 1374 1314; x_wconf 78' lang='lat' dir='ltr'>infinita</span> 
     </span>
     <span class='ocr_line' id='line_1_8' title="bbox 220 1357 1373 1444; baseline -0.005 -18"><span class='ocrx_word' id='word_1_56' title='bbox 220 1361 388 1442; x_wconf 84' lang='lat' dir='ltr'>(mavult</span> <span class='ocrx_word' id='word_1_57' title='bbox 411 1360 517 1440; x_wconf 89' lang='lat' dir='ltr'>dare,</span> <span class='ocrx_word' id='word_1_58' title='bbox 542 1360 613 1425; x_wconf 91' lang='lat' dir='ltr'>sed</span> <span class='ocrx_word' id='word_1_59' title='bbox 631 1368 783 1444; x_wconf 83' lang='lat' dir='ltr'>postea</span> <span class='ocrx_word' id='word_1_60' title='bbox 798 1360 994 1439; x_wconf 86' lang='lat' dir='ltr'>daturum,</span> <span class='ocrx_word' id='word_1_61' title='bbox 1016 1365 1055 1423; x_wconf 99' lang='lat' dir='ltr'>ut</span> <span class='ocrx_word' id='word_1_62' title='bbox 1076 1357 1232 1423; x_wconf 87' lang='lat' dir='ltr'>audiatur</span> <span class='ocrx_word' id='word_1_63' title='bbox 1250 1357 1373 1435; x_wconf 85' lang='lat' dir='ltr'>dicit).</span> 
     </span>
     <span class='ocr_line' id='line_1_9' title="bbox 220 1452 1374 1552; baseline -0.005 -18"><span class='ocrx_word' id='word_1_64' title='bbox 220 1468 285 1535; x_wconf 85' lang='lat' dir='ltr'>Sed</span> <span class='ocrx_word' id='word_1_65' title='bbox 319 1469 447 1534; x_wconf 89' lang='lat' dir='ltr'>accedit</span> <span class='ocrx_word' id='word_1_66' title='bbox 481 1469 547 1533; x_wconf 83' lang='lat' dir='ltr'>alia</span> <span class='ocrx_word' id='word_1_67' title='bbox 580 1470 742 1552; x_wconf 75' lang='lat' dir='ltr'>pravitas,</span> <span class='ocrx_word' id='word_1_68' title='bbox 777 1489 848 1552; x_wconf 82' lang='lat' dir='ltr'>quae</span> <span class='ocrx_word' id='word_1_69' title='bbox 883 1474 934 1533; x_wconf 85' lang='lat' dir='ltr'>est</span> <span class='ocrx_word' id='word_1_70' title='bbox 963 1469 1049 1532; x_wconf 90' lang='lat' dir='ltr'>enim</span> <span class='ocrx_word' id='word_1_71' title='bbox 1078 1466 1148 1530; x_wconf 87' lang='lat' dir='ltr'>haec</span> <span class='ocrx_word' id='word_1_72' title='bbox 1178 1452 1307 1544; x_wconf 72' lang='lat' dir='ltr'>oratio,</span> <span class='ocrx_word' id='word_1_73' title='bbox 1338 1472 1374 1528; x_wconf 91' lang='lat' dir='ltr'>ut</span> 
     </span>
     <span class='ocr_line' id='line_1_10' title="bbox 220 1572 1371 1660; baseline -0.004 -19"><span class='ocrx_word' id='word_1_74' title='bbox 220 1577 339 1642; x_wconf 87' lang='lat' dir='ltr'>malle</span> <span class='ocrx_word' id='word_1_75' title='bbox 362 1598 428 1641; x_wconf 93' lang='lat' dir='ltr'>non</span> <span class='ocrx_word' id='word_1_76' title='bbox 445 1596 599 1642; x_wconf 89' lang='lat' dir='ltr'>recusare</span> <span class='ocrx_word' id='word_1_77' title='bbox 617 1576 755 1656; x_wconf 86' lang='lat' dir='ltr'>dicatur,</span> <span class='ocrx_word' id='word_1_78' title='bbox 780 1577 844 1660; x_wconf 88' lang='lat' dir='ltr'>qui,</span> <span class='ocrx_word' id='word_1_79' title='bbox 869 1598 969 1660; x_wconf 91' lang='lat' dir='ltr'>quum</span> <span class='ocrx_word' id='word_1_80' title='bbox 992 1576 1133 1640; x_wconf 83' lang='lat' dir='ltr'>alterum</span> <span class='ocrx_word' id='word_1_81' title='bbox 1149 1594 1217 1638; x_wconf 90' lang='lat' dir='ltr'>non</span> <span class='ocrx_word' id='word_1_82' title='bbox 1236 1572 1371 1650; x_wconf 78' lang='lat' dir='ltr'>dederit,</span> 
     </span>
     <span class='ocr_line' id='line_1_11' title="bbox 218 1683 1369 1769; baseline -0.003 -19"><span class='ocrx_word' id='word_1_83' title='bbox 218 1686 360 1751; x_wconf 88' lang='lat' dir='ltr'>alterum</span> <span class='ocrx_word' id='word_1_84' title='bbox 382 1706 449 1749; x_wconf 94' lang='lat' dir='ltr'>non</span> <span class='ocrx_word' id='word_1_85' title='bbox 470 1685 625 1750; x_wconf 86' lang='lat' dir='ltr'>recuset?</span> <span class='ocrx_word' id='word_1_86' title='bbox 661 1691 719 1750; x_wconf 88' lang='lat' dir='ltr'>aut</span> <span class='ocrx_word' id='word_1_87' title='bbox 741 1706 813 1769; x_wconf 82' lang='lat' dir='ltr'>quae</span> <span class='ocrx_word' id='word_1_88' title='bbox 842 1691 891 1749; x_wconf 91' lang='lat' dir='ltr'>est</span> <span class='ocrx_word' id='word_1_89' title='bbox 913 1683 981 1749; x_wconf 88' lang='lat' dir='ltr'>haec</span> <span class='ocrx_word' id='word_1_90' title='bbox 1003 1683 1156 1749; x_wconf 83' lang='lat' dir='ltr'>voluntas</span> <span class='ocrx_word' id='word_1_91' title='bbox 1187 1688 1248 1746; x_wconf 88' lang='lat' dir='ltr'>aut</span> <span class='ocrx_word' id='word_1_92' title='bbox 1262 1683 1369 1746; x_wconf 83' lang='lat' dir='ltr'>ctiam</span> 
     </span>
     <span class='ocr_line' id='line_1_12' title="bbox 219 1789 1369 1876; baseline -0.005 -18"><span class='ocrx_word' id='word_1_93' title='bbox 219 1793 329 1876; x_wconf 88' lang='lat' dir='ltr'>potior</span> <span class='ocrx_word' id='word_1_94' title='bbox 353 1792 503 1858; x_wconf 89' lang='lat' dir='ltr'>voluntas</span> <span class='ocrx_word' id='word_1_95' title='bbox 525 1814 589 1858; x_wconf 94' lang='lat' dir='ltr'>non</span> <span class='ocrx_word' id='word_1_96' title='bbox 613 1794 810 1859; x_wconf 80' lang='lat' dir='ltr'>recusandi?</span> <span class='ocrx_word' id='word_1_97' title='bbox 843 1792 1011 1858; x_wconf 91' lang='lat' dir='ltr'>Postremo</span> <span class='ocrx_word' id='word_1_98' title='bbox 1034 1812 1076 1856; x_wconf 90' lang='lat' dir='ltr'>ne</span> <span class='ocrx_word' id='word_1_99' title='bbox 1098 1790 1179 1855; x_wconf 90' lang='lat' dir='ltr'>ordo</span> <span class='ocrx_word' id='word_1_100' title='bbox 1198 1789 1369 1854; x_wconf 88' lang='lat' dir='ltr'>verborum</span> 
     </span>
    </p>

    <p class='ocr_par' dir='ltr' id='par_1_3' title="bbox 177 1886 1372 3935">
     <span class='ocr_line' id='line_1_13' title="bbox 177 1886 1371 1985; baseline -0.003 -19"><span class='ocrx_word' id='word_1_101' title='bbox 177 1886 184 1897; x_wconf 40' lang='lat'>⁸</span> <span class='ocrx_word' id='word_1_102' title='bbox 220 1901 353 1984; x_wconf 91' lang='lat' dir='ltr'>quidem</span> <span class='ocrx_word' id='word_1_103' title='bbox 386 1907 496 1966; x_wconf 89' lang='lat' dir='ltr'>rectus</span> <span class='ocrx_word' id='word_1_104' title='bbox 528 1908 597 1982; x_wconf 80' lang='lat' dir='ltr'>est3</span> <span class='ocrx_word' id='word_1_105' title='bbox 630 1903 772 1985; x_wconf 91' lang='lat' dir='ltr'>primum</span> <span class='ocrx_word' id='word_1_106' title='bbox 794 1903 880 1966; x_wconf 93' lang='lat' dir='ltr'>enim</span> <span class='ocrx_word' id='word_1_107' title='bbox 914 1899 1084 1965; x_wconf 75' lang='lat' dir='ltr'>sententia</span> <span class='ocrx_word' id='word_1_108' title='bbox 1118 1898 1227 1963; x_wconf 89' lang='lat' dir='ltr'>locum</span> <span class='ocrx_word' id='word_1_109' title='bbox 1261 1904 1371 1963; x_wconf 87' lang='lat' dir='ltr'>tenere</span> 
     </span>
     <span class='ocr_line' id='line_1_14' title="bbox 220 2007 1372 2093; baseline -0.004 -19"><span class='ocrx_word' id='word_1_110' title='bbox 220 2009 370 2089; x_wconf 81' lang='lat' dir='ltr'>debebat,</span> <span class='ocrx_word' id='word_1_111' title='bbox 394 2009 483 2093; x_wconf 89' lang='lat' dir='ltr'>quod</span> <span class='ocrx_word' id='word_1_112' title='bbox 505 2009 603 2075; x_wconf 88' lang='lat' dir='ltr'>alteri</span> <span class='ocrx_word' id='word_1_113' title='bbox 625 2010 769 2074; x_wconf 83' lang='lat' dir='ltr'>mercedi</span> <span class='ocrx_word' id='word_1_114' title='bbox 792 2009 994 2074; x_wconf 89' lang='lat' dir='ltr'>contrarium</span> <span class='ocrx_word' id='word_1_115' title='bbox 1016 2007 1167 2092; x_wconf 89' lang='lat' dir='ltr'>ponitur:</span> <span class='ocrx_word' id='word_1_116' title='bbox 1201 2007 1242 2070; x_wconf 92' lang='lat' dir='ltr'>in</span> <span class='ocrx_word' id='word_1_117' title='bbox 1265 2026 1372 2089; x_wconf 90' lang='lat' dir='ltr'>spem</span> 
     </span>
     <span class='ocr_line' id='line_1_15' title="bbox 219 2114 1371 2202; baseline -0.005 -19"><span class='ocrx_word' id='word_1_118' title='bbox 219 2118 405 2183; x_wconf 83' lang='lat' dir='ltr'>Romanae</span> <span class='ocrx_word' id='word_1_119' title='bbox 427 2118 550 2202; x_wconf 90' lang='lat' dir='ltr'>pacis.</span> <span class='ocrx_word' id='word_1_120' title='bbox 585 2117 664 2183; x_wconf 86' lang='lat' dir='ltr'>Haec</span> <span class='ocrx_word' id='word_1_121' title='bbox 686 2123 737 2183; x_wconf 91' lang='lat' dir='ltr'>tot</span> <span class='ocrx_word' id='word_1_122' title='bbox 760 2123 918 2201; x_wconf 89' lang='lat' dir='ltr'>tantaque</span> <span class='ocrx_word' id='word_1_123' title='bbox 941 2114 1149 2180; x_wconf 83' lang='lat' dir='ltr'>incommoda</span> <span class='ocrx_word' id='word_1_124' title='bbox 1172 2125 1240 2178; x_wconf 85' lang='lat' dir='ltr'>una</span> <span class='ocrx_word' id='word_1_125' title='bbox 1261 2114 1371 2197; x_wconf 70' lang='lat' dir='ltr'>littere</span> 
     </span>
     <span class='ocr_line' id='line_1_16' title="bbox 220 2222 1370 2308; baseline -0.005 -17"><span class='ocrx_word' id='word_1_126' title='bbox 220 2225 368 2306; x_wconf 86' lang='lat' dir='ltr'>sublata,</span> <span class='ocrx_word' id='word_1_127' title='bbox 402 2226 508 2291; x_wconf 83' lang='lat' dir='ltr'>altera</span> <span class='ocrx_word' id='word_1_128' title='bbox 535 2225 701 2291; x_wconf 88' lang='lat' dir='ltr'>lenissime</span> <span class='ocrx_word' id='word_1_129' title='bbox 731 2230 858 2290; x_wconf 82' lang='lat' dir='ltr'>mutata</span> <span class='ocrx_word' id='word_1_130' title='bbox 887 2223 912 2308; x_wconf 86' lang='grc' dir='ltr'>(Ι</span> <span class='ocrx_word' id='word_1_131' title='bbox 935 2246 995 2308; x_wconf 93' lang='lat' dir='ltr'>pro</span> <span class='ocrx_word' id='word_1_132' title='bbox 1018 2222 1042 2304; x_wconf 91' lang='lat' dir='ltr'>I)</span> <span class='ocrx_word' id='word_1_133' title='bbox 1072 2224 1255 2288; x_wconf 81' lang='lat' dir='ltr'>certissime</span> <span class='ocrx_word' id='word_1_134' title='bbox 1278 2241 1370 2287; x_wconf 83' lang='lat' dir='ltr'>sana·</span> 
     </span>
     <span class='ocr_line' id='line_1_17' title="bbox 219 2330 1370 2418; baseline -0.003 -20"><span class='ocrx_word' id='word_1_135' title='bbox 219 2333 302 2399; x_wconf 91' lang='lat' dir='ltr'>bunt</span> <span class='ocrx_word' id='word_1_136' title='bbox 322 2334 527 2418; x_wconf 87' lang='lat' dir='ltr'>reddentque</span> <span class='ocrx_word' id='word_1_137' title='bbox 550 2341 584 2399; x_wconf 91' lang='lat' dir='ltr'>et</span> <span class='ocrx_word' id='word_1_138' title='bbox 606 2334 750 2413; x_wconf 84' lang='lat' dir='ltr'>verbum,</span> <span class='ocrx_word' id='word_1_139' title='bbox 772 2334 860 2399; x_wconf 91' lang='lat' dir='ltr'>unde</span> <span class='ocrx_word' id='word_1_140' title='bbox 884 2333 1048 2398; x_wconf 83' lang='lat' dir='ltr'>sententia</span> <span class='ocrx_word' id='word_1_141' title='bbox 1070 2330 1200 2396; x_wconf 91' lang='lat' dir='ltr'>infinita</span> <span class='ocrx_word' id='word_1_142' title='bbox 1223 2330 1370 2414; x_wconf 70' lang='lat' dir='ltr'>pendeat,</span> 
     </span>
     <span class='ocr_line' id='line_1_18' title="bbox 221 2425 1370 2521; baseline -0.005 -15"><span class='ocrx_word' id='word_1_143' title='bbox 221 2449 254 2507; x_wconf 92' lang='lat' dir='ltr'>et</span> <span class='ocrx_word' id='word_1_144' title='bbox 275 2449 403 2507; x_wconf 91' lang='lat' dir='ltr'>rectum</span> <span class='ocrx_word' id='word_1_145' title='bbox 425 2425 597 2508; x_wconf 88' lang='lat' dir='ltr'>verborum</span> <span class='ocrx_word' id='word_1_146' title='bbox 621 2443 783 2509; x_wconf 89' lang='lat' dir='ltr'>ordinem:</span> <span class='ocrx_word' id='word_1_147' title='bbox 817 2441 876 2506; x_wconf 92' lang='lat' dir='ltr'>ibi</span> <span class='ocrx_word' id='word_1_148' title='bbox 904 2440 1137 2518; x_wconf 83' lang='lat' dir='ltr'>haesitabat,</span> <span class='ocrx_word' id='word_1_149' title='bbox 1168 2444 1208 2503; x_wconf 88' lang='lat' dir='ltr'>et</span> <span class='ocrx_word' id='word_1_150' title='bbox 1230 2439 1370 2521; x_wconf 87' lang='lat' dir='ltr'>utique</span> 
     </span>
     <span class='ocr_line' id='line_1_19' title="bbox 221 2545 1369 2633; baseline -0.005 -18"><span class='ocrx_word' id='word_1_151' title='bbox 221 2550 394 2615; x_wconf 86' lang='lat' dir='ltr'>alteram</span> <span class='ocrx_word' id='word_1_152' title='bbox 427 2552 535 2615; x_wconf 89' lang='lat' dir='ltr'>tanti</span> <span class='ocrx_word' id='word_1_153' title='bbox 567 2551 741 2616; x_wconf 92' lang='lat' dir='ltr'>nominis</span> <span class='ocrx_word' id='word_1_154' title='bbox 774 2550 942 2633; x_wconf 84' lang='lat' dir='ltr'>regibus</span> <span class='ocrx_word' id='word_1_155' title='bbox 975 2556 1137 2633; x_wconf 89' lang='lat' dir='ltr'>turpem</span> <span class='ocrx_word' id='word_1_156' title='bbox 1171 2568 1217 2611; x_wconf 88' lang='lat' dir='ltr'>ac</span> <span class='ocrx_word' id='word_1_157' title='bbox 1242 2545 1369 2611; x_wconf 91' lang='lat' dir='ltr'>sordi·</span> 
     </span>
     <span class='ocr_line' id='line_1_20' title="bbox 222 2655 1369 2741; baseline -0.004 -19"><span class='ocrx_word' id='word_1_158' title='bbox 222 2658 307 2722; x_wconf 89' lang='lat' dir='ltr'>dam</span> <span class='ocrx_word' id='word_1_159' title='bbox 330 2663 369 2722; x_wconf 90' lang='lat' dir='ltr'>ct</span> <span class='ocrx_word' id='word_1_160' title='bbox 392 2657 506 2723; x_wconf 89' lang='lat' dir='ltr'>danti</span> <span class='ocrx_word' id='word_1_161' title='bbox 540 2665 579 2723; x_wconf 92' lang='lat' dir='ltr'>et</span> <span class='ocrx_word' id='word_1_162' title='bbox 611 2659 738 2741; x_wconf 87' lang='lat' dir='ltr'>magis</span> <span class='ocrx_word' id='word_1_163' title='bbox 772 2658 1001 2741; x_wconf 82' lang='lat' dir='ltr'>accipienti</span> <span class='ocrx_word' id='word_1_164' title='bbox 1030 2655 1255 2720; x_wconf 88' lang='lat' dir='ltr'>mercedem</span> <span class='ocrx_word' id='word_1_165' title='bbox 1288 2674 1369 2718; x_wconf 84' lang='lat' dir='ltr'>esse</span> 
     </span>
     <span class='ocr_line' id='line_1_21' title="bbox 221 2765 1369 2850; baseline -0.003 -21"><span class='ocrx_word' id='word_1_166' title='bbox 221 2766 349 2829; x_wconf 72' lang='lat' dir='ltr'>tiebat</span> <span class='ocrx_word' id='word_1_167' title='bbox 383 2765 456 2850; x_wconf 89' lang='lat' dir='ltr'>(pro</span> <span class='ocrx_word' id='word_1_168' title='bbox 490 2766 698 2847; x_wconf 86' lang='lat' dir='ltr'>malebat);</span> <span class='ocrx_word' id='word_1_169' title='bbox 733 2768 772 2830; x_wconf 94' lang='lat' dir='ltr'>in</span> <span class='ocrx_word' id='word_1_170' title='bbox 808 2788 916 2850; x_wconf 90' lang='lat' dir='ltr'>spem</span> <span class='ocrx_word' id='word_1_171' title='bbox 940 2767 1123 2830; x_wconf 84' lang='lat' dir='ltr'>Romanae</span> <span class='ocrx_word' id='word_1_172' title='bbox 1153 2766 1272 2847; x_wconf 86' lang='lat' dir='ltr'>pacis</span> <span class='ocrx_word' id='word_1_173' title='bbox 1299 2784 1369 2827; x_wconf 91' lang='lat' dir='ltr'>non</span> 
     </span>
     <span class='ocr_line' id='line_1_22' title="bbox 187 2872 1369 2957; baseline -0.004 -19"><span class='ocrx_word' id='word_1_174' title='bbox 187 2876 188 2880; x_wconf 71' lang='grc'>’</span> <span class='ocrx_word' id='word_1_175' title='bbox 221 2896 414 2938; x_wconf 85' lang='lat' dir='ltr'>recusare</span> <span class='ocrx_word' id='word_1_176' title='bbox 448 2876 687 2957; x_wconf 79' lang='lat' dir='ltr'>impensam,</span> <span class='ocrx_word' id='word_1_177' title='bbox 722 2875 790 2939; x_wconf 87' lang='lat' dir='ltr'>sed</span> <span class='ocrx_word' id='word_1_178' title='bbox 824 2896 908 2939; x_wconf 90' lang='lat' dir='ltr'>eam</span> <span class='ocrx_word' id='word_1_179' title='bbox 942 2875 1153 2957; x_wconf 84' lang='lat' dir='ltr'>pecuniam</span> <span class='ocrx_word' id='word_1_180' title='bbox 1188 2872 1369 2955; x_wconf 87' lang='lat' dir='ltr'>perfecta</span> 
     </span>
     <span class='ocr_line' id='line_1_23' title="bbox 220 2978 1368 3066; baseline -0.005 -19"><span class='ocrx_word' id='word_1_181' title='bbox 220 3006 261 3047; x_wconf 89' lang='lat' dir='ltr'>re</span> <span class='ocrx_word' id='word_1_182' title='bbox 285 2983 493 3060; x_wconf 69' lang='lat' dir='ltr'>daturum,</span> <span class='ocrx_word' id='word_1_183' title='bbox 527 2990 588 3047; x_wconf 89' lang='lat' dir='ltr'>cet.</span> <span class='ocrx_word' id='word_1_184' title='bbox 635 2983 774 3048; x_wconf 86' lang='lat' dir='ltr'>Prorsus</span> <span class='ocrx_word' id='word_1_185' title='bbox 799 2984 1038 3066; x_wconf 81' lang='lat' dir='ltr'>exprImuntur,</span> <span class='ocrx_word' id='word_1_186' title='bbox 1064 3002 1137 3063; x_wconf 78' lang='lat' dir='ltr'>qua</span> <span class='ocrx_word' id='word_1_187' title='bbox 1170 2981 1260 3062; x_wconf 84' lang='lat' dir='ltr'>apud</span> <span class='ocrx_word' id='word_1_188' title='bbox 1283 2978 1368 3061; x_wconf 71' lang='lat' dir='ltr'>Poly·</span> 
     </span>
     <span class='ocr_line' id='line_1_24' title="bbox 222 3088 1368 3174; baseline -0.007 -18"><span class='ocrx_word' id='word_1_189' title='bbox 222 3092 311 3157; x_wconf 90' lang='lat' dir='ltr'>bium</span> <span class='ocrx_word' id='word_1_190' title='bbox 351 3113 437 3155; x_wconf 91' lang='lat' dir='ltr'>nunc</span> <span class='ocrx_word' id='word_1_191' title='bbox 477 3091 631 3174; x_wconf 86' lang='lat' dir='ltr'>leguntur</span> <span class='ocrx_word' id='word_1_192' title='bbox 670 3092 703 3154; x_wconf 92' lang='lat' dir='ltr'>iu</span> <span class='ocrx_word' id='word_1_193' title='bbox 743 3092 926 3173; x_wconf 85' lang='lat' dir='ltr'>fragmento</span> <span class='ocrx_word' id='word_1_194' title='bbox 961 3091 1122 3154; x_wconf 86' lang='lat' dir='ltr'>Vaticano</span> <span class='ocrx_word' id='word_1_195' title='bbox 1158 3088 1295 3170; x_wconf 87' lang='lat' dir='ltr'>(XXIX,</span> <span class='ocrx_word' id='word_1_196' title='bbox 1331 3093 1368 3149; x_wconf 89' lang='lat' dir='ltr'>le</span> 
     </span>
     <span class='ocr_line' id='line_1_25' title="bbox 221 3198 1368 3281; baseline -0.009 -18"><span class='ocrx_word' id='word_1_197' title='bbox 221 3223 252 3281; x_wconf 85' lang='lat' dir='ltr'>p.</span> <span class='ocrx_word' id='word_1_198' title='bbox 280 3203 360 3263; x_wconf 86' lang='lat'>1033</span> <span class='ocrx_word' id='word_1_199' title='bbox 384 3198 517 3280; x_wconf 44' lang='lat' dir='ltr'>Bekkst)</span> <span class='ocrx_word' id='word_1_200' title='bbox 552 3207 615 3280; x_wconf 78' lang='grc' dir='ltr'><strong><em>περὶ</em></strong></span> <span class='ocrx_word' id='word_1_201' title='bbox 637 3207 665 3261; x_wconf 77' lang='grc' dir='ltr'>δὲ</span> <span class='ocrx_word' id='word_1_202' title='bbox 688 3208 740 3261; x_wconf 85' lang='grc' dir='ltr'>τῶν</span> <span class='ocrx_word' id='word_1_203' title='bbox 767 3207 912 3281; x_wconf 79' lang='grc' dir='ltr'>χρημάτων</span> <span class='ocrx_word' id='word_1_204' title='bbox 934 3205 1003 3279; x_wconf 75' lang='grc' dir='ltr'><strong><em>ὑπὲρ</em></strong></span> <span class='ocrx_word' id='word_1_205' title='bbox 1032 3207 1081 3278; x_wconf 86' lang='grc' dir='ltr'>μὲν</span> <span class='ocrx_word' id='word_1_206' title='bbox 1110 3206 1163 3258; x_wconf 77' lang='grc' dir='ltr'>τῶν</span> <span class='ocrx_word' id='word_1_207' title='bbox 1192 3203 1368 3259; x_wconf 71' lang='grc' dir='ltr'>πεντακοσίων</span> 
     </span>
     <span class='ocr_line' id='line_1_26' title="bbox 221 3309 1365 3389; baseline -0.008 -20"><span class='ocrx_word' id='word_1_208' title='bbox 221 3315 357 3369; x_wconf 75' lang='grc' dir='ltr'>ταλάντων</span> <span class='ocrx_word' id='word_1_209' title='bbox 374 3313 491 3389; x_wconf 83' lang='grc' dir='ltr'>αἰσχρὸν</span> <span class='ocrx_word' id='word_1_210' title='bbox 510 3314 609 3387; x_wconf 72' lang='grc' dir='ltr'><strong><em>ἔφησεν</em></strong></span> <span class='ocrx_word' id='word_1_211' title='bbox 626 3310 693 3370; x_wconf 76' lang='grc' dir='ltr'>εἶναι</span> <span class='ocrx_word' id='word_1_212' title='bbox 710 3315 755 3369; x_wconf 79' lang='grc' dir='ltr'>καὶ</span> <span class='ocrx_word' id='word_1_213' title='bbox 772 3318 808 3388; x_wconf 81' lang='grc' dir='ltr'>τῷ</span> <span class='ocrx_word' id='word_1_214' title='bbox 824 3315 923 3370; x_wconf 75' lang='grc' dir='ltr'>διδόντι</span> <span class='ocrx_word' id='word_1_215' title='bbox 940 3314 984 3369; x_wconf 81' lang='grc' dir='ltr'>καὶ</span> <span class='ocrx_word' id='word_1_216' title='bbox 1002 3313 1152 3386; x_wconf 67' lang='lat' dir='ltr'>impeditor</span> <span class='ocrx_word' id='word_1_217' title='bbox 1164 3313 1200 3384; x_wconf 83' lang='grc' dir='ltr'>τῷ</span> <span class='ocrx_word' id='word_1_218' title='bbox 1212 3309 1365 3382; x_wconf 66' lang='grc' dir='ltr'>λαμβάνοντι</span> 
     </span>
     <span class='ocr_line' id='line_1_27' title="bbox 222 3409 1367 3500; baseline -0.005 -21"><span class='ocrx_word' id='word_1_219' title='bbox 222 3415 278 3496; x_wconf 87' lang='lat' dir='ltr'>(et</span> <span class='ocrx_word' id='word_1_220' title='bbox 296 3416 411 3480; x_wconf 87' lang='lat' dir='ltr'>danti</span> <span class='ocrx_word' id='word_1_221' title='bbox 434 3424 472 3480; x_wconf 93' lang='lat' dir='ltr'>et</span> <span class='ocrx_word' id='word_1_222' title='bbox 490 3418 612 3480; x_wconf 87' lang='lat' dir='ltr'>etiam</span> <span class='ocrx_word' id='word_1_223' title='bbox 632 3418 863 3500; x_wconf 87' lang='lat' dir='ltr'>accipienti,</span> <span class='ocrx_word' id='word_1_224' title='bbox 882 3438 922 3480; x_wconf 88' lang='lat' dir='ltr'>nc</span> <span class='ocrx_word' id='word_1_225' title='bbox 941 3417 1014 3497; x_wconf 92' lang='lat' dir='ltr'>quis</span> <span class='ocrx_word' id='word_1_226' title='bbox 1034 3413 1196 3479; x_wconf 84' lang='lat' dir='ltr'>ablativos</span> <span class='ocrx_word' id='word_1_227' title='bbox 1216 3412 1305 3495; x_wconf 89' lang='lat' dir='ltr'>apud</span> <span class='ocrx_word' id='word_1_228' title='bbox 1323 3409 1367 3473; x_wconf 86' lang='lat' dir='ltr'>Li·</span> 
     </span>
     <span class='ocr_line' id='line_1_28' title="bbox 221 3522 1367 3606; baseline -0.005 -20"><span class='ocrx_word' id='word_1_229' title='bbox 221 3525 308 3586; x_wconf 84' lang='lat' dir='ltr'>vium</span> <span class='ocrx_word' id='word_1_230' title='bbox 321 3522 435 3606; x_wconf 81' lang='lat' dir='ltr'>fingat)</span> <span class='ocrx_word' id='word_1_231' title='bbox 448 3531 478 3585; x_wconf 81' lang='grc' dir='ltr'>τὸ</span> <span class='ocrx_word' id='word_1_232' title='bbox 490 3530 577 3586; x_wconf 77' lang='grc' dir='ltr'><strong><em>δοκεῖν</em></strong></span> <span class='ocrx_word' id='word_1_233' title='bbox 587 3533 684 3605; x_wconf 74' lang='grc' dir='ltr'>μισθῷ</span> <span class='ocrx_word' id='word_1_234' title='bbox 700 3533 746 3600; x_wconf 67' lang='grc' dir='ltr'>τὴν</span> <span class='ocrx_word' id='word_1_235' title='bbox 758 3532 874 3601; x_wconf 76' lang='grc' dir='ltr'><strong><em>ἡσυχίαν</em></strong></span> <span class='ocrx_word' id='word_1_236' title='bbox 887 3531 965 3601; x_wconf 73' lang='grc' dir='ltr'>ἔχειν,</span> <span class='ocrx_word' id='word_1_237' title='bbox 977 3531 1009 3585; x_wconf 85' lang='grc' dir='ltr'>τὰ</span> <span class='ocrx_word' id='word_1_238' title='bbox 1021 3529 1050 3584; x_wconf 78' lang='grc' dir='ltr'>δὲ</span> <span class='ocrx_word' id='word_1_239' title='bbox 1066 3531 1142 3598; x_wconf 74' lang='grc' dir='ltr'>χίλια</span> <span class='ocrx_word' id='word_1_240' title='bbox 1154 3528 1199 3582; x_wconf 79' lang='grc' dir='ltr'>καὶ</span> <span class='ocrx_word' id='word_1_241' title='bbox 1212 3526 1367 3582; x_wconf 73' lang='grc' dir='ltr'>πεντακόσια</span> 
     </span>
     <span class='ocr_line' id='line_1_29' title="bbox 222 3632 1366 3714; baseline -0.004 -21"><span class='ocrx_word' id='word_1_242' title='bbox 222 3641 340 3714; x_wconf 77' lang='grc' dir='ltr'>πέμψειν</span> <span class='ocrx_word' id='word_1_243' title='bbox 362 3640 491 3713; x_wconf 77' lang='grc' dir='ltr'>φέροντας</span> <span class='ocrx_word' id='word_1_244' title='bbox 511 3641 572 3703; x_wconf 78' lang='grc' dir='ltr'><em>τοὺς</em></span> <span class='ocrx_word' id='word_1_245' title='bbox 595 3640 658 3714; x_wconf 80' lang='grc' dir='ltr'><strong><em>περὶ</em></strong></span> <span class='ocrx_word' id='word_1_246' title='bbox 681 3641 888 3714; x_wconf 75' lang='grc' dir='ltr'>Πολεμοκράτην</span> <span class='ocrx_word' id='word_1_247' title='bbox 905 3638 942 3703; x_wconf 78' lang='grc' dir='ltr'>εἰς</span> <span class='ocrx_word' id='word_1_248' title='bbox 958 3639 1147 3713; x_wconf 73' lang='grc' dir='ltr'>Σαμοθρᾴκην</span> <span class='ocrx_word' id='word_1_249' title='bbox 1165 3636 1241 3692; x_wconf 75' lang='grc' dir='ltr'>κάκεῖ</span> <span class='ocrx_word' id='word_1_250' title='bbox 1256 3632 1366 3708; x_wconf 63' lang='lat' dir='ltr'>pectori*</span> 
     </span>
     <span class='ocr_line' id='line_1_30' title="bbox 221 3740 1369 3822; baseline -0.003 -21"><span class='ocrx_word' id='word_1_251' title='bbox 221 3752 307 3802; x_wconf 80' lang='grc' dir='ltr'>εσθαι</span> <span class='ocrx_word' id='word_1_252' title='bbox 319 3740 545 3821; x_wconf 77' lang='grc' dir='ltr'>(μισιτεύσασθαι</span> <span class='ocrx_word' id='word_1_253' title='bbox 557 3748 615 3807; x_wconf 77' lang='lat' dir='ltr'>aut</span> <span class='ocrx_word' id='word_1_254' title='bbox 625 3743 927 3822; x_wconf 65' lang='grc' dir='ltr'>μεσιτευθήσισθαιῗ).</span> <span class='ocrx_word' id='word_1_255' title='bbox 952 3740 1016 3804; x_wconf 78' lang='lat' dir='ltr'>Sed</span> <span class='ocrx_word' id='word_1_256' title='bbox 1034 3761 1143 3803; x_wconf 83' lang='lat' dir='ltr'>veram</span> <span class='ocrx_word' id='word_1_257' title='bbox 1156 3740 1329 3804; x_wconf 62' lang='lat' dir='ltr'>Sententia}</span> <span class='ocrx_word' id='word_1_258' title='bbox 1340 3740 1369 3798; x_wconf 73' lang='lat' dir='ltr'>et</span> 
     </span>
     <span class='ocr_line' id='line_1_31' title="bbox 222 3848 1367 3935; baseline -0.003 -23"><span class='ocrx_word' id='word_1_259' title='bbox 222 3850 381 3913; x_wconf 87' lang='lat' dir='ltr'>orationis</span> <span class='ocrx_word' id='word_1_260' title='bbox 399 3848 538 3914; x_wconf 82' lang='lat' dir='ltr'>formam</span> <span class='ocrx_word' id='word_1_261' title='bbox 555 3850 722 3935; x_wconf 81' lang='lat' dir='ltr'>aPonbio</span> <span class='ocrx_word' id='word_1_262' title='bbox 742 3851 930 3914; x_wconf 88' lang='lat' dir='ltr'>traductam</span> <span class='ocrx_word' id='word_1_263' title='bbox 950 3851 1015 3913; x_wconf 86' lang='lat' dir='ltr'>iam</span> <span class='ocrx_word' id='word_1_264' title='bbox 1026 3849 1198 3932; x_wconf 84' lang='lat' dir='ltr'>Appianus</span> <span class='ocrx_word' id='word_1_265' title='bbox 1210 3854 1367 3911; x_wconf 84' lang='lat' dir='ltr'>monstra·</span> 
     </span>
    </p>
   </div>
   <div class='ocr_carea' id='block_1_3' title="bbox 221 3954 1368 4150">
    <p class='ocr_par' dir='ltr' id='par_1_4' title="bbox 221 3954 1368 4150">
     <span class='ocr_line' id='line_1_32' title="bbox 221 3954 1368 4042; baseline -0.001 -24"><span class='ocrx_word' id='word_1_266' title='bbox 221 3956 279 4021; x_wconf 87' lang='lat' dir='ltr'>bat</span> <span class='ocrx_word' id='word_1_267' title='bbox 303 3955 441 4037; x_wconf 86' lang='lat' dir='ltr'>(Maced.</span> <span class='ocrx_word' id='word_1_268' title='bbox 465 3957 503 4020; x_wconf 89' lang='lat' dir='ltr'>fr.</span> <span class='ocrx_word' id='word_1_269' title='bbox 529 3963 568 4021; x_wconf 85' lang='grc'>18</span> <span class='ocrx_word' id='word_1_270' title='bbox 592 3981 632 4023; x_wconf 83' lang='lat' dir='ltr'>ex</span> <span class='ocrx_word' id='word_1_271' title='bbox 655 3960 818 4042; x_wconf 79' lang='lat' dir='ltr'>excerptis</span> <span class='ocrx_word' id='word_1_272' title='bbox 842 3958 1010 4039; x_wconf 84' lang='lat' dir='ltr'>Peireso.),</span> <span class='ocrx_word' id='word_1_273' title='bbox 1035 3978 1100 4039; x_wconf 91' lang='lat' dir='ltr'>quo</span> <span class='ocrx_word' id='word_1_274' title='bbox 1131 3955 1216 4020; x_wconf 89' lang='lat' dir='ltr'>duce</span> <span class='ocrx_word' id='word_1_275' title='bbox 1246 3954 1368 4038; x_wconf 81' lang='lat' dir='ltr'>expleta</span> 
     </span>
     <span class='ocr_line' id='line_1_33' title="bbox 221 4058 1368 4150; baseline -0.003 -22"><span class='ocrx_word' id='word_1_276' title='bbox 221 4072 272 4128; x_wconf 88' lang='lat' dir='ltr'>est</span> <span class='ocrx_word' id='word_1_277' title='bbox 294 4065 412 4129; x_wconf 87' lang='lat' dir='ltr'>lacuna</span> <span class='ocrx_word' id='word_1_278' title='bbox 434 4066 467 4128; x_wconf 92' lang='lat' dir='ltr'>in</span> <span class='ocrx_word' id='word_1_279' title='bbox 491 4063 554 4147; x_wconf 70' lang='lat'>§63</span> <span class='ocrx_word' id='word_1_280' title='bbox 578 4088 664 4130; x_wconf 90' lang='lat' dir='ltr'>nunc</span> <span class='ocrx_word' id='word_1_281' title='bbox 689 4068 953 4150; x_wconf 82' lang='lat' dir='ltr'>supplementum</span> <span class='ocrx_word' id='word_1_282' title='bbox 975 4065 1131 4148; x_wconf 81' lang='lat' dir='ltr'>Polybius</span> <span class='ocrx_word' id='word_1_283' title='bbox 1155 4058 1368 4135; x_wconf 76' lang='lat' dir='ltr'>confirmat.¹)</span> 
     </span>
    </p>
   </div>
   <div class='ocr_carea' id='block_1_4' title="bbox 245 4301 1372 4459">
    <p class='ocr_par' dir='ltr' id='par_1_5' title="bbox 245 4301 1372 4459">
     <span class='ocr_line' id='line_1_34' title="bbox 245 4301 1371 4373; baseline -0.005 -14"><span class='ocrx_word' id='word_1_284' title='bbox 245 4306 270 4371; x_wconf 81' lang='grc' dir='ltr'>ι)</span> <span class='ocrx_word' id='word_1_285' title='bbox 290 4305 402 4373; x_wconf 85' lang='lat'>[111,51</span> <span class='ocrx_word' id='word_1_286' title='bbox 432 4309 500 4358; x_wconf 84' lang='lat' dir='ltr'>extr.</span> <span class='ocrx_word' id='word_1_287' title='bbox 520 4305 580 4359; x_wconf 90' lang='lat' dir='ltr'>cod.</span> <span class='ocrx_word' id='word_1_288' title='bbox 601 4303 630 4356; x_wconf 90' lang='lat' dir='ltr'>M</span> <span class='ocrx_word' id='word_1_289' title='bbox 658 4322 708 4373; x_wconf 90' lang='lat' dir='ltr'>pro</span> <span class='ocrx_word' id='word_1_290' title='bbox 737 4305 877 4358; x_wconf 83' lang='lat' dir='ltr'>aiebant</span> <span class='ocrx_word' id='word_1_291' title='bbox 904 4304 988 4357; x_wconf 81' lang='lat' dir='ltr'>habet</span> <span class='ocrx_word' id='word_1_292' title='bbox 1016 4303 1165 4356; x_wconf 84' lang='lat' dir='ltr'>alebant.</span> <span class='ocrx_word' id='word_1_293' title='bbox 1193 4301 1247 4356; x_wconf 87' lang='lat' dir='ltr'>Hic</span> <span class='ocrx_word' id='word_1_294' title='bbox 1266 4317 1288 4353; x_wconf 87' lang='grc' dir='ltr'>ιιι</span> <span class='ocrx_word' id='word_1_295' title='bbox 1306 4315 1371 4368; x_wconf 66' lang='lat' dir='ltr'>pro·</span> 
     </span>
     <span class='ocr_line' id='line_1_35' title="bbox 290 4386 1372 4459; baseline -0.006 -14"><span class='ocrx_word' id='word_1_296' title='bbox 290 4391 391 4445; x_wconf 87' lang='lat' dir='ltr'>cedens</span> <span class='ocrx_word' id='word_1_297' title='bbox 411 4390 503 4446; x_wconf 85' lang='lat' dir='ltr'>effecit</span> <span class='ocrx_word' id='word_1_298' title='bbox 520 4388 694 4456; x_wconf 82' lang='lat' dir='ltr'>malebat]</span> <span class='ocrx_word' id='word_1_299' title='bbox 730 4390 896 4459; x_wconf 86' lang='lat' dir='ltr'>Repositum</span> <span class='ocrx_word' id='word_1_300' title='bbox 922 4391 979 4443; x_wconf 91' lang='lat' dir='ltr'>hic</span> <span class='ocrx_word' id='word_1_301' title='bbox 1007 4390 1125 4444; x_wconf 80' lang='lat' dir='ltr'>aicbat</span> <span class='ocrx_word' id='word_1_302' title='bbox 1148 4404 1201 4458; x_wconf 79' lang='lat' dir='ltr'>pro</span> <span class='ocrx_word' id='word_1_303' title='bbox 1223 4386 1372 4443; x_wconf 72' lang='lat' dir='ltr'>malcbtt</span> 
     </span>
    </p>
   </div>
   <div class='ocr_carea' id='block_1_5' title="bbox 929 4560 1173 4783">
    <p class='ocr_par' dir='ltr' id='par_1_6' title="bbox 929 4560 1173 4783">
     <span class='ocr_line' id='line_1_36' title="bbox 929 4560 1173 4783; baseline -0.008 1"><span class='ocrx_word' id='word_1_304' title='bbox 929 4560 1173 4783; x_wconf 59' lang='lat' dir='ltr'>l*</span> 
     </span>
    </p>
   </div>
   <div class='ocr_carea' id='block_1_6' title="bbox 0 0 1502 5108">
    <p class='ocr_par' dir='ltr' id='par_1_7' title="bbox 0 0 1502 5108">
     <span class='ocr_line' id='line_1_37' title="bbox 0 0 1502 5108; baseline 0 0"><span class='ocrx_word' id='word_1_305' title='bbox 0 0 1502 5108; x_wconf 95' lang='lat' dir='ltr'> </span> 
     </span>
    </p>
   </div>
  </div>
 </body>
</html>
