<?xml version="1.0" encoding="UTF-8"?>
<!DOCTYPE html PUBLIC "-//W3C//DTD XHTML 1.0 Transitional//EN"
    "http://www.w3.org/TR/xhtml1/DTD/xhtml1-transitional.dtd">
<html xmlns="http://www.w3.org/1999/xhtml" xml:lang="en" lang="en">
 <head>
  <title>
</title>
<meta http-equiv="Content-Type" content="text/html;charset=utf-8" />
  <meta name='ocr-system' content='tesseract 3.04.00' />
  <meta name='ocr-capabilities' content='ocr_page ocr_carea ocr_par ocr_line ocrx_word'/>
</head>
<body>
  <div class='ocr_page' id='page_1' title='image "./emendationesliv00madvgoog_0348.png"; bbox 0 0 2994 5108; ppageno 0'>
   <div class='ocr_carea' id='block_1_1' title="bbox 751 485 1359 551">
    <p class='ocr_par' dir='ltr' id='par_1_1' title="bbox 751 485 1359 551">
     <span class='ocr_line' id='line_1_1' title="bbox 751 485 1359 551; baseline 0.007 -6"><span class='ocrx_word' id='word_1_1' title='bbox 751 485 812 546; x_wconf 85' lang='grc'>339</span> <span class='ocrx_word' id='word_1_2' title='bbox 1179 496 1241 551; x_wconf 80' lang='lat' dir='ltr'>Lib.</span> <span class='ocrx_word' id='word_1_3' title='bbox 1260 496 1359 550; x_wconf 81' lang='lat' dir='ltr'>XXIV.</span> 
     </span>
    </p>
   </div>
   <div class='ocr_carea' id='block_1_2' title="bbox 42 668 1445 4312">
    <p class='ocr_par' dir='ltr' id='par_1_2' title="bbox 168 668 1360 1185">
     <span class='ocr_line' id='line_1_2' title="bbox 168 668 1359 755; baseline 0 -23"><span class='ocrx_word' id='word_1_4' title='bbox 168 691 177 701; x_wconf 86' lang='lat'>·</span> <span class='ocrx_word' id='word_1_5' title='bbox 201 669 291 749; x_wconf 87' lang='lat' dir='ltr'>tudo,</span> <span class='ocrx_word' id='word_1_6' title='bbox 313 669 371 734; x_wconf 88' lang='lat' dir='ltr'>alii</span> <span class='ocrx_word' id='word_1_7' title='bbox 394 668 435 734; x_wconf 90' lang='lat' dir='ltr'>de</span> <span class='ocrx_word' id='word_1_8' title='bbox 457 668 593 734; x_wconf 91' lang='lat' dir='ltr'>interitu</span> <span class='ocrx_word' id='word_1_9' title='bbox 617 676 651 734; x_wconf 90' lang='lat' dir='ltr'>et</span> <span class='ocrx_word' id='word_1_10' title='bbox 672 669 786 734; x_wconf 86' lang='lat' dir='ltr'>funere</span> <span class='ocrx_word' id='word_1_11' title='bbox 811 669 1026 755; x_wconf 87' lang='lat' dir='ltr'>reipublicae.</span> <span class='ocrx_word' id='word_1_12' title='bbox 1062 668 1185 732; x_wconf 88' lang='lat' dir='ltr'>Verum</span> <span class='ocrx_word' id='word_1_13' title='bbox 1205 669 1293 750; x_wconf 86' lang='lat' dir='ltr'>quod</span> <span class='ocrx_word' id='word_1_14' title='bbox 1305 669 1359 733; x_wconf 90' lang='lat' dir='ltr'>Li·</span> 
     </span>
     <span class='ocr_line' id='line_1_3' title="bbox 202 776 1358 861; baseline -0.001 -19"><span class='ocrx_word' id='word_1_15' title='bbox 202 778 272 842; x_wconf 79' lang='lat' dir='ltr'>vius</span> <span class='ocrx_word' id='word_1_16' title='bbox 285 776 448 857; x_wconf 87' lang='lat' dir='ltr'>(XXVIII,</span> <span class='ocrx_word' id='word_1_17' title='bbox 461 781 511 855; x_wconf 76' lang='lat'>28,</span> <span class='ocrx_word' id='word_1_18' title='bbox 526 777 578 858; x_wconf 75' lang='lat'>12)</span> <span class='ocrx_word' id='word_1_19' title='bbox 602 777 789 861; x_wconf 83' lang='lat' dir='ltr'>Scipionem</span> <span class='ocrx_word' id='word_1_20' title='bbox 812 785 986 861; x_wconf 78' lang='lat' dir='ltr'>negantem</span> <span class='ocrx_word' id='word_1_21' title='bbox 1009 777 1098 856; x_wconf 87' lang='lat' dir='ltr'>facit,</span> <span class='ocrx_word' id='word_1_22' title='bbox 1123 797 1195 841; x_wconf 90' lang='lat' dir='ltr'>suo</span> <span class='ocrx_word' id='word_1_23' title='bbox 1219 776 1358 841; x_wconf 86' lang='lat' dir='ltr'>funere</span> 
     </span>
     <span class='ocr_line' id='line_1_4' title="bbox 201 883 1358 976; baseline -0.002 -25"><span class='ocrx_word' id='word_1_24' title='bbox 201 885 456 969; x_wconf 89' lang='lat' dir='ltr'>rempublicam</span> <span class='ocrx_word' id='word_1_25' title='bbox 479 885 600 950; x_wconf 88' lang='lat' dir='ltr'>elatum</span> <span class='ocrx_word' id='word_1_26' title='bbox 622 887 673 966; x_wconf 92' lang='lat' dir='ltr'>iri,</span> <span class='ocrx_word' id='word_1_27' title='bbox 695 908 760 951; x_wconf 92' lang='lat' dir='ltr'>non</span> <span class='ocrx_word' id='word_1_28' title='bbox 783 888 942 976; x_wconf 89' lang='lat' dir='ltr'>sequitur,</span> <span class='ocrx_word' id='word_1_29' title='bbox 967 894 1013 963; x_wconf 80' lang='lat' dir='ltr'>ut,</span> <span class='ocrx_word' id='word_1_30' title='bbox 1037 883 1129 948; x_wconf 88' lang='lat' dir='ltr'>nulla</span> <span class='ocrx_word' id='word_1_31' title='bbox 1151 885 1358 967; x_wconf 75' lang='lat' dir='ltr'>praecedente</span> 
     </span>
     <span class='ocr_line' id='line_1_5' title="bbox 200 991 1358 1076; baseline 0 -19"><span class='ocrx_word' id='word_1_32' title='bbox 200 994 319 1060; x_wconf 88' lang='lat' dir='ltr'>mortis</span> <span class='ocrx_word' id='word_1_33' title='bbox 340 991 504 1058; x_wconf 85' lang='lat' dir='ltr'>lunerisve</span> <span class='ocrx_word' id='word_1_34' title='bbox 527 994 777 1076; x_wconf 84' lang='lat' dir='ltr'>significatione,</span> <span class='ocrx_word' id='word_1_35' title='bbox 800 1003 890 1060; x_wconf 90' lang='lat' dir='ltr'>recte</span> <span class='ocrx_word' id='word_1_36' title='bbox 914 994 1044 1058; x_wconf 89' lang='lat' dir='ltr'>dicatur</span> <span class='ocrx_word' id='word_1_37' title='bbox 1067 992 1251 1076; x_wconf 91' lang='lat' dir='ltr'>periculum</span> <span class='ocrx_word' id='word_1_38' title='bbox 1275 1014 1358 1072; x_wconf 90' lang='lat' dir='ltr'>esse,</span> 
     </span>
     <span class='ocr_line' id='line_1_6' title="bbox 198 1099 1360 1185; baseline -0.003 -18"><span class='ocrx_word' id='word_1_39' title='bbox 198 1123 240 1167; x_wconf 90' lang='lat' dir='ltr'>ne</span> <span class='ocrx_word' id='word_1_40' title='bbox 268 1099 480 1185; x_wconf 88' lang='lat' dir='ltr'>respublica</span> <span class='ocrx_word' id='word_1_41' title='bbox 508 1100 726 1181; x_wconf 85' lang='lat' dir='ltr'>efferatur,</span> <span class='ocrx_word' id='word_1_42' title='bbox 749 1103 812 1166; x_wconf 94' lang='lat' dir='ltr'>hoc</span> <span class='ocrx_word' id='word_1_43' title='bbox 835 1108 900 1181; x_wconf 87' lang='lat' dir='ltr'>est,</span> <span class='ocrx_word' id='word_1_44' title='bbox 935 1102 1093 1180; x_wconf 82' lang='lat' dir='ltr'>intereat3</span> <span class='ocrx_word' id='word_1_45' title='bbox 1128 1100 1360 1182; x_wconf 82' lang='lat' dir='ltr'>sepeliatur</span> 
     </span>
    </p>

    <p class='ocr_par' dir='ltr' id='par_1_3' title="bbox 179 1201 1360 1621">
     <span class='ocr_line' id='line_1_7' title="bbox 179 1201 1360 1294; baseline -0.003 -19"><span class='ocrx_word' id='word_1_46' title='bbox 179 1201 386 1294; x_wconf 86' lang='lat' dir='ltr'>perspicue,</span> <span class='ocrx_word' id='word_1_47' title='bbox 410 1207 468 1273; x_wconf 91' lang='lat' dir='ltr'>sed</span> <span class='ocrx_word' id='word_1_48' title='bbox 489 1210 602 1292; x_wconf 90' lang='lat' dir='ltr'>inepte</span> <span class='ocrx_word' id='word_1_49' title='bbox 625 1209 835 1274; x_wconf 86' lang='lat' dir='ltr'>scriberetur.</span> <span class='ocrx_word' id='word_1_50' title='bbox 887 1210 961 1275; x_wconf 90' lang='lat' dir='ltr'>Una</span> <span class='ocrx_word' id='word_1_51' title='bbox 983 1209 1096 1273; x_wconf 86' lang='lat' dir='ltr'>littera</span> <span class='ocrx_word' id='word_1_52' title='bbox 1120 1228 1140 1272; x_wconf 89' lang='lat' dir='ltr'>a</span> <span class='ocrx_word' id='word_1_53' title='bbox 1163 1229 1240 1273; x_wconf 87' lang='lat' dir='ltr'>vero</span> <span class='ocrx_word' id='word_1_54' title='bbox 1263 1209 1360 1274; x_wconf 88' lang='lat' dir='ltr'>aber·</span> 
     </span>
     <span class='ocr_line' id='line_1_8' title="bbox 189 1315 1359 1401; baseline -0.001 -19"><span class='ocrx_word' id='word_1_55' title='bbox 189 1323 302 1384; x_wconf 87' lang='lat' dir='ltr'>ratur.</span> <span class='ocrx_word' id='word_1_56' title='bbox 353 1316 541 1401; x_wconf 86' lang='lat' dir='ltr'>Scripserat</span> <span class='ocrx_word' id='word_1_57' title='bbox 563 1318 649 1382; x_wconf 90' lang='lat' dir='ltr'>enim</span> <span class='ocrx_word' id='word_1_58' title='bbox 672 1318 801 1382; x_wconf 82' lang='lat' dir='ltr'>Livius:</span> <span class='ocrx_word' id='word_1_59' title='bbox 835 1340 881 1383; x_wconf 91' lang='lat' dir='ltr'>ne</span> <span class='ocrx_word' id='word_1_60' title='bbox 911 1319 1044 1383; x_wconf 89' lang='lat' dir='ltr'>libera</span> <span class='ocrx_word' id='word_1_61' title='bbox 1074 1315 1267 1378; x_wconf 74' lang='lat' dir='ltr'>sileretur</span> <span class='ocrx_word' id='word_1_62' title='bbox 1294 1337 1359 1381; x_wconf 93' lang='lat' dir='ltr'>res</span> 
     </span>
     <span class='ocr_line' id='line_1_9' title="bbox 188 1423 1360 1512; baseline -0.003 -20"><span class='ocrx_word' id='word_1_63' title='bbox 188 1425 382 1512; x_wconf 90' lang='lat' dir='ltr'>publica,</span> <span class='ocrx_word' id='word_1_64' title='bbox 415 1424 480 1490; x_wconf 92' lang='lat' dir='ltr'>hoc</span> <span class='ocrx_word' id='word_1_65' title='bbox 514 1433 574 1506; x_wconf 86' lang='lat' dir='ltr'>est,</span> <span class='ocrx_word' id='word_1_66' title='bbox 602 1426 636 1490; x_wconf 93' lang='lat' dir='ltr'>in</span> <span class='ocrx_word' id='word_1_67' title='bbox 665 1424 770 1491; x_wconf 87' lang='lat' dir='ltr'>feram</span> <span class='ocrx_word' id='word_1_68' title='bbox 799 1431 833 1491; x_wconf 90' lang='lat' dir='ltr'>et</span> <span class='ocrx_word' id='word_1_69' title='bbox 860 1428 1035 1490; x_wconf 87' lang='lat' dir='ltr'>immanem</span> <span class='ocrx_word' id='word_1_70' title='bbox 1064 1423 1297 1490; x_wconf 86' lang='lat' dir='ltr'>crudelitatem</span> <span class='ocrx_word' id='word_1_71' title='bbox 1325 1431 1360 1488; x_wconf 89' lang='lat' dir='ltr'>et</span> 
     </span>
     <span class='ocr_line' id='line_1_10' title="bbox 182 1532 1359 1621; baseline -0.003 -21"><span class='ocrx_word' id='word_1_72' title='bbox 182 1533 368 1600; x_wconf 86' lang='lat' dir='ltr'>licentiam</span> <span class='ocrx_word' id='word_1_73' title='bbox 390 1534 524 1598; x_wconf 90' lang='lat' dir='ltr'>incidat.</span> <span class='ocrx_word' id='word_1_74' title='bbox 570 1532 638 1616; x_wconf 90' lang='lat' dir='ltr'>[Sic</span> <span class='ocrx_word' id='word_1_75' title='bbox 661 1535 727 1598; x_wconf 93' lang='lat' dir='ltr'>iam</span> <span class='ocrx_word' id='word_1_76' title='bbox 749 1533 955 1621; x_wconf 84' lang='lat' dir='ltr'>Doeringius.</span> <span class='ocrx_word' id='word_1_77' title='bbox 995 1532 1083 1597; x_wconf 88' lang='lat' dir='ltr'>Nihil</span> <span class='ocrx_word' id='word_1_78' title='bbox 1106 1533 1237 1614; x_wconf 82' lang='lat' dir='ltr'>gravius</span> <span class='ocrx_word' id='word_1_79' title='bbox 1261 1552 1359 1613; x_wconf 85' lang='lat' dir='ltr'>quam</span> 
     </span>
    </p>

    <p class='ocr_par' dir='ltr' id='par_1_4' title="bbox 168 1640 1445 1939">
     <span class='ocr_line' id='line_1_11' title="bbox 177 1640 927 1727; baseline 0 -19"><span class='ocrx_word' id='word_1_80' title='bbox 177 1643 345 1708; x_wconf 79' lang='lat' dir='ltr'>universi</span> <span class='ocrx_word' id='word_1_81' title='bbox 367 1640 480 1725; x_wconf 92' lang='lat' dir='ltr'>populi</span> <span class='ocrx_word' id='word_1_82' title='bbox 502 1641 617 1706; x_wconf 84' lang='lat' dir='ltr'>feritas</span> <span class='ocrx_word' id='word_1_83' title='bbox 640 1642 749 1706; x_wconf 90' lang='lat' dir='ltr'>timeri</span> <span class='ocrx_word' id='word_1_84' title='bbox 772 1641 927 1727; x_wconf 88' lang='lat' dir='ltr'>poterat]</span> 
     </span>
     <span class='ocr_line' id='line_1_12' title="bbox 284 1747 1445 1834; baseline 0 -21"><span class='ocrx_word' id='word_1_85' title='bbox 284 1747 367 1833; x_wconf 89' lang='lat' dir='ltr'>Cap.</span> <span class='ocrx_word' id='word_1_86' title='bbox 390 1752 446 1826; x_wconf 76' lang='lat'>24,</span> <span class='ocrx_word' id='word_1_87' title='bbox 477 1752 495 1812; x_wconf 83' lang='lat'>6</span> <span class='ocrx_word' id='word_1_88' title='bbox 524 1770 596 1832; x_wconf 87' lang='lat' dir='ltr'>sqq.</span> <span class='ocrx_word' id='word_1_89' title='bbox 654 1749 793 1817; x_wconf 86' lang='lat' dir='ltr'>Sublata</span> <span class='ocrx_word' id='word_1_90' title='bbox 815 1749 980 1834; x_wconf 85' lang='lat' dir='ltr'>particula</span> <span class='ocrx_word' id='word_1_91' title='bbox 1003 1756 1056 1828; x_wconf 90' lang='lat' dir='ltr'>et,</span> <span class='ocrx_word' id='word_1_92' title='bbox 1085 1769 1158 1832; x_wconf 89' lang='lat' dir='ltr'>quse</span> <span class='ocrx_word' id='word_1_93' title='bbox 1180 1747 1353 1830; x_wconf 83' lang='lat' dir='ltr'>geminatis</span> <span class='ocrx_word' id='word_1_94' title='bbox 1373 1759 1445 1827; x_wconf 75' lang='lat'><strong>(277)</strong></span> 
     </span>
     <span class='ocr_line' id='line_1_13' title="bbox 168 1856 1358 1939; baseline -0.004 -15"><span class='ocrx_word' id='word_1_95' title='bbox 168 1857 356 1924; x_wconf 75' lang='lat' dir='ltr'>extremis</span> <span class='ocrx_word' id='word_1_96' title='bbox 382 1856 504 1921; x_wconf 89' lang='lat' dir='ltr'>litteris</span> <span class='ocrx_word' id='word_1_97' title='bbox 533 1856 624 1921; x_wconf 88' lang='lat' dir='ltr'>verbi</span> <span class='ocrx_word' id='word_1_98' title='bbox 653 1857 887 1924; x_wconf 87' lang='lat' dir='ltr'>edocuisset</span> <span class='ocrx_word' id='word_1_99' title='bbox 915 1865 988 1923; x_wconf 91' lang='lat' dir='ltr'>orta</span> <span class='ocrx_word' id='word_1_100' title='bbox 1017 1857 1201 1923; x_wconf 91' lang='lat' dir='ltr'>orationem</span> <span class='ocrx_word' id='word_1_101' title='bbox 1230 1862 1358 1939; x_wconf 87' lang='lat' dir='ltr'>pertur-</span> 
     </span>
    </p>

    <p class='ocr_par' dir='ltr' id='par_1_5' title="bbox 161 1957 1357 2050">
     <span class='ocr_line' id='line_1_14' title="bbox 161 1957 1357 2050; baseline -0.006 -16"><span class='ocrx_word' id='word_1_102' title='bbox 161 1962 251 2034; x_wconf 87' lang='lat' dir='ltr'>bat</span> <span class='ocrx_word' id='word_1_103' title='bbox 277 1966 334 2047; x_wconf 87' lang='lat' dir='ltr'>(ut</span> <span class='ocrx_word' id='word_1_104' title='bbox 349 1964 437 2045; x_wconf 88' lang='lat' dir='ltr'>XXI,</span> <span class='ocrx_word' id='word_1_105' title='bbox 449 1969 533 2042; x_wconf 84' lang='lat'>45,8</span> <span class='ocrx_word' id='word_1_106' title='bbox 555 1957 791 2031; x_wconf 79' lang='lat' dir='ltr'>mactasset</span> <span class='ocrx_word' id='word_1_107' title='bbox 806 1972 853 2045; x_wconf 87' lang='lat' dir='ltr'>et,</span> <span class='ocrx_word' id='word_1_108' title='bbox 877 1966 916 2030; x_wconf 92' lang='lat' dir='ltr'>de</span> <span class='ocrx_word' id='word_1_109' title='bbox 940 1987 1005 2050; x_wconf 92' lang='lat' dir='ltr'>quo</span> <span class='ocrx_word' id='word_1_110' title='bbox 1027 1965 1101 2030; x_wconf 93' lang='lat' dir='ltr'>loco</span> <span class='ocrx_word' id='word_1_111' title='bbox 1125 1964 1192 2028; x_wconf 86' lang='lat' dir='ltr'>dixi</span> <span class='ocrx_word' id='word_1_112' title='bbox 1215 1964 1258 2028; x_wconf 87' lang='lat' dir='ltr'>ad</span> <span class='ocrx_word' id='word_1_113' title='bbox 1271 1963 1357 2043; x_wconf 89' lang='lat' dir='ltr'>XXI,</span> 
     </span>
    </p>

    <p class='ocr_par' dir='ltr' id='par_1_6' title="bbox 159 2071 1359 2157">
     <span class='ocr_line' id='line_1_15' title="bbox 159 2071 1359 2157; baseline -0.005 -16"><span class='ocrx_word' id='word_1_114' title='bbox 159 2078 241 2153; x_wconf 73' lang='lat'>25,</span> <span class='ocrx_word' id='word_1_115' title='bbox 272 2071 320 2155; x_wconf 88' lang='lat'>9),</span> <span class='ocrx_word' id='word_1_116' title='bbox 344 2072 552 2137; x_wconf 89' lang='lat' dir='ltr'>scribendum</span> <span class='ocrx_word' id='word_1_117' title='bbox 577 2080 640 2138; x_wconf 87' lang='lat' dir='ltr'>est:</span> <span class='ocrx_word' id='word_1_118' title='bbox 668 2072 742 2149; x_wconf 86' lang='lat' dir='ltr'>Qui</span> <span class='ocrx_word' id='word_1_119' title='bbox 766 2073 892 2153; x_wconf 85' lang='lat' dir='ltr'>(index)</span> <span class='ocrx_word' id='word_1_120' title='bbox 917 2095 1034 2157; x_wconf 90' lang='lat' dir='ltr'>quum</span> <span class='ocrx_word' id='word_1_121' title='bbox 1059 2073 1202 2139; x_wconf 91' lang='lat' dir='ltr'>ordine</span> <span class='ocrx_word' id='word_1_122' title='bbox 1226 2072 1359 2137; x_wconf 91' lang='lat' dir='ltr'>omnia</span> 
     </span>
    </p>

    <p class='ocr_par' dir='ltr' id='par_1_7' title="bbox 153 2179 1358 2265">
     <span class='ocr_line' id='line_1_16' title="bbox 153 2179 1358 2265; baseline -0.004 -17"><span class='ocrx_word' id='word_1_123' title='bbox 153 2181 453 2248; x_wconf 74' lang='lat' dir='ltr'>edocuisset:</span> <span class='ocrx_word' id='word_1_124' title='bbox 494 2181 743 2265; x_wconf 89' lang='lat' dir='ltr'>principium</span> <span class='ocrx_word' id='word_1_125' title='bbox 783 2183 1088 2248; x_wconf 90' lang='lat' dir='ltr'>coniurationis</span> <span class='ocrx_word' id='word_1_126' title='bbox 1121 2181 1274 2245; x_wconf 86' lang='lat' dir='ltr'>factum</span> <span class='ocrx_word' id='word_1_127' title='bbox 1309 2179 1358 2245; x_wconf 94' lang='lat' dir='ltr'>ab</span> 
     </span>
    </p>

    <p class='ocr_par' dir='ltr' id='par_1_8' title="bbox 42 2287 1416 4312">
     <span class='ocr_line' id='line_1_17' title="bbox 148 2287 1358 2373; baseline -0.006 -15"><span class='ocrx_word' id='word_1_128' title='bbox 148 2287 430 2358; x_wconf 75' lang='lat' dir='ltr'>Harmonia</span> <span class='ocrx_word' id='word_1_129' title='bbox 463 2288 631 2354; x_wconf 87' lang='lat' dir='ltr'>Gelonis</span> <span class='ocrx_word' id='word_1_130' title='bbox 665 2288 768 2353; x_wconf 82' lang='lat' dir='ltr'>siliae</span> <span class='ocrx_word' id='word_1_131' title='bbox 801 2291 974 2373; x_wconf 88' lang='lat' dir='ltr'>nuptiis,</span> <span class='ocrx_word' id='word_1_132' title='bbox 1007 2315 1064 2369; x_wconf 82' lang='lat'>-3</span> <span class='ocrx_word' id='word_1_133' title='bbox 1099 2291 1175 2353; x_wconf 89' lang='lat' dir='ltr'>iam</span> <span class='ocrx_word' id='word_1_134' title='bbox 1208 2308 1358 2352; x_wconf 89' lang='lat' dir='ltr'>merce·</span> 
     </span>
     <span class='ocr_line' id='line_1_18' title="bbox 141 2395 1358 2483; baseline -0.007 -15"><span class='ocrx_word' id='word_1_135' title='bbox 141 2397 409 2467; x_wconf 82' lang='lat' dir='ltr'>uariorum</span> <span class='ocrx_word' id='word_1_136' title='bbox 431 2416 595 2474; x_wconf 88' lang='lat' dir='ltr'>manum,</span> <span class='ocrx_word' id='word_1_137' title='bbox 620 2396 837 2462; x_wconf 85' lang='lat' dir='ltr'>adsuetam</span> <span class='ocrx_word' id='word_1_138' title='bbox 861 2399 1045 2483; x_wconf 88' lang='lat' dir='ltr'>imperiis</span> <span class='ocrx_word' id='word_1_139' title='bbox 1064 2395 1358 2473; x_wconf 80' lang='lat' dir='ltr'>Andranodori‚</span> 
     </span>
     <span class='ocr_line' id='line_1_19' title="bbox 136 2504 1358 2592; baseline -0.004 -19"><span class='ocrx_word' id='word_1_140' title='bbox 136 2511 389 2592; x_wconf 82' lang='lat' dir='ltr'>paratam</span> <span class='ocrx_word' id='word_1_141' title='bbox 428 2504 559 2568; x_wconf 84' lang='lat' dir='ltr'>fuisse</span> <span class='ocrx_word' id='word_1_142' title='bbox 593 2504 642 2568; x_wconf 89' lang='lat' dir='ltr'>ad</span> <span class='ocrx_word' id='word_1_143' title='bbox 676 2505 856 2571; x_wconf 88' lang='lat' dir='ltr'>Insulam</span> <span class='ocrx_word' id='word_1_144' title='bbox 890 2528 1033 2572; x_wconf 90' lang='lat' dir='ltr'>rursus</span> <span class='ocrx_word' id='word_1_145' title='bbox 1067 2505 1358 2588; x_wconf 80' lang='lat' dir='ltr'>occupandam,</span> 
     </span>
     <span class='ocr_line' id='line_1_20' title="bbox 130 2610 1359 2698; baseline -0.005 -16"><span class='ocrx_word' id='word_1_146' title='bbox 130 2638 176 2681; x_wconf 72' lang='lat' dir='ltr'>s</span> <span class='ocrx_word' id='word_1_147' title='bbox 198 2610 367 2697; x_wconf 81' lang='lat' dir='ltr'>iugula</span> <span class='ocrx_word' id='word_1_148' title='bbox 399 2611 546 2678; x_wconf 89' lang='lat' dir='ltr'>deinde</span> <span class='ocrx_word' id='word_1_149' title='bbox 574 2649 618 2658; x_wconf 96' lang='lat'><em>-</em></span> <span class='ocrx_word' id='word_1_150' title='bbox 646 2620 740 2678; x_wconf 91' lang='lat' dir='ltr'>ante</span> <span class='ocrx_word' id='word_1_151' title='bbox 774 2614 918 2680; x_wconf 90' lang='lat' dir='ltr'>oculos</span> <span class='ocrx_word' id='word_1_152' title='bbox 954 2615 1103 2698; x_wconf 87' lang='lat' dir='ltr'>posuit.</span> <span class='ocrx_word' id='word_1_153' title='bbox 1149 2611 1359 2690; x_wconf 73' lang='lat' dir='ltr'>Anacolnthi</span> 
     </span>
     <span class='ocr_line' id='line_1_21' title="bbox 118 2720 1357 2809; baseline -0.005 -19"><span class='ocrx_word' id='word_1_154' title='bbox 118 2721 312 2809; x_wconf 82' lang='lat' dir='ltr'>qualia</span> <span class='ocrx_word' id='word_1_155' title='bbox 340 2740 418 2784; x_wconf 81' lang='lat' dir='ltr'>vera</span> <span class='ocrx_word' id='word_1_156' title='bbox 445 2741 518 2798; x_wconf 86' lang='lat' dir='ltr'>esse</span> <span class='ocrx_word' id='word_1_157' title='bbox 549 2722 672 2799; x_wconf 81' lang='lat' dir='ltr'>solent,</span> <span class='ocrx_word' id='word_1_158' title='bbox 706 2742 767 2786; x_wconf 87' lang='lat' dir='ltr'>nec</span> <span class='ocrx_word' id='word_1_159' title='bbox 795 2743 896 2787; x_wconf 91' lang='lat' dir='ltr'>causa</span> <span class='ocrx_word' id='word_1_160' title='bbox 923 2720 987 2786; x_wconf 90' lang='lat' dir='ltr'>fuit</span> <span class='ocrx_word' id='word_1_161' title='bbox 1014 2744 1074 2787; x_wconf 90' lang='lat' dir='ltr'>nec</span> <span class='ocrx_word' id='word_1_162' title='bbox 1097 2722 1273 2804; x_wconf 83' lang='lat' dir='ltr'>vestigium</span> <span class='ocrx_word' id='word_1_163' title='bbox 1298 2727 1357 2785; x_wconf 89' lang='lat' dir='ltr'>est.</span> 
     </span>
     <span class='ocr_line' id='line_1_22' title="bbox 109 2827 516 2918; baseline -0.015 -20"><span class='ocrx_word' id='word_1_164' title='bbox 109 2832 260 2918; x_wconf 83' lang='lat' dir='ltr'>[Sic</span> <span class='ocrx_word' id='word_1_165' title='bbox 288 2827 516 2912; x_wconf 67' lang='lat' dir='ltr'>Doeringius]</span> 
     </span>
     <span class='ocr_line' id='line_1_23' title="bbox 281 2934 1358 3020; baseline -0.003 -19"><span class='ocrx_word' id='word_1_166' title='bbox 281 2934 365 3020; x_wconf 78' lang='lat' dir='ltr'>(lap.</span> <span class='ocrx_word' id='word_1_167' title='bbox 388 2939 438 3016; x_wconf 80' lang='lat'>25,</span> <span class='ocrx_word' id='word_1_168' title='bbox 462 2941 497 3000; x_wconf 84' lang='lat'>8:</span> <span class='ocrx_word' id='word_1_169' title='bbox 525 2938 583 3001; x_wconf 88' lang='lat' dir='ltr'>Ea</span> <span class='ocrx_word' id='word_1_170' title='bbox 604 2944 755 3003; x_wconf 88' lang='lat' dir='ltr'>natura</span> <span class='ocrx_word' id='word_1_171' title='bbox 776 2937 1054 3003; x_wconf 91' lang='lat' dir='ltr'>multitudinis</span> <span class='ocrx_word' id='word_1_172' title='bbox 1078 2943 1155 3002; x_wconf 91' lang='lat' dir='ltr'>est:</span> <span class='ocrx_word' id='word_1_173' title='bbox 1187 2943 1257 3000; x_wconf 90' lang='lat' dir='ltr'>aut</span> <span class='ocrx_word' id='word_1_174' title='bbox 1280 2955 1358 2999; x_wconf 89' lang='lat' dir='ltr'>ser·</span> 
     </span>
     <span class='ocr_line' id='line_1_24' title="bbox 90 3043 1357 3129; baseline -0.005 -16"><span class='ocrx_word' id='word_1_175' title='bbox 90 3076 150 3118; x_wconf 81' lang='lat' dir='ltr'>v</span> <span class='ocrx_word' id='word_1_176' title='bbox 173 3051 248 3116; x_wconf 90' lang='lat' dir='ltr'>it</span> <span class='ocrx_word' id='word_1_177' title='bbox 279 3043 501 3109; x_wconf 90' lang='lat' dir='ltr'>humiliter</span> <span class='ocrx_word' id='word_1_178' title='bbox 529 3051 599 3110; x_wconf 91' lang='lat' dir='ltr'>aut</span> <span class='ocrx_word' id='word_1_179' title='bbox 622 3046 796 3129; x_wconf 87' lang='lat' dir='ltr'>superbe</span> <span class='ocrx_word' id='word_1_180' title='bbox 820 3047 1071 3124; x_wconf 65' lang='lat' dir='ltr'>dominatum</span> <span class='ocrx_word' id='word_1_181' title='bbox 1102 3044 1357 3120; x_wconf 89' lang='lat' dir='ltr'>libertatem,</span> 
     </span>
     <span class='ocr_line' id='line_1_25' title="bbox 70 3151 1359 3247; baseline -0.005 -26"><span class='ocrx_word' id='word_1_182' title='bbox 70 3186 150 3247; x_wconf 79' lang='lat' dir='ltr'>q</span> <span class='ocrx_word' id='word_1_183' title='bbox 187 3175 281 3221; x_wconf 80' lang='lat' dir='ltr'>11ae</span> <span class='ocrx_word' id='word_1_184' title='bbox 317 3153 453 3217; x_wconf 89' lang='lat' dir='ltr'>media</span> <span class='ocrx_word' id='word_1_185' title='bbox 487 3160 563 3233; x_wconf 90' lang='lat' dir='ltr'>est,</span> <span class='ocrx_word' id='word_1_186' title='bbox 603 3174 675 3217; x_wconf 89' lang='lat' dir='ltr'>nec</span> <span class='ocrx_word' id='word_1_187' title='bbox 709 3162 876 3238; x_wconf 89' lang='lat' dir='ltr'>stupere</span> <span class='ocrx_word' id='word_1_188' title='bbox 909 3154 1066 3218; x_wconf 90' lang='lat' dir='ltr'>modice</span> <span class='ocrx_word' id='word_1_189' title='bbox 1099 3173 1172 3216; x_wconf 88' lang='lat' dir='ltr'>nec</span> <span class='ocrx_word' id='word_1_190' title='bbox 1205 3151 1359 3215; x_wconf 89' lang='lat' dir='ltr'>habere</span> 
     </span>
     <span class='ocr_line' id='line_1_26' title="bbox 69 3260 1359 3334; baseline -0.006 -4"><span class='ocrx_word' id='word_1_191' title='bbox 69 3292 119 3334; x_wconf 84' lang='lat' dir='ltr'>s</span> <span class='ocrx_word' id='word_1_192' title='bbox 151 3263 347 3330; x_wconf 77' lang='lat' dir='ltr'>ciunt.</span> <span class='ocrx_word' id='word_1_193' title='bbox 409 3260 546 3326; x_wconf 83' lang='lat' dir='ltr'>Poterat</span> <span class='ocrx_word' id='word_1_194' title='bbox 584 3262 670 3326; x_wconf 91' lang='lat' dir='ltr'>inter</span> <span class='ocrx_word' id='word_1_195' title='bbox 705 3264 898 3328; x_wconf 88' lang='lat' dir='ltr'>servitutem</span> <span class='ocrx_word' id='word_1_196' title='bbox 931 3268 965 3327; x_wconf 93' lang='lat' dir='ltr'>et</span> <span class='ocrx_word' id='word_1_197' title='bbox 998 3261 1256 3326; x_wconf 89' lang='lat' dir='ltr'>dominationem</span> <span class='ocrx_word' id='word_1_198' title='bbox 1291 3278 1359 3323; x_wconf 86' lang='lat' dir='ltr'>una</span> 
     </span>
     <span class='ocr_line' id='line_1_27' title="bbox 56 3367 1357 3455; baseline -0.007 -16"><span class='ocrx_word' id='word_1_199' title='bbox 56 3377 88 3440; x_wconf 85' lang='lat' dir='ltr'>J</span> <span class='ocrx_word' id='word_1_200' title='bbox 100 3378 135 3441; x_wconf 86' lang='lat' dir='ltr'>i</span> <span class='ocrx_word' id='word_1_201' title='bbox 148 3374 347 3447; x_wconf 80' lang='lat' dir='ltr'>bertas,</span> <span class='ocrx_word' id='word_1_202' title='bbox 368 3368 401 3432; x_wconf 89' lang='lat' dir='ltr'>in</span> <span class='ocrx_word' id='word_1_203' title='bbox 424 3388 491 3450; x_wconf 89' lang='lat' dir='ltr'>qua</span> <span class='ocrx_word' id='word_1_204' title='bbox 512 3369 587 3452; x_wconf 88' lang='lat' dir='ltr'>ipsa</span> <span class='ocrx_word' id='word_1_205' title='bbox 609 3369 728 3434; x_wconf 88' lang='lat' dir='ltr'>modus</span> <span class='ocrx_word' id='word_1_206' title='bbox 752 3369 1102 3455; x_wconf 87' lang='lat' dir='ltr'>comprehenderetur,</span> <span class='ocrx_word' id='word_1_207' title='bbox 1131 3368 1240 3432; x_wconf 89' lang='lat' dir='ltr'>media</span> <span class='ocrx_word' id='word_1_208' title='bbox 1264 3367 1357 3451; x_wconf 82' lang='lat' dir='ltr'>poni3</span> 
     </span>
     <span class='ocr_line' id='line_1_28' title="bbox 53 3474 1358 3559; baseline -0.005 -14"><span class='ocrx_word' id='word_1_209' title='bbox 53 3496 286 3547; x_wconf 82' lang='lat' dir='ltr'>nunc</span> <span class='ocrx_word' id='word_1_210' title='bbox 316 3482 433 3559; x_wconf 86' lang='lat' dir='ltr'>aperte</span> <span class='ocrx_word' id='word_1_211' title='bbox 462 3474 613 3540; x_wconf 88' lang='lat' dir='ltr'>habere</span> <span class='ocrx_word' id='word_1_212' title='bbox 635 3478 790 3543; x_wconf 92' lang='lat' dir='ltr'>modice</span> <span class='ocrx_word' id='word_1_213' title='bbox 813 3478 925 3542; x_wconf 90' lang='lat' dir='ltr'>Livius</span> <span class='ocrx_word' id='word_1_214' title='bbox 948 3479 994 3541; x_wconf 87' lang='lat' dir='ltr'>sic</span> <span class='ocrx_word' id='word_1_215' title='bbox 1017 3476 1222 3543; x_wconf 86' lang='lat' dir='ltr'>contrarium</span> <span class='ocrx_word' id='word_1_216' title='bbox 1245 3474 1358 3559; x_wconf 91' lang='lat' dir='ltr'>posuit</span> 
     </span>
     <span class='ocr_line' id='line_1_29' title="bbox 44 3583 1357 3668; baseline -0.005 -15"><span class='ocrx_word' id='word_1_217' title='bbox 44 3583 351 3668; x_wconf 56' lang='lat' dir='ltr'>superbae</span> <span class='ocrx_word' id='word_1_218' title='bbox 374 3583 601 3658; x_wconf 88' lang='lat' dir='ltr'>dominationi,</span> <span class='ocrx_word' id='word_1_219' title='bbox 632 3586 688 3666; x_wconf 91' lang='lat' dir='ltr'>qui</span> <span class='ocrx_word' id='word_1_220' title='bbox 712 3586 837 3650; x_wconf 90' lang='lat' dir='ltr'>abusus</span> <span class='ocrx_word' id='word_1_221' title='bbox 860 3593 911 3649; x_wconf 87' lang='lat' dir='ltr'>est</span> <span class='ocrx_word' id='word_1_222' title='bbox 935 3586 1107 3663; x_wconf 89' lang='lat' dir='ltr'>libertatis,</span> <span class='ocrx_word' id='word_1_223' title='bbox 1130 3606 1228 3666; x_wconf 88' lang='lat' dir='ltr'>quam</span> <span class='ocrx_word' id='word_1_224' title='bbox 1251 3604 1357 3666; x_wconf 91' lang='lat' dir='ltr'>popu·</span> 
     </span>
     <span class='ocr_line' id='line_1_30' title="bbox 42 3690 1356 3777; baseline -0.003 -19"><span class='ocrx_word' id='word_1_225' title='bbox 42 3695 154 3758; x_wconf 87' lang='lat' dir='ltr'>lu</span> <span class='ocrx_word' id='word_1_226' title='bbox 170 3714 247 3756; x_wconf 82' lang='lat' dir='ltr'>s</span> <span class='ocrx_word' id='word_1_227' title='bbox 277 3690 394 3770; x_wconf 89' lang='lat' dir='ltr'>habet,</span> <span class='ocrx_word' id='word_1_228' title='bbox 428 3699 465 3756; x_wconf 91' lang='lat' dir='ltr'>ut</span> <span class='ocrx_word' id='word_1_229' title='bbox 499 3691 641 3757; x_wconf 84' lang='lat' dir='ltr'>alterum</span> <span class='ocrx_word' id='word_1_230' title='bbox 675 3693 810 3757; x_wconf 89' lang='lat' dir='ltr'>verbum</span> <span class='ocrx_word' id='word_1_231' title='bbox 839 3692 913 3776; x_wconf 88' lang='lat' dir='ltr'>(pro</span> <span class='ocrx_word' id='word_1_232' title='bbox 943 3713 1007 3777; x_wconf 93' lang='lat' dir='ltr'>quo</span> <span class='ocrx_word' id='word_1_233' title='bbox 1038 3700 1203 3777; x_wconf 89' lang='lat' dir='ltr'>stupere</span> <span class='ocrx_word' id='word_1_234' title='bbox 1231 3693 1265 3756; x_wconf 90' lang='lat' dir='ltr'>in</span> <span class='ocrx_word' id='word_1_235' title='bbox 1295 3690 1356 3754; x_wconf 89' lang='lat' dir='ltr'>PM</span> 
     </span>
     <span class='ocr_line' id='line_1_31' title="bbox 44 3798 1358 3880; baseline 0 -20"><span class='ocrx_word' id='word_1_236' title='bbox 44 3798 292 3861; x_wconf 73' lang='lat' dir='ltr'>Cant.</span> <span class='ocrx_word' id='word_1_237' title='bbox 326 3798 496 3880; x_wconf 89' lang='lat' dir='ltr'>scribitur)</span> <span class='ocrx_word' id='word_1_238' title='bbox 538 3799 577 3864; x_wconf 92' lang='lat' dir='ltr'>de</span> <span class='ocrx_word' id='word_1_239' title='bbox 617 3799 758 3865; x_wconf 88' lang='lat' dir='ltr'>carendo</span> <span class='ocrx_word' id='word_1_240' title='bbox 797 3800 924 3865; x_wconf 90' lang='lat' dir='ltr'>modice</span> <span class='ocrx_word' id='word_1_241' title='bbox 963 3802 1117 3866; x_wconf 87' lang='lat' dir='ltr'>libertate</span> <span class='ocrx_word' id='word_1_242' title='bbox 1153 3798 1358 3864; x_wconf 89' lang='lat' dir='ltr'>contrarium</span> 
     </span>
     <span class='ocr_line' id='line_1_32' title="bbox 48 3896 1358 3989; baseline 0.003 -25"><span class='ocrx_word' id='word_1_243' title='bbox 48 3923 157 3966; x_wconf 78' lang='lat' dir='ltr'>re</span> <span class='ocrx_word' id='word_1_244' title='bbox 166 3896 315 3970; x_wconf 65' lang='lat' dir='ltr'>ferri</span> <span class='ocrx_word' id='word_1_245' title='bbox 343 3905 464 3971; x_wconf 89' lang='lat' dir='ltr'>debeat</span> <span class='ocrx_word' id='word_1_246' title='bbox 492 3906 606 3971; x_wconf 91' lang='lat' dir='ltr'>humili</span> <span class='ocrx_word' id='word_1_247' title='bbox 635 3914 669 3972; x_wconf 89' lang='lat' dir='ltr'>et</span> <span class='ocrx_word' id='word_1_248' title='bbox 697 3909 834 3974; x_wconf 85' lang='lat' dir='ltr'>abiectae</span> <span class='ocrx_word' id='word_1_249' title='bbox 857 3910 1017 3974; x_wconf 79' lang='lat' dir='ltr'>servituti.</span> <span class='ocrx_word' id='word_1_250' title='bbox 1073 3909 1195 3973; x_wconf 91' lang='lat' dir='ltr'>Verum</span> <span class='ocrx_word' id='word_1_251' title='bbox 1219 3906 1358 3989; x_wconf 87' lang='lat' dir='ltr'>sperni</span> 
     </span>
     <span class='ocr_line' id='line_1_33' title="bbox 50 4004 1416 4100; baseline 0.007 -33"><span class='ocrx_word' id='word_1_252' title='bbox 50 4004 336 4078; x_wconf 67' lang='lat' dir='ltr'>libertas</span> <span class='ocrx_word' id='word_1_253' title='bbox 370 4035 541 4098; x_wconf 91' lang='lat' dir='ltr'>uunquam</span> <span class='ocrx_word' id='word_1_254' title='bbox 575 4015 688 4095; x_wconf 88' lang='lat' dir='ltr'>debet,</span> <span class='ocrx_word' id='word_1_255' title='bbox 721 4037 797 4096; x_wconf 88' lang='lat' dir='ltr'>nec,</span> <span class='ocrx_word' id='word_1_256' title='bbox 832 4018 889 4100; x_wconf 92' lang='lat' dir='ltr'>qui</span> <span class='ocrx_word' id='word_1_257' title='bbox 917 4039 982 4083; x_wconf 91' lang='lat' dir='ltr'>non</span> <span class='ocrx_word' id='word_1_258' title='bbox 1009 4016 1149 4093; x_wconf 89' lang='lat' dir='ltr'>habent,</span> <span class='ocrx_word' id='word_1_259' title='bbox 1184 4020 1357 4097; x_wconf 88' lang='lat' dir='ltr'>spernunt.</span> <span class='ocrx_word' id='word_1_260' title='bbox 1410 4080 1416 4091; x_wconf 63' lang='grc'>,</span> 
     </span>
     <span class='ocr_line' id='line_1_34' title="bbox 62 4108 1358 4208; baseline 0.002 -26"><span class='ocrx_word' id='word_1_261' title='bbox 62 4108 313 4185; x_wconf 78' lang='lat' dir='ltr'>Potuit</span> <span class='ocrx_word' id='word_1_262' title='bbox 340 4121 442 4186; x_wconf 87' lang='lat' dir='ltr'>scribi</span> <span class='ocrx_word' id='word_1_263' title='bbox 470 4122 618 4206; x_wconf 86' lang='lat' dir='ltr'>proxime</span> <span class='ocrx_word' id='word_1_264' title='bbox 647 4123 690 4187; x_wconf 85' lang='lat' dir='ltr'>ad</span> <span class='ocrx_word' id='word_1_265' title='bbox 720 4124 845 4189; x_wconf 92' lang='lat' dir='ltr'>codicis</span> <span class='ocrx_word' id='word_1_266' title='bbox 867 4125 1020 4208; x_wconf 81' lang='lat' dir='ltr'>vestigia:</span> <span class='ocrx_word' id='word_1_267' title='bbox 1050 4123 1292 4188; x_wconf 88' lang='lat' dir='ltr'>libertatem</span> <span class='ocrx_word' id='word_1_268' title='bbox 1314 4155 1358 4164; x_wconf 91' lang='lat'>—</span> 
     </span>
     <span class='ocr_line' id='line_1_35' title="bbox 70 4229 1360 4312; baseline 0 -21"><span class='ocrx_word' id='word_1_269' title='bbox 70 4232 204 4280; x_wconf 68' lang='lat' dir='ltr'>sse</span> <span class='ocrx_word' id='word_1_270' title='bbox 231 4248 273 4291; x_wconf 70' lang='lat' dir='ltr'>c</span> <span class='ocrx_word' id='word_1_271' title='bbox 299 4250 449 4295; x_wconf 84' lang='lat' dir='ltr'>exuere</span> <span class='ocrx_word' id='word_1_272' title='bbox 476 4230 633 4296; x_wconf 91' lang='lat' dir='ltr'>modice</span> <span class='ocrx_word' id='word_1_273' title='bbox 662 4252 736 4295; x_wconf 92' lang='lat' dir='ltr'>uec</span> <span class='ocrx_word' id='word_1_274' title='bbox 763 4231 915 4298; x_wconf 90' lang='lat' dir='ltr'>habere</span> <span class='ocrx_word' id='word_1_275' title='bbox 940 4233 1083 4298; x_wconf 88' lang='lat' dir='ltr'>sciunt.</span> <span class='ocrx_word' id='word_1_276' title='bbox 1140 4231 1247 4308; x_wconf 85' lang='lat' dir='ltr'>Quum</span> <span class='ocrx_word' id='word_1_277' title='bbox 1272 4229 1360 4312; x_wconf 84' lang='lat' dir='ltr'>cogit</span> 
     </span>
    </p>
   </div>
   <div class='ocr_carea' id='block_1_3' title="bbox 81 4336 1359 4516">
    <p class='ocr_par' dir='ltr' id='par_1_9' title="bbox 81 4336 1359 4516">
     <span class='ocr_line' id='line_1_36' title="bbox 81 4336 1359 4424; baseline -0.002 -22"><span class='ocrx_word' id='word_1_278' title='bbox 81 4336 227 4389; x_wconf 62' lang='lat'>528</span> <span class='ocrx_word' id='word_1_279' title='bbox 284 4337 472 4403; x_wconf 90' lang='lat' dir='ltr'>libertatem</span> <span class='ocrx_word' id='word_1_280' title='bbox 506 4338 549 4403; x_wconf 87' lang='lat' dir='ltr'>ad</span> <span class='ocrx_word' id='word_1_281' title='bbox 583 4347 714 4424; x_wconf 90' lang='lat' dir='ltr'>tempus</span> <span class='ocrx_word' id='word_1_282' title='bbox 749 4361 884 4421; x_wconf 86' lang='lat' dir='ltr'>exuere,</span> <span class='ocrx_word' id='word_1_283' title='bbox 917 4343 949 4405; x_wconf 95' lang='lat' dir='ltr'>in</span> <span class='ocrx_word' id='word_1_284' title='bbox 983 4341 1176 4405; x_wconf 82' lang='lat' dir='ltr'>servitutem</span> <span class='ocrx_word' id='word_1_285' title='bbox 1211 4337 1359 4403; x_wconf 85' lang='lat' dir='ltr'>homines</span> 
     </span>
     <span class='ocr_line' id='line_1_37' title="bbox 103 4440 1127 4516; baseline 0.01 -10"><span class='ocrx_word' id='word_1_286' title='bbox 103 4440 314 4510; x_wconf 74' lang='lat' dir='ltr'>tuunt.</span> <span class='ocrx_word' id='word_1_287' title='bbox 1079 4464 1127 4516; x_wconf 76' lang='lat' dir='ltr'>aa*</span> 
     </span>
    </p>
   </div>
   <div class='ocr_carea' id='block_1_4' title="bbox 0 0 1505 5108">
    <p class='ocr_par' dir='ltr' id='par_1_10' title="bbox 0 0 1505 5108">
     <span class='ocr_line' id='line_1_38' title="bbox 0 0 1505 5108; baseline 0 0"><span class='ocrx_word' id='word_1_288' title='bbox 0 0 1505 5108; x_wconf 95' lang='lat' dir='ltr'> </span> 
     </span>
    </p>
   </div>
  </div>
 </body>
</html>
