2994 5108
222 454 285 510 Lib.
303 454 376 508 XXI.
768 444 829 504 272

222 626 405 711 Hispania,
434 627 468 691 in
496 626 616 710 quibus
644 627 791 693 nondum
814 628 988 712 quisquam
1011 627 1234 693 Romanorum
1252 625 1377 712 ¹pedem

222 742 395 819 posuerat,
429 756 450 800 a
478 734 592 799 Sicilia
625 742 659 799 et
686 734 838 800 Sardinia
871 736 1026 801 seiuncta
1056 756 1131 800 oum
1158 734 1271 800 Africa
1299 755 1377 802 con·

221 844 400 925 iungantur
421 849 455 907 et
477 843 520 907 ad
542 843 630 907 idem
651 842 788 908 verbnm
810 841 1104 925 (transcendes)
1122 842 1320 925 referantur,
1344 850 1378 909 et

221 952 269 1017 ita
297 973 318 1016 a
344 950 436 1016 Livio
471 951 654 1016 orationem
689 952 904 1034 compositam
942 949 1044 1016 fuisse
1084 951 1244 1032 ostendit,
1285 953 1377 1038 qnod

222 1060 371 1142 sequitur
394 1060 434 1123 de
457 1066 597 1143 utroque
620 1056 775 1139 consule,
803 1059 909 1124 altero
931 1059 965 1124 in
987 1059 1178 1144 Hispanias,
1212 1060 1320 1126 altero
1343 1063 1378 1127 in

222 1167 367 1232 Africam
399 1168 516 1247 misso,
550 1167 613 1232 hoc
641 1174 706 1247 est,
741 1167 781 1232 de
815 1174 1011 1231 transcensu
1044 1168 1111 1232 iam
1137 1169 1169 1232 in
1198 1175 1377 1254 utramque

222 1282 345 1340 terram
367 1275 464 1340 facto.
494 1275 611 1359 ltaque
634 1281 782 1340 retracta
803 1276 1038 1359 praepositione
1060 1276 1109 1355 in,
1131 1298 1214 1361 quae,
1235 1283 1274 1342 nt
1296 1277 1377 1343 alibi

222 1405 308 1466 saepe
337 1383 414 1463 (rid.
439 1383 480 1448 ad
509 1383 570 1462 lx,
605 1389 656 1461 41,
692 1381 735 1464 8),
764 1382 963 1465 praecedenti
986 1382 1100 1448 littera
1122 1404 1150 1446 ι
1171 1383 1294 1451 hausta
1316 1391 1377 1464 est,

222 1492 321 1556 scribi
345 1491 458 1556 debet:
489 1491 622 1566 Etiam
645 1492 683 1555 in
707 1489 931 1574 Hispanias
954 1496 1003 1569 et,
1028 1492 1061 1556 si
1083 1492 1177 1557 inde
1200 1513 1377 1572 cessero,

221 1601 260 1663 in
282 1599 461 1664 Africam
489 1599 779 1664 transcendes?
813 1598 896 1662 Nam
925 1599 959 1662 in
987 1597 1050 1664 hac
1078 1600 1238 1665 orationis
1260 1599 1378 1678 forma,

221 1708 376 1789 quoniam
409 1708 525 1772 medi'ae
560 1713 647 1772 certe
681 1705 852 1771 sententia
885 1705 944 1771 illa
977 1727 1037 1791 pro
1061 1708 1254 1772 condicione
1277 1707 1379 1773 adfir-

221 1817 324 1881 matio
352 1815 431 1880 fiota
457 1816 559 1880 inseri
585 1836 650 1878 non
679 1835 774 1897 posse
801 1813 946 1893 videtur,
980 1817 1167 1881 necessario
1197 1815 1298 1880 simul
1320 1815 1379 1881 ad·

222 1923 365 1989 dendum
389 1925 423 1988 si
446 1923 575 2007 puto.¹)
621 1921 746 1987 Deinde
770 1928 880 1986 autem
901 1923 1175 2005 interrogationis
1199 1924 1379 1989 correctio·

221 2053 297 2096 nem
325 2032 502 2096 indicantis
531 2030 639 2096 iorma
666 2031 749 2095 scite
771 2030 1001 2095 animadversa
1023 2051 1044 2094 a
1066 2029 1231 2097 Gronovio
1256 2030 1380 2110 (trau-

223 2140 395 2204 scendes
420 2145 551 2204 autem
575 2135 701 2218 dicei)
725 2137 825 2202 habet
847 2144 967 2217 tamen,
996 2138 1030 2201 iu
1053 2158 1117 2220 quo
1139 2139 1211 2203 iure
1233 2137 1380 2220 haereas3

221 2269 298 2312 nam
325 2254 385 2312 aut
412 2246 680 2312 transcendes
704 2246 859 2311 autem?
893 2252 951 2310 aut
972 2245 1240 2311 transcendes
1264 2244 1380 2312 dico?

223 2355 396 2420 dicendum
418 2356 548 2420 videtur
568 2354 686 2433 fuisse3
709 2354 766 2418 ubi
790 2359 965 2435 utrumque
988 2354 1206 2435 coniungatur
1228 2351 1381 2435 (autem

223 2462 362 2543 dicct),
385 2463 520 2542 frustra,
545 2464 670 2546 opinor,
693 2483 831 2546 quaeras
877 2461 989 2543 (Locis
1012 2463 1156 2546 quinque
1179 2461 1220 2526 de
1244 2469 1380 2528 autem

223 2573 270 2635 sic
299 2572 409 2654 posito
439 2571 481 2635 ab
509 2571 640 2635 Handio
663 2569 759 2634 Turs.
783 2569 798 2632 I
821 2592 851 2653 p.
876 2574 938 2634 576
966 2570 1118 2634 excitatis
1147 2590 1188 2634 ex
1209 2558 1380 2635 Ciceronis

218 2680 317 2762 epist.
342 2678 384 2743 ad
406 2679 506 2743 Attio.
526 2679 562 2758 V,
589 2683 637 2755 13,
663 2683 691 2756 3,
715 2678 768 2756 VI,
792 2681 820 2757 2,
850 2682 880 2757 8,
903 2677 973 2757 VH,
1001 2683 1027 2756 l,
1051 2683 1080 2756 4,
1104 2684 1187 2741 orat.
1207 2699 1269 2761 pro
1293 2677 1378 2743 Rab.

221 2787 311 2853 Post.
335 2791 369 2865 5,
401 2792 455 2866 10,
484 2786 581 2851 Plinii
611 2786 731 2868 Paneg.
757 2790 797 2849 528
827 2785 905 2850 addi
933 2792 1075 2869 possunt
1098 2782 1267 2850 Ciceronis
1301 2784 1377 2864 duo,

221 2918 271 2979 ep.
296 2895 338 2959 ad
367 2895 457 2959 Fam.
481 2895 511 2973 Ι,
542 2900 571 2972 9,
604 2899 643 2958 10
666 2901 699 2959 et
722 2895 755 2958 in
779 2894 888 2958 Pison.
912 2893 1026 2974 fragm.
1051 2896 1069 2956 2
1093 2914 1133 2957 ex
1156 2892 1252 2957 initio
1276 2895 1378 2958 orati-

221 3005 306 3069 onis:
328 3004 556 3086 -ingeniil
575 3003 728 3083 ingenii
746 3002 902 3066 antemi
921 3003 997 3066 imo
1016 2999 1185 3083 ingenui
1202 3000 1378 3066 hominis

221 3134 264 3176 ac
286 3112 417 3191 liberi,
441 3118 475 3176 et
497 3109 644 3175 nonnihil
668 3108 824 3174 inflexum
847 3109 992 3174 Terentii
1015 3129 1056 3172 ex
1077 3107 1195 3191 Hecyr.
1220 3107 1246 3186 l,
1271 3113 1302 3190 2,
1327 3113 1378 3187 25,

221 3220 292 3299 ubi,
326 3227 506 3303 postquam
528 3219 668 3283 Philotis
692 3218 788 3282 dixit:
823 3238 986 3282 uxorem
1008 3215 1176 3295 habere,
1211 3215 1377 3283 Parmeno

220 3328 388 3409 corrigens
428 3326 575 3391 subiicit:
621 3326 771 3390 habere
811 3325 968 3389 autem?
1013 3324 1074 3389 hoc
1113 3330 1179 3389 est:
1220 3322 1378 3391 habere

220 3433 359 3514 dicist)
382 3434 489 3517 Auget
512 3434 740 3517 suspicionem,
765 3432 852 3516 quod
874 3433 909 3496 in
931 3431 1103 3497 codicibus
1127 3430 1219 3511 (Pet
1241 3432 1378 3514 ceteris)

135 3557 204 3626 (222)
225 3542 396 3606 scribitur:
440 3541 751 3607 transcendisse
792 3546 922 3604 autem
956 3540 1055 3604 dico.
1112 3539 1218 3605 Valde
1250 3562 1378 3620 vereor,

207 3646 269 3729 ne,
301 3672 400 3733 quum
422 3655 474 3714 ter
497 3649 529 3714 id
553 3648 689 3714 verbum
713 3649 823 3712 Livius
845 3649 1021 3730 posuisset,
1045 3648 1097 3713 bis
1120 3647 1238 3712 eadem
1260 3646 1377 3729 forma,

219 3758 325 3823 altero
354 3758 428 3824 loco
458 3758 628 3823 exciderit.
686 3755 739 3820 Sic
773 3756 859 3821 enim
887 3755 998 3820 Livius
1027 3756 1201 3840 scripsisse
1229 3755 1376 3822 videtur:

218 3865 348 3930 Etiam
372 3867 413 3930 in
436 3865 661 3949 Hispanias
685 3871 734 3943 et,
759 3864 791 3928 si
812 3863 905 3928 inde
929 3884 1103 3943 cessero,
1133 3864 1172 3927 in
1194 3861 1378 3930 Africam

219 3974 509 4038 transcendes?
543 3966 826 4038 Transcendes
857 3971 1013 4036 autem?
1047 3971 1377 4038 Transcendisse

248 4225 271 4294 ¹)
290 4225 380 4281 Video
399 4245 483 4294 nunc,
501 4228 585 4280 etiam
603 4225 862 4293 Frondenbergium
881 4225 910 4278 in
929 4225 1071 4279 annalium
1090 4225 1189 4294 philol
1208 4226 1266 4282 sol.
1285 4223 1378 4282 Lm

286 4329 313 4380 p.
332 4313 383 4365 726
402 4329 461 4381 sqq.
480 4312 516 4365 in
534 4311 721 4381 Hispanias
740 4310 920 4364 scribendum
939 4327 999 4365 esse
1018 4310 1200 4365 intellexisse.
