3000 5116
686 490 747 552 165
1164 505 1228 560 Lib.
1246 505 1293 561 vl

136 676 197 742 tali
230 662 376 742 transitu
397 675 453 739 rad
485 675 592 741 mains
626 682 660 740 et
691 696 752 759 per
781 697 816 741 se
844 676 938 741 nulla
966 683 1030 757 est3
1065 678 1180 760 quidni
1208 679 1295 743 enirn

136 784 238 850 liceat
266 785 496 869 copiosissime
526 784 566 849 de
594 807 630 850 re
658 784 702 850 ad
723 784 873 850 homines
896 785 1076 869 pertinenti
1099 785 1229 851 dicere?
1251 786 1295 851 Et

138 894 221 959 dixit
251 894 334 959 satis
357 893 463 959 multa
484 894 621 977 Appius.
676 893 765 978 Apta
798 894 861 958 erit
895 893 1057 959 orationis
1090 892 1196 959 forma
1228 916 1295 959 una

136 1003 250 1068 littera
273 1007 418 1067 mutata:
452 1002 508 1067 De
541 1000 800 1085 indignitate
829 1002 931 1066 satis
961 1000 1111 1066 dictum
1139 1010 1210 1068 est.
1255 1003 1295 1065 lt

138 1111 239 1176 enim
273 1110 454 1194 dignitas
488 1109 536 1175 ad
567 1109 753 1175 homines
786 1111 969 1194 pertinet
997 1109 1050 1192 (ut
1078 1131 1117 1174 ea
1143 1108 1289 1176 fortasse
1308 1127 1379 1199 (138)

139 1219 266 1304 neglegi
298 1240 398 1303 posse
424 1219 567 1303 cuipiam
588 1217 770 1300 rideatur);
804 1217 904 1300 quid
937 1218 984 1283 de⁴
1016 1217 1293 1301 religionibus
1393 1239 1395 1243 ⁴

137 1363 180 1373 -
200 1328 373 1413 loquar?
406 1327 519 1411 Fingit
547 1348 567 1392 a
595 1328 763 1392 contraria
790 1332 886 1410 parte
916 1327 1052 1405 elevari,
1086 1347 1158 1409 quae
1181 1326 1222 1392 de
1244 1328 1294 1391 in·

140 1436 302 1521 dignitate
332 1436 466 1517 dixerit3
499 1437 613 1520 itaque
647 1434 690 1500 ad
724 1435 759 1499 id
786 1436 924 1514 transit,
959 1434 1048 1518 quod
1081 1435 1206 1500 elevari
1238 1457 1294 1528 ne-

140 1552 251 1630 queat.
307 1544 433 1611 Eodem
468 1542 537 1609 fere
570 1544 669 1609 modo
704 1565 730 1608 c.
753 1549 810 1624 40,
847 1548 884 1608 15
914 1543 1011 1608 dixit:
1046 1544 1098 1609 At
1130 1544 1293 1610 hercule

141 1673 270 1719 sermo
309 1658 370 1717 est
402 1653 565 1717 minime
599 1652 752 1732 cirilis3
792 1651 912 1736 quid?
951 1653 1116 1735 rogatio
1157 1652 1293 1735 qualis

140 1768 212 1842 est,
229 1762 305 1842 —?,
328 1761 392 1825 nisi
414 1759 568 1846 quodibi
586 1761 693 1825 minus
716 1760 852 1825 concedi
874 1759 1019 1842 fingitur,
1044 1760 1152 1825 sedin
1171 1783 1210 1826 eo
1228 1760 1294 1825 for·

139 1876 227 1935 tasse
261 1891 329 1934 non
363 1870 445 1934 satis
479 1890 550 1934 esse
583 1869 758 1948 momenti;
792 1869 907 1953 itaque
938 1868 978 1933 de
1006 1869 1131 1934 maiore
1154 1869 1294 1934 interro-

140 1984 246 2061 gatur.
291 1977 394 2042 Paulo
417 1984 496 2061 post
518 1975 549 2060 (ἕ
572 1976 616 2060 8),
640 1977 698 2042 ubi
721 1977 767 2041 sic
789 1977 961 2041 scribitur:
997 1976 1169 2042 eludant
1190 1997 1295 2042 nunc

140 2086 239 2152 licet
266 2085 509 2168 religionem
544 2085 642 2169 quid
672 2086 776 2149 enim
805 2091 882 2165 est,
917 2086 951 2150 si
984 2084 1092 2169 pulli
1120 2107 1196 2150 non
1224 2107 1294 2169 pa-

142 2201 319 2273 scentur,
354 2195 389 2260 si
422 2215 467 2258 ex
500 2215 622 2258 cavea
650 2193 814 2258 tardius
843 2193 1039 2282 exierint,
1075 2194 1108 2258 si
1137 2194 1294 2259 occeci-

141 2304 250 2368 nerit
279 2302 387 2368 aris?
420 2300 575 2366 mendum
604 2301 734 2382 subest,
769 2301 858 2386 quod
886 2303 1041 2384 quoniam
1062 2324 1169 2387 neque
1193 2324 1233 2367 ex
1255 2324 1294 2367 eo

142 2419 189 2477 est
211 2432 346 2493 genere,
380 2431 519 2494 quorum
547 2409 786 2476 demonstratio
809 2411 1020 2476 vehementer
1042 2412 1187 2476 animum
1208 2409 1293 2490 ferit,

141 2527 173 2584 et
200 2519 284 2585 duas
313 2540 409 2584 voces
436 2520 567 2584 videtur
590 2520 768 2601 attingere,
801 2541 893 2602 paene
916 2520 1036 2585 invitus
1059 2540 1295 2599 commem0r03

141 2628 197 2693 sed
221 2628 323 2694 statui
345 2627 448 2693 libere
471 2626 583 2692 dicere
607 2648 713 2711 neque
737 2628 915 2711 quicquam
938 2649 1097 2712 premere.
1141 2627 1187 2693 Ut
1210 2628 1295 2692 enim

140 2736 289 2800 omittam
317 2736 424 2820 ipsam
452 2743 552 2801 rectae
580 2736 849 2818 interrogationis
879 2758 919 2800 ex
942 2737 1046 2820 ipsius
1070 2735 1198 2801 Claudii
1220 2758 1295 2820 per·

140 2866 219 2910 sona
240 2843 380 2909 formam
400 2845 435 2909 in
457 2844 671 2928 exprimenda
694 2843 833 2908 aliorum
856 2844 1063 2911 cavillatione
1087 2845 1154 2926 (cui
1177 2844 1295 2909 deinde

140 2952 209 3037 ipse
238 2953 434 3037 respondet:
468 2953 599 3018 Parva
633 2960 727 3018 sunt
755 2953 834 3017 haec
863 2951 941 3033 cet.)
969 2954 1102 3017 minime
1131 2959 1207 3036 apte
1234 2976 1294 3036 po-

143 3062 253 3141 sitam,
286 3061 412 3126 nullam
447 3062 579 3126 omnino
615 3062 806 3144 excogitare
835 3080 970 3143 possum
998 3061 1160 3125 rationem
1187 3082 1294 3144 neque

141 3169 297 3252 simplicis
336 3170 441 3235 futuri
474 3168 723 3253 (pascentur)
757 3190 863 3253 neque
898 3170 1005 3233 exacti
1034 3169 1231 3250 (exierint
1251 3204 1295 3213 —

141 3277 415 3360 occecinerit).
466 3278 580 3361 Neque
610 3279 696 3342 enim
724 3277 787 3356 illi,
817 3298 901 3362 quos
930 3275 1089 3342 Claudius
1118 3277 1295 3360 religiones

140 3383 273 3449 eludere
295 3384 406 3469 fingit,
439 3386 503 3451 hoc
525 3386 695 3465 dicebant,
729 3386 811 3450 nihil
840 3406 912 3450 esse
935 3386 1013 3450 mali
1041 3385 1098 3468 (—
1122 3386 1297 3470 oportebat
1420 3402 1423 3410 ·

140 3501 250 3558 autem
283 3493 372 3558 fore
402 3495 480 3574 dici,
515 3495 578 3560 hoc
600 3503 666 3573 est,
702 3494 780 3558 erit
801 3494 874 3576 -),
910 3495 938 3559 si
966 3494 1107 3577 posthac
1130 3515 1207 3560 aves
1230 3515 1296 3559 non

138 3608 352 3683 pascerentur
389 3602 556 3668 tardiusve
596 3605 725 3668 exirent
763 3604 871 3667 arisae
904 3603 1103 3668 occinuisset
1142 3602 1228 3685 (quae
1263 3610 1296 3666 et

135 3709 227 3803 'lacta
249 3717 349 3775 antea
371 3732 458 3795 soepe
481 3718 577 3777 erant
597 3734 705 3796 neque
727 3711 934 3795 frequentius
956 3711 1097 3795 posthac
1119 3710 1231 3775 futura
1247 3711 1296 3775 illi

138 3817 331 3901 putabant),
365 3818 423 3883 sed
455 3819 537 3884 nihil
571 3821 703 3886 omnino
738 3821 771 3884 in
805 3819 856 3884 his
890 3819 990 3884 rebus
1025 3841 1097 3884 esse
1131 3819 1295 3897 momenti,

137 3927 265 3991 nnllam
288 3925 562 4008 significationem
584 3928 731 4011 dignam,
766 3950 865 4012 quam
894 3928 968 4012 quis
997 3934 1138 3992 curaret.
1193 3926 1296 4009 Atqui

137 4033 200 4099 hoc
233 4035 282 4100 sic
318 4034 491 4100 dicendum
525 4043 597 4100 erat
623 4044 716 4101 recta
743 4037 1017 4120 interrogatione:
1053 4034 1156 4112 Quid
1190 4034 1296 4100 enim

137 4149 212 4223 est,
241 4144 276 4207 si
304 4142 410 4226 pulli
434 4143 643 4228 (aliquando)
666 4165 741 4209 non
769 4151 1012 4228 pascuntur,
1043 4144 1076 4209 si
1106 4164 1151 4207 ex
1174 4162 1296 4206 cavea

136 4251 299 4317 tardius
338 4253 553 4317 exierunt?
592 4251 674 4317 Mihi
713 4253 844 4337 quidem
883 4254 995 4318 Livius
1037 4253 1085 4316 sic
1123 4250 1295 4334 scripsisse
