2994 5108
688 465 729 528 20

133 653 245 720 codice
273 652 420 718 Mediceo
449 650 619 735 (quoniam
646 650 687 716 de
709 649 859 716 Rhenani
887 651 958 717 cod.
982 653 1127 735 tacetur)
1157 659 1191 718 et
1219 672 1286 717 uno

132 763 277 829 alterove
305 767 466 846 praeterea
495 766 554 825 aut
581 760 681 825 etiam
708 760 743 825 iu
771 759 842 826 solo
864 760 1013 827 Mediceo
1036 761 1159 846 duplex
1181 762 1286 846 scrip·

131 878 208 936 tura
240 871 418 955 reperitur,
452 874 491 933 ut
524 869 686 952 suspicari
720 867 857 952 aliquis,
890 869 948 953 qui
979 870 1087 934 minus
1122 869 1284 949 attendat,

132 979 252 1063 possit,
287 1000 360 1044 eam
387 976 439 1041 his
466 975 549 1041 locis
577 998 643 1041 non
673 975 707 1041 in
735 977 899 1041 communi
927 978 1072 1043 omnium
1094 985 1286 1044 nostrorum

115 1084 223 1152 -fonte
246 1086 313 1150 iam
334 1083 451 1165 fuisse,
484 1083 544 1149 sed
571 1084 605 1149 in
633 1083 745 1167 aliquo
769 1084 881 1151 codice
903 1085 990 1151 inter
1012 1085 1104 1151 illum
1127 1093 1161 1152 et
1181 1086 1286 1152 Medi·

133 1215 227 1260 ceum
253 1194 427 1259 interiecto
456 1193 597 1277 primum
626 1198 734 1258 ortam
756 1213 845 1274 esse;
878 1215 954 1259 nam
976 1194 1010 1259 in
1032 1195 1105 1279 ipso
1128 1193 1213 1259 Med.
1238 1195 1286 1259 sic

133 1301 267 1369 confuse
301 1301 529 1368 additamenta
555 1300 671 1366 mediae
699 1301 842 1366 orationi
859 1301 1140 1387 interponuntur,
1174 1309 1212 1368 ut
1239 1302 1286 1367 ibi

133 1411 274 1496 primum
296 1409 466 1494 adscripta
487 1430 583 1475 nemo
606 1409 740 1475 credere
763 1410 878 1494 possit.
934 1409 999 1476 Sed
1020 1410 1090 1475 haec
1113 1431 1286 1494 quoquae

133 1518 245 1585 codice
268 1519 339 1602 ipso
363 1518 540 1603 archetypo
563 1519 598 1583 in
619 1517 804 1583 Medioeum
825 1519 1001 1597 transisse,
1030 1540 1096 1585 non
1119 1519 1223 1585 solum
1246 1541 1286 1585 ex

133 1648 173 1692 eo
195 1633 349 1711 apparet,
382 1626 471 1711 quod
500 1625 666 1691 nonnullis
694 1632 805 1690 tamen
833 1626 915 1692 locis
944 1627 988 1691 ad
1015 1627 1098 1693 alios
1127 1627 1286 1711 quosdam

64 1746 118 1813 (19)
137 1734 265 1802 codices
288 1757 309 1800 a
330 1735 477 1801 Mediceo
506 1734 670 1800 diiunctos
692 1741 931 1818 propagantur,
959 1740 1018 1799 aut
1040 1735 1127 1817 quod
1149 1757 1286 1820 prorsus

133 1843 281 1910 eiusdem
304 1843 435 1926 generis
458 1850 536 1908 sunt
559 1848 659 1924 atque
684 1864 733 1922 ea,
763 1863 835 1925 quae
858 1845 1001 1908 omnium
1025 1850 1084 1907 aut
1105 1842 1286 1925 plerorum-

133 1973 196 2035 que
220 1972 383 2017 consensu
406 1951 449 2015 ad
471 1949 684 2034 archetypum
707 1957 920 2029 revocantur,
956 1951 1013 2016 scd
1036 1951 1140 2016 multo
1163 1952 1286 2017 certius

132 2059 403 2143 manifestiusque
438 2079 477 2123 ex
511 2079 564 2136 eo,
603 2058 692 2141 quod
733 2080 773 2123 ex
812 2059 934 2142 duplici
967 2059 1131 2143 scriptura
1164 2060 1286 2125 codicis

133 2168 273 2233 Medicei
303 2168 336 2231 in
359 2167 492 2245 ceteris,
525 2166 664 2231 maxime
687 2165 866 2231 Parisiensi
888 2173 922 2232 et
945 2167 1178 2248 deterioribus,
1211 2169 1286 2235 aliis

132 2275 214 2340 locis
242 2276 362 2353 verior,
390 2273 465 2339 aliis
489 2273 649 2351 deterior,
678 2273 741 2338 hoc
764 2280 828 2354 est,
856 2275 1185 2358 interpretamentum
1207 2278 1287 2342 reti·

133 2391 238 2449 netur.
288 2383 405 2467 Itaque
428 2382 583 2464 quoniam
605 2383 934 2464 interpretamentum
956 2383 1050 2449 initio
1075 2384 1286 2449 coniunctum

134 2514 206 2557 esse
236 2490 349 2556 debuit
379 2512 453 2555 cum
483 2511 560 2554 vera
588 2491 752 2573 scriptura
774 2511 813 2554 ac
836 2499 950 2574 postea
974 2491 1104 2556 demum
1127 2493 1156 2556 ei
1179 2492 1286 2557 solum

134 2599 291 2666 substitui
312 2599 434 2683 potuit,
467 2597 519 2663 his
547 2618 676 2680 quoque
704 2597 786 2663 locis
809 2600 843 2663 in
866 2599 976 2681 aliquo
999 2599 1125 2679 codice,
1159 2622 1198 2666 cx
1221 2622 1285 2684 quo

134 2717 168 2774 et
189 2706 357 2773 Mediceus
388 2714 422 2772 et
445 2706 640 2771 Parisiensis
670 2707 837 2790 ceterique
866 2708 930 2772 orti
960 2713 1050 2786 sunt,
1084 2707 1147 2772 hoo
1171 2715 1229 2788 est,
1251 2709 1285 2773 in

135 2816 205 2881 cod.
235 2815 414 2900 archetypo
449 2813 569 2897 duplex
609 2815 775 2897 scriptura
810 2800 893 2896 fuit,
932 2815 989 2881 sed
1023 2815 1149 2880 librarii
1185 2818 1285 2887 ceteri

135 2925 268 3009 (praeter
289 2924 380 3002 illos,
409 2924 466 3007 qui
488 2922 574 2987 Med.
598 2928 632 2986 et
654 2922 805 2987 Rhenani
834 2923 962 2989 codices
986 2925 1197 3007 scripserunt,
1226 2932 1287 2991 aut

134 3033 243 3112 illum,
277 3033 334 3115 qui
361 3031 460 3097 huius
488 3030 660 3113 utriusque
684 3031 869 3114 parentem)
893 3031 1058 3116 plerisque
1081 3032 1164 3098 locis
1187 3055 1286 3099 unam

135 3143 333 3225 scripturam
354 3145 543 3218 tenuerunt,
566 3145 625 3204 aut
644 3160 726 3217 eam,
749 3161 822 3224 quoe
839 3140 872 3204 iu
890 3139 1005 3205 ordine
1023 3146 1122 3219 esset,
1144 3140 1286 3208 feliciter

134 3248 422 3332 interpolationem
444 3248 599 3327 vitantes,
629 3254 687 3312 aut
709 3269 795 3326 eam,
818 3268 889 3329 quae
912 3249 1167 3333 suprascripta,
1197 3250 1286 3332 quod

135 3378 208 3422 eam
232 3356 487 3421 emendatiorem
509 3356 681 3440 putabant.
695 3357 723 3436 ¹)
774 3355 881 3437 Atque
904 3355 975 3419 haec
996 3356 1045 3419 ita
1067 3378 1154 3436 esse,
1183 3379 1286 3443 appa-

135 3464 236 3544 rebit,
269 3485 309 3528 ne
333 3464 429 3549 plura
452 3485 636 3546 congeram,
671 3463 722 3527 vel
745 3483 784 3526 ex
806 3463 903 3527 unius
925 3461 1002 3528 libri
1024 3465 1116 3528 tertii
1137 3465 1218 3531 locis
1241 3468 1286 3532 ad

164 3734 187 3801 ¹)
207 3734 236 3788 Si
255 3735 327 3804 quis,
344 3735 397 3792 hec
416 3736 558 3804 descripta
576 3735 705 3789 codicum
724 3734 907 3803 cognatione:

547 3821 607 3874 cod.
627 3820 702 3874 arch.

501 3926 520 3960 x
725 3905 754 3959 P.
774 3910 804 3960 et
821 3904 909 3959 ceteri

442 3979 660 4057 ssed—(Rheni
730 3997 733 4001 ’
766 3998 772 4010 ·

205 4078 234 4131 in
258 4077 319 4132 cod.
342 4096 361 4131 x
383 4076 511 4146 duplices
533 4077 596 4130 illas
621 4076 774 4145 scripturas
800 4081 876 4130 ortas
900 4080 994 4145 putat,
1021 4094 1084 4145 quae
1107 4077 1137 4131 in
1154 4077 1282 4132 Mediceo

205 4169 279 4230 sunt,
297 4180 354 4218 non
371 4168 527 4232 potuerunt
544 4162 795 4231 interpretamenta
812 4163 842 4216 in
860 4180 878 4215 x
892 4162 1003 4216 demum
1024 4162 1165 4231 adscripta
1177 4163 1207 4218 in
1220 4163 1284 4218 cod.

205 4248 234 4302 P.
254 4253 283 4303 et
301 4253 409 4303 ceteros
427 4247 558 4312 transire,
577 4247 693 4316 expulsa
711 4265 777 4303 vera
795 4247 941 4316 scriptura.
