3000 5116
184 479 246 534 Lib.
264 477 366 534 XLIII.
732 464 793 526 668

185 651 301 717 mitia
340 647 576 716 consulibus
614 647 828 733 rogandis,
874 645 1013 713 ediderit
1051 645 1340 731 subrogandis.

184 759 267 825 Tum
289 756 507 824 intolerabilis
529 757 598 823 haec
617 761 669 823 est
684 757 838 841 repetitio
857 755 1068 822 substantivi:
1092 755 1265 821 comitia
1285 755 1341 820 ita

186 867 359 946 edicere,
383 871 426 931 ut
444 886 579 932 mense
596 863 793 952 Ianluario
811 865 981 931 comitiis
998 862 1146 930 baberi
1162 869 1340 950 possent.

187 973 253 1041 Sed
274 974 308 1040 in
331 973 443 1039 codice
466 993 531 1039 non
552 972 674 1057 legitur
695 971 854 1053 haberi,
888 972 947 1039 sed
968 979 1099 1039 tantum
1129 977 1176 1038 nt
1208 991 1340 1039 mense

186 1082 266 1148 Ian.
291 1081 456 1147 comitia
478 1088 657 1166 possent.
702 1081 918 1148 Scribendum
934 1088 985 1147 est
1005 1082 1118 1164 igitur,
1141 1080 1212 1147 nisi
1234 1079 1339 1146 fallor:

186 1198 229 1257 ut
251 1213 293 1255 m.
316 1189 341 1254 l.
365 1187 511 1253 cortici
538 1189 752 1273 possent.¹)
796 1190 921 1257 Eodem
954 1190 1062 1274 capite
1090 1187 1108 1272 ἐ
1136 1193 1186 1269 ll,
1211 1187 1273 1254 nbi
1292 1209 1340 1254 ex·

186 1299 330 1383 ponitur,
363 1297 442 1382 quid
474 1295 576 1380 legati
603 1318 621 1363 e
644 1297 840 1364 Macedonia
865 1298 1041 1364 redeuntes
1070 1297 1339 1376 renuntiaverint

187 1408 234 1473 sic
256 1405 427 1478 scribitur:
464 1405 725 1489 Ignominiam
748 1404 911 1471 Claudii
932 1407 1178 1472 temeritate
1202 1425 1339 1491 accep·

187 1520 269 1579 tam
291 1515 452 1580 elevare
476 1535 543 1581 eos
565 1520 705 1598 patres
729 1520 989 1599 acceperunt,
1018 1514 1084 1596 qui
1109 1534 1339 1600 perpaucos

188 1622 328 1688 Italici
351 1624 512 1705 generis
545 1657 589 1668 -
620 1621 676 1688 ibi
706 1621 860 1688 milites
890 1623 1063 1688 amissos
1086 1621 1340 1688 referebant

186 1730 216 1795 N
219 1751 261 1795 on
283 1751 322 1796 ex
346 1730 418 1795 aliis
440 1734 554 1813 patres
578 1730 839 1815 comperiebant,
867 1728 995 1813 legatos
1011 1793 1013 1799 ,
1029 1730 1252 1813 ignominiam
1278 1729 1340 1796 ele-

187 1859 264 1904 vare
287 1836 336 1920 (id
359 1842 551 1914 astantem,
587 1839 748 1923 accipere,
782 1839 926 1922 aliquem
958 1836 1085 1922 aliquid
1114 1836 1254 1920 facere),
1286 1835 1339 1903 sed

187 1947 277 2030 ipsos
311 1966 421 2012 coram
455 1945 650 2027 audiebant3
684 1947 799 2013 omitto
832 1967 914 2027 eos,
947 1947 1016 2031 qui
1049 1966 1152 2029 prave
1181 1945 1239 2011 hic
1270 1944 1343 2031 poni

189 2053 266 2136 (nisi
288 2052 372 2119 forte
395 2059 548 2138 putamus
571 2060 683 2138 patres
706 2075 746 2120 ex
768 2054 888 2138 legatis
911 2055 1094 2139 accepisse,
1125 2053 1214 2121 alios
1237 2053 1343 2120 nescio

189 2182 270 2245 quos
292 2162 504 2244 ignominiam
526 2161 666 2243 elevare)
690 2169 724 2228 et
746 2163 779 2228 in
801 2162 864 2228 hac
886 2168 1054 2229 structura
1071 2161 1221 2229 relativa
1237 2182 1344 2231 neces·

189 2270 312 2335 sarium
351 2270 591 2335 coniunctivum
629 2290 703 2337 esse
743 2268 984 2353 (referrent).
1030 2270 1093 2336 His
1127 2267 1343 2336 incommodis

189 2377 406 2458 medebimur,
450 2379 479 2443 si
518 2379 758 2463 scripserImus:
803 2379 1074 2464 Ignominiam
1118 2414 1166 2425 —
1206 2374 1343 2442 elevari

189 2484 358 2568 [levarit
384 2483 479 2568 1876]
503 2504 544 2548 es
567 2492 704 2570 patres
727 2493 980 2572 acceperunt,
1003 2487 1101 2565 qud
1122 2522 1171 2532 —
1192 2485 1343 2553 refers·

187 2592 285 2658 bant
307 2592 382 2674 (hoc
405 2599 470 2673 est:
504 2591 601 2677 quod,
634 2599 672 2660 ut
697 2594 895 2675 referebant,
927 2596 1025 2679 pauci
1058 2596 1178 2660 amissi
1212 2593 1342 2675 emant).

189 2700 362 2786 (Quippe
386 2724 446 2787 pro
476 2703 540 2787 qui
567 2702 678 2785 posito
706 2724 772 2768 non
793 2704 923 2770 tollitur
942 2703 1061 2768 uitium
1083 2703 1117 2767 in
1142 2701 1200 2769 his
1222 2701 1341 2768 verbis:

188 2810 346 2875 elevare
376 2831 444 2877 eos
473 2815 745 2893 aeceperunt.)
789 2811 944 2877 Extremo
967 2811 1075 2893 capite
1100 2807 1132 2893 (ἕ
1162 2809 1217 2891 13)
1240 2811 1338 2877 miror

187 2925 308 3000 praeter
329 2917 480 2983 lacunam
502 2920 666 2984 neminem
688 2925 835 2998 notasse,
867 2917 1042 2984 admodum
1070 2918 1236 2985 inusitate
1266 2917 1341 2982 dici:

189 3027 430 3091 sacerdotes
467 3024 571 3089 lutra
605 3047 691 3090 eum
719 3049 862 3092 annum
890 3026 1058 3107 mortui,
1088 3047 1195 3110 quum
1223 3023 1343 3092 intelle-

187 3138 284 3216 gatur
307 3154 352 3198 eo
377 3155 494 3199 anno.
1219 3195 1222 3201 .

274 3239 351 3324 Cap.
378 3244 425 3321 12,
450 3245 468 3304 3
491 3241 524 3306 in
549 3241 671 3306 codicis
695 3243 874 3327 scriptura,
909 3264 983 3328 quae
1013 3241 1056 3307 ab
1087 3242 1278 3308 editoribus
1299 3261 1342 3306 re·

186 3353 279 3412 tenta
302 3349 370 3412 sine
395 3348 599 3414 dubitatione
623 3355 674 3414 est
697 3349 871 3432 (placuit
898 3385 941 3396 —-
971 3350 1152 3416 decerni.
1199 3351 1247 3418 In
1270 3349 1341 3416 lla·

186 3457 396 3521 codoniam
429 3456 912 3540 peditum,R0man0rum
941 3458 1018 3539 cet.)
1045 3460 1169 3526 villose
1202 3461 1342 3526 duares

186 3565 219 3626 in
244 3585 344 3626 unum
368 3562 567 3643 conflentum
590 3566 731 3649 primum
755 3567 841 3631 enim
864 3574 998 3632 senatus
1017 3567 1214 3634 consultum
1231 3569 1343 3634 factum

192 3721 194 3724 .
224 3720 278 3725 .--
290 3719 362 3726 ——-

211 3821 232 3877 'l
253 3817 414 3888 [Vahlenius
432 3824 462 3873 et
476 3818 603 3874 Hertzius
621 3820 845 3876 emendationem
863 3820 955 3876 meam
974 3837 1061 3889 quum
1080 3821 1224 3878 adiuvare
1240 3824 1341 3881 auant

253 3910 453 3974 corruperunt;
473 3921 538 3959 nam
556 3912 588 3959 ut
605 3906 702 3960 Livius
729 3906 874 3960 interdum
898 3922 982 3959 voces
1009 3906 1130 3962 easdem
1155 3910 1238 3963 brevi
1264 3907 1342 3978 spebv

254 3995 381 4058 repetat,
409 4008 546 4061 nusquam
569 3997 663 4045 tamen
690 3992 730 4045 ita
749 4007 782 4044 cx
801 3990 956 4045 abundanti
974 3990 1004 4043 in
1023 3992 1129 4047 vitium
1149 3995 1219 4061 ruit,
1238 4000 1271 4048 nt
1286 3991 1340 4048 scri·

253 4074 313 4127 bat:
343 4076 487 4130 comitia
504 4077 556 4130 ita
574 4076 728 4142 edicere,
747 4081 784 4130 ut
801 4075 947 4130 comitia
963 4074 1032 4129 illo
1061 4082 1098 4130 et
1117 4078 1184 4132 illo
1204 4079 1261 4134 die
1278 4077 1339 4132 siut

252 4158 350 4228 Itaque
368 4177 454 4228 prave
473 4165 653 4215 attrectatum
672 4166 724 4226 cst,
744 4161 820 4229 qnod
839 4162 868 4214 in
886 4159 985 4214 codice
1002 4166 1084 4216 recte
1103 4164 1259 4230 scribitur,
1276 4177 1339 4234 pos·

256 4251 343 4308 sent,
362 4261 449 4313 prave
468 4252 617 4311 servatum,
636 4246 711 4315 quod
729 4263 783 4315 pro
802 4245 931 4301 confici
951 4263 986 4300 ex
1003 4248 1158 4317 superiore
1173 4267 1258 4306 versu
1273 4261 1340 4319 prou

254 4332 299 4380 ter
317 4329 475 4395 primarum
492 4329 648 4384 litterarum
665 4332 879 4386 similitudinem
893 4331 1046 4401 subrepsit,
1073 4336 1236 4390 comitia
1270 4324 1339 4395 1854]
