2994 5108
221 469 283 523 Lib.
301 468 362 524 VII.
769 456 829 517 178

221 640 309 725 quod
336 640 621 707 Weissenbcmius
650 640 809 723 populum
838 639 919 704 dicit
946 641 1075 705 senatui
1103 641 1305 725 permisisse,
1339 647 1382 707 ut

220 770 336 833 pacem
359 749 462 829 daret,
492 755 526 814 et
548 754 665 813 centra
688 748 798 813 emnia
820 749 972 814 instituta
993 749 1218 815 Romanorum
1239 748 1381 832 fingitur

220 879 282 923 nee
304 856 373 922 ulle
395 857 492 923 mede
515 857 566 922 his
588 856 695 921 verbis
718 855 896 938 significari
918 863 1059 940 poterat.
1092 857 1190 923 Latet
1211 856 1380 939 mendum,

221 966 310 1051 quod
338 966 381 1031 ad
409 967 605 1051 scripturam
634 966 767 1045 attinet,
796 965 902 1049 prima
929 966 1037 1048 specie
1060 986 1229 1050 magnum,
1257 986 1380 1058 reapse

220 1096 358 1158 parvum
391 1081 425 1138 et
451 1073 561 1153 facile,
595 1073 767 1138 sententiae
799 1073 1034 1157 perniciosum;
1068 1094 1145 1138 nam
1173 1074 1214 1138 in
1241 1094 1288 1139 se.
1312 1095 1380 1148 re·

221 1183 321 1247 ferri
355 1183 513 1265 scriptum
547 1188 597 1246 est
629 1203 688 1265 pro
723 1203 776 1262 ec,
817 1181 906 1263 qued
940 1188 1004 1247 est:
1044 1183 1085 1246 in
1118 1201 1180 1245 aes
1214 1181 1378 1248 referri.

220 1289 349 1354 Tabula
371 1311 475 1355 aenea
496 1291 586 1374 pacis
609 1289 675 1354 fixa
698 1295 756 1354 est.
804 1287 927 1372 (1875.)

308 1397 386 1482 Cap.
411 1403 467 1478 25,
497 1402 531 1462 2:
565 1398 691 1463 Simul
721 1397 970 1463 dictatorem
993 1398 1042 1480 (L.
1067 1398 1215 1482 Furium)
1237 1399 1379 1465 incre·

220 1507 391 1590 pabant,
426 1507 492 1588 qni
520 1505 624 1588 legis
653 1506 821 1570 Licinia
851 1514 999 1589 spretae
1028 1507 1251 1573 mercedem
1281 1528 1377 1575 cen·

220 1615 411 1695 sulatum,
440 1615 602 1699 privata
629 1614 861 1697 cupiditate
890 1635 1007 1696 quam
1030 1615 1198 1699 publica
1219 1615 1380 1682 iniuria

220 1723 445 1788 foediorem
469 1723 661 1805 cepisset,
695 1728 739 1786 nt
767 1743 806 1787 se
834 1723 924 1804 ipse
954 1724 1161 1789 consulem
1191 1712 1407 1792 dictator

221 1836 391 1896 crearet.
453 1830 610 1895 Extrema
638 1829 722 1910 haec,
755 1831 921 1913 praemisse
952 1831 1225 1912 consulatum,
1257 1833 1380 1900 vitiose

221 1939 405 2019 abundant3
435 1939 541 2021 ipsum
570 1944 680 2004 autem
708 1938 743 2002 id
765 1959 885 2003 nemen
908 1945 977 2003 tam
1000 1940 1205 2006 incommodo
1228 1940 1302 2007 loco
1324 1942 1381 2008 in·

220 2049 416 2131 terpesitum
449 2053 514 2127 est,
553 2052 590 2112 ut
624 2048 653 2111 ei
686 2047 872 2113 necessarie
907 2047 1108 2131 adiungatur
1139 2048 1380 2133 foediorem,

221 2156 309 2239 qued
348 2155 558 2220 manifestum
598 2163 648 2221 est
682 2176 755 2219 cum
794 2154 1021 2220 mercedem
1055 2157 1208 2239 coniungi
1242 2156 1378 2227 debere.

220 2263 336 2347 ltaque
367 2263 627 2329 consulatum
657 2264 699 2328 ad
727 2263 953 2328 mercedem
982 2263 1131 2329 additum
1154 2285 1224 2331 csse
1248 2265 1291 2331 ab
1314 2266 1379 2333 ali·

220 2393 299 2454 que,
329 2371 385 2454 qui
408 2392 481 2436 eam
503 2372 663 2437 mercedis
687 2371 968 2454 significationem,
999 2394 1071 2456 quae
1093 2374 1222 2457 plenior
1244 2381 1278 2439 et
1300 2395 1380 2458 gra·

219 2480 290 2543 vier
318 2479 481 2561 sequitur,
516 2501 581 2544 unc
609 2479 769 2545 vocabule
799 2480 1008 2563 praeciperet,
1043 2481 1173 2560 ecdem,
1208 2503 1273 2566 quc
1302 2502 1379 2566 ego,

219 2594 368 2671 tempere
390 2587 644 2653 Ferchhammer
666 2587 837 2653 intellexit.
884 2587 1007 2671 (1861.)
1059 2588 1127 2672 [Sic
1148 2589 1214 2654 iam
1235 2588 1380 2657 Deerin·

135 2716 205 2785 (150)
224 2693 320 2779 gius]
371 2696 473 2761 Paule
498 2703 572 2779 post
595 2695 626 2778 (ἓ
650 2697 682 2778 7)
706 2697 790 2759 scire
818 2695 929 2775 velim,
960 2717 1024 2778 quc
1055 2698 1204 2780 exemplo
1233 2697 1379 2782 dicatur,

220 2827 285 2888 que
308 2805 469 2869 nemiuem
493 2802 651 2868 offensum
675 2804 781 2868 video:
807 2805 1029 2870 extendere
1054 2828 1188 2871 omnes
1211 2807 1379 2890 imperii

219 2915 326 2978 vires
362 2912 519 2978 dilectu
549 2910 745 2977 habende.
802 2910 962 2993 Equidem
995 2913 1155 2978 intendi
1184 2915 1218 2978 in
1246 2914 1310 2980 tali
1338 2938 1378 2983 re

220 3044 330 3087 curam
360 3028 393 3086 et
414 3023 478 3085 vim
501 3026 596 3105 pute,
630 3042 695 3085 nen
719 3019 901 3099 extendi,
936 3042 1129 3103 vereorque,
1163 3044 1204 3087 ne
1227 3022 1291 3088 hec
1314 3046 1379 3109 pro

218 3131 275 3196 ille
305 3131 520 3201 substitutum
544 3130 600 3210 sit,
629 3129 707 3206 etsi,
738 3127 826 3210 qued
855 3127 898 3191 ad
927 3129 1104 3194 errandum
1133 3130 1295 3212 invitarit,
1327 3135 1380 3199 ni·

218 3239 266 3303 hil
288 3240 394 3304 videe.

305 3347 383 3430 Cap.
409 3351 463 3425 26,
496 3351 527 3409 l:
569 3344 644 3409 Ubi
680 3367 795 3427 quum
824 3345 1080 3411 stationibus
1109 3347 1243 3430 quieti
1273 3356 1380 3415 tem·

218 3477 292 3537 pus
321 3458 506 3518 tererent
534 3451 716 3534 (Romani),
752 3452 897 3517 Gallus
926 3455 1139 3536 precessit
1168 3461 1228 3520 cet.
1285 3455 1381 3524 Scri·

217 3561 375 3626 bendum:
410 3563 449 3623 ln
478 3561 752 3639 stationibus3
787 3581 852 3624 nen
876 3562 1039 3626 exercitus
1063 3563 1262 3629 stationibus
1285 3570 1382 3633 tere·

217 3669 276 3734 bat
303 3676 447 3753 tempus
482 3669 540 3734 sed
569 3670 627 3753 qui
654 3670 687 3733 in
716 3669 912 3733 stationibus
942 3677 1051 3751 erant,
1087 3668 1190 3754 quieti
1217 3672 1383 3740 terebant

217 3785 356 3862 tempus.
402 3777 524 3859 (1861.)

303 3883 382 3970 Cap.
407 3890 460 3966 30,
491 3891 526 3949 ll
559 3884 605 3966 (in
628 3885 778 3951 eratione
800 3885 983 3968 legatorum
1008 3885 1250 3970 Campanorum
1279 3890 1379 3954 auxi·

216 3994 296 4059 lium
326 4015 346 4058 a
373 3994 528 4060 Romanis
562 4000 678 4058 contra
716 3993 879 4057 Samnites
915 3993 1132 4077 rogantium):
1177 3994 1384 4064 Omnibus

217 4102 387 4187 quidem,
416 4103 593 4181 Romani,
620 4108 798 4166 vestram
821 4103 1151 4168 misericerdiam
1174 4111 1382 4172 restrum·

217 4233 291 4295 que
314 4211 512 4274 auxilium
534 4232 683 4294 aequum
710 4215 772 4274 est
794 4216 948 4293 patere,
973 4212 1024 4276 iis
1042 4216 1177 4276 tamen
1195 4213 1384 4295 maxime,

217 4321 284 4402 qni
314 4340 398 4384 eam
426 4317 747 4401 implorantibus
777 4319 874 4383 aliis
904 4319 1103 4384 auxilium
1132 4320 1220 4385 dum
1249 4340 1385 4405 supra
