2994 5108
217 483 280 540 nn.
298 483 347 538 111.
765 466 826 527 104

216 655 323 735 bonis,
345 653 475 719 Valerio
498 650 714 735 Horatioque‚
739 648 938 731 contrarios)
961 648 1099 715 adorti
1122 653 1270 716 essent.
1303 648 1373 734 Ap-

217 769 325 848 paret,
359 762 403 828 ad
430 760 694 846 praepositionem
724 758 865 843 proximi
890 756 1031 822 nominis
1053 776 1166 824 casum
1187 776 1374 823 accommo-
1475 768 1478 774 '

217 871 332 936 datum
355 889 427 935 esse
450 866 526 949 (vid.
549 887 695 950 prooem.
718 888 750 950 p.
777 864 847 948 10);
876 863 963 947 quid,
993 865 1083 949 quod
1103 866 1138 930 in
1162 865 1233 931 cod.
1256 863 1374 931 arche·

215 983 296 1062 typo
325 976 500 1059 vestigium
528 975 595 1039 veri
624 974 754 1040 videtur
780 973 963 1039 mansisse?
996 994 1073 1039 nam
1101 973 1135 1038 in
1156 972 1235 1039 Ma
1265 973 1375 1057 prima

216 1105 314 1149 manu
347 1088 399 1149 est
430 1082 638 1149 factionis.
695 1079 737 1165 [V
764 1080 967 1147 factionis
1000 1079 1098 1164 sua]
1155 1078 1262 1162 (Cum
1291 1101 1374 1147 suae

216 1191 415 1258 factionis
442 1189 672 1256 hominibus
694 1188 847 1268 XXXIV,
878 1193 935 1270 21,
964 1193 1000 1269 43
1028 1187 1095 1254 ibd.
1118 1192 1176 1268 48,
1209 1192 1246 1270 23
1275 1209 1371 1256 con·

217 1298 325 1365 sules
348 1303 579 1365 vestrarum
601 1298 781 1383 partium
802 1297 866 1363 hoc
888 1296 973 1363 libro
997 1317 1024 1362 c.
1049 1298 1099 1376 67,
1123 1295 1166 1379 9.)
1206 1296 1374 1380 (Proxime

215 1411 294 1473 ante
323 1404 340 1489 ξ
369 1410 404 1485 2,
430 1406 488 1471 ubi
517 1404 641 1471 editur:
681 1403 923 1470 consulibus
958 1425 1124 1487 quoque
1152 1406 1373 1471 continua·

214 1519 307 1581 rent
335 1515 632 1597 magistratum,
653 1514 689 1578 in
710 1512 738 1576 V
761 1511 918 1578 scribitur
941 1532 1067 1578 conss.
1091 1518 1191 1596 atque
1214 1512 1315 1579 etiam
1336 1514 1371 1579 in

215 1623 334 1688 ceteris
357 1622 501 1705 antiquis
523 1627 603 1686 nota
626 1621 697 1686 sine
720 1620 821 1686 dubio
844 1619 917 1685 fuit.
966 1618 1185 1686 Scribendum
1208 1628 1260 1686 est
1282 1640 1373 1688 con·

216 1730 346 1810 sules;
380 1730 595 1813 nequeenim
616 1727 741 1794 tribuni
764 1727 971 1809 consulibus,
1006 1729 1205 1812 inquorum
1229 1728 1373 1794 comitiis

214 1838 312 1903 nullae
334 1858 446 1903 eorum
469 1843 582 1921 partes
604 1841 714 1915 erant,
745 1837 810 1920 ipsi
833 1837 1028 1903 continuare
1051 1837 1284 1920 magistratum
1312 1858 1373 1922 po·

214 1951 336 2013 terant.
360 1943 467 2026 1873.)
506 1943 585 2025 (Sed
608 1945 738 2026 gravius
761 1943 915 2009 mendum
938 1944 1022 2010 latet
1043 1942 1130 2009 infra
1151 1943 1185 2008 in
1204 1942 1222 2029 ξ
1242 1948 1291 2025 10,
1313 1944 1373 2009 ubi

213 2054 345 2121 codices
379 2053 606 2134 editionesque
635 2051 682 2117 sio
711 2052 871 2136 scriptum
900 2051 1039 2118 babent:
1073 2050 1369 2136 recitabatque

216 2161 273 2244 (M.
296 2159 451 2242 Duillius)
473 2160 708 2243 rogationis
731 2180 907 2240 carmen,
937 2161 976 2225 in
1001 2181 1092 2245 quo:
1122 2160 1155 2225 si
1177 2158 1374 2228 tribunos

214 2268 354 2355 plebei
388 2269 524 2334 decem
551 2266 726 2351 rogab03
759 2269 795 2332 si
825 2269 891 2350 qui
913 2288 983 2333 vos
1007 2268 1137 2332 minus
1159 2267 1280 2333 bodie
1303 2267 1372 2334 de-

215 2396 297 2441 cem
315 2375 508 2441 tribunos
526 2374 662 2458 plebei
680 2374 876 2455 feceritis,
895 2383 979 2441 tum
996 2375 1055 2440 uti
1074 2380 1146 2455 cet,
1166 2375 1245 2441 ferri
1256 2378 1374 2462 nequit

216 2485 259 2549 in
292 2505 369 2566 quo
404 2484 523 2548 omisso
553 2481 669 2562 verbo,
704 2484 747 2547 ad
777 2484 870 2549 cuius
899 2483 1109 2549 omissionem
1133 2482 1373 2550 defendendam

217 2590 437 2657 dissimillima
458 2590 745 2656 Weissenbornius
770 2597 955 2676 comparat,
983 2612 1044 2656 nec
1072 2592 1178 2657 minus
1200 2613 1302 2677 prava
1324 2599 1377 2658 cst

216 2698 453 2764 condicionalis
481 2698 663 2782 particula3
697 2701 753 2782 qui
781 2700 868 2763 enim
898 2700 1040 2765 comitiis
1061 2698 1223 2766 habendis
1244 2709 1376 2784 praeest,

218 2808 375 2891 proponit
400 2806 561 2886 absolute,
591 2806 671 2890 quid
699 2814 833 2871 acturus
861 2808 919 2887 sit;
953 2813 1039 2886 tum,
1072 2809 1100 2871 si
1129 2829 1284 2874 numerus
1312 2810 1374 2875 im·

216 2913 327 2997 plotus
349 2936 414 2979 non
437 2916 489 2994 sit,
513 2913 591 2997 quid
613 2913 687 2979 fieri
710 2914 838 2993 debeat,
862 2914 964 2995 addit,
986 2915 1086 2997 idque
1103 2916 1151 2981 ita
1169 2936 1241 2981 esse
1257 2924 1373 3001 aperte

216 3023 361 3088 ostendit
390 3023 543 3105 rogabo
573 3028 798 3105 comparatum
829 3043 903 3087 cum
925 3023 1114 3088 feceritis
1138 3023 1194 3106 (ad
1217 3025 1307 3107 quod
1329 3047 1372 3092 ne

214 3129 446 3196 blommsenius
475 3129 607 3213 quidem
636 3129 793 3207 attendit,
828 3131 883 3213 qui
919 3151 1047 3197 mecum
1076 3133 1267 3217 ceteroquin
1295 3154 1373 3199 con·

215 3239 358 3302 sentiens
388 3239 420 3302 si
450 3237 629 3315 retinebat,
659 3244 698 3302 ut
725 3237 789 3303 hoo
819 3260 919 3303 unum
948 3244 1037 3303 esset
1067 3245 1166 3323 caput
1187 3241 1372 3323 rogationis

211 3344 437 3426 exceptionem
466 3344 661 3425 continens).
713 3345 781 3410 Nec
816 3366 947 3411 carmen
983 3345 1048 3412 hoc
1076 3367 1097 3411 a
1128 3347 1248 3413 Duillio
1267 3334 1370 3415 'com-

212 3452 357 3535 positum
390 3451 606 3533 intellegitur,
641 3452 700 3517 sed
733 3455 937 3518 tralaticium
972 3461 1006 3519 et
1041 3462 1257 3540 usurpatum;
1291 3457 1372 3541 quid

214 3560 301 3623 enim
334 3559 481 3644 alioquin
514 3561 726 3626 auctoritatis
760 3561 956 3628 habuisset?
1002 3562 1046 3627 Et
1081 3565 1108 3628 si
1144 3563 1241 3630 aliter
1275 3571 1372 3645 esset,

213 3671 286 3731 tota
326 3669 550 3733 controversia
583 3675 658 3734 orta
691 3675 779 3734 esset
812 3675 890 3735 ante
926 3668 1090 3754 suffragia.
1154 3671 1372 3738 Scribendum

213 3773 328 3855 igitur:
362 3774 402 3840 in
435 3797 514 3858 quo
549 3783 665 3840 esset:
699 3775 901 3844 Tribunos
936 3778 1074 3863 plebei
1110 3785 1170 3844 cet.
1202 3778 1254 3861 (ut
1289 3784 1368 3844 1861

213 3878 316 3962 edidi)
350 3889 408 3947 aut
440 3885 565 3967 potius,
598 3904 666 3948 una
691 3884 806 3951 littera
835 3893 964 3953 mutata
991 3893 1025 3951 et
1051 3889 1227 3970 perspicua
1255 3887 1368 3953 mendi

214 4009 327 4054 causa:
350 3989 389 4055 in
412 3998 542 4073 quosl:
566 3991 769 4059 Tribunos
792 4000 853 4059 oet.
893 3994 978 4060 Nam
1001 4004 1167 4060 manserat
1188 3995 1252 4062 hoc
1273 4016 1372 4079 roga-

212 4097 312 4162 tionis
335 4118 466 4163 carmen
489 4099 532 4164 ad
553 4107 704 4184 posteros
726 4107 760 4166 et
778 4102 861 4167 Livii
880 4109 977 4168 aetate
995 4102 1229 4187 usurpabatur.
1262 4103 1370 4187 18⁷5.)

299 4202 375 4289 Cap.
395 4210 445 4285 65,
469 4210 503 4272 6:
528 4207 790 4275 affirmantes
814 4209 1003 4292 (consules),
1026 4210 1183 4278 urbano
1207 4233 1369 4297 quoquc

212 4311 298 4376 otio
332 4312 435 4378 foris
465 4316 598 4382 omnia
626 4318 861 4402 tranquilla
890 4339 999 4400 esse,
1032 4341 1102 4402 per
1130 4317 1371 4386 discordias
