2994 5108
758 476 820 536 405
1160 487 1222 540 Lib.
1241 486 1367 541 xxvln.

212 659 335 725 dicitur
362 662 564 739 tenuisse,
592 681 669 744 qua
699 660 870 724 abscisae
898 679 1022 741 rupes
1051 666 1186 738 erant,
1215 660 1278 724 hoc
1308 667 1367 741 est,

210 788 284 833 eam
318 773 448 853 partem
484 768 663 833 obsedisse.
721 765 800 850 [cfr.
824 766 1081 849 Wesenbergius
1110 767 1153 831 ad
1182 766 1246 831 Cic.
1271 768 1366 833 Tusa.

209 876 249 957 V,
275 880 336 940 118
360 898 391 959 p.
415 880 477 940 364
499 875 550 940 ed.
573 874 701 958 Tur.]¹)
778 889 780 893 '

300 983 380 1068 Cap.
406 989 441 1064 7,
469 990 489 1048 4
517 989 550 1049 et
579 988 596 1047 5
627 985 733 1048 oratio
764 984 811 1046 sic
834 984 1097 1066 interpungenda
1122 991 1186 1049 est:
1219 984 1368 1051 Eodem

201 1093 336 1158 ferme
367 1092 431 1157 dio
459 1092 507 1156 ab
529 1092 671 1156 Attalo
700 1112 793 1173 rege
823 1091 1094 1174 Opuntiorum
1122 1092 1220 1157 urbs
1248 1099 1369 1175 capta

202 1199 503 1284 diripiebatur.
554 1198 827 1264 Coucesserat
855 1219 939 1263 eam
970 1200 1059 1280 regi
1081 1200 1255 1283 praedam
1278 1200 1367 1265 Sul-

198 1310 360 1393 picius,
394 1309 490 1392 quia
518 1307 659 1372 Oreum
694 1327 846 1391 paucos
877 1311 969 1370 ante
999 1306 1083 1371 dies
1112 1308 1160 1371 ab
1191 1309 1368 1373 Romano

193 1417 364 1495 milite,
393 1415 640 1499 expertibus
668 1416 810 1498 regiis
842 1414 1044 1496 direptum
1074 1413 1222 1493 luerat,
1250 1438 1369 1498 quum

191 1523 393 1589 Romana
415 1524 567 1588 classis
591 1545 634 1588 eo
658 1544 698 1587 se
720 1523 956 1605 recepisset.
1002 1521 1179 1600 Attalus,
1203 1524 1368 1605 ignarus

183 1631 416 1697 adventus
438 1630 637 1715 Philippi,
666 1630 853 1714 pecuniis
877 1651 897 1692 a
918 1630 1178 1713 principibus
1208 1633 1368 1714 exigen-

180 1740 273 1806 dis
308 1738 477 1804 terebat
510 1746 678 1822 tempus.
739 1737 846 1819 Vulgo
880 1737 1049 1801 scribitur:
1085 1773 1128 1782 -
1162 1738 1369 1822 direptum

174 1848 360 1914 fuerat.
418 1846 542 1923 Quum
570 1848 748 1912 Romana
781 1845 930 1909 classis
965 1866 1008 1909 eo
1043 1867 1084 1909 se
1117 1848 1362 1929 recepisset,
1382 1857 1452 1925 (331)

169 1953 380 2021 Attalus
404 1956 574 2037 ignarus
597 1961 657 2019 cet.
693 1953 758 2018 Sed
780 1953 936 2016 Romanae
960 1952 1085 2031 classis,
1110 1975 1181 2034 quar
1205 1954 1369 2038 Opuntem

171 2086 277 2130 11011
309 2063 503 2147 appulerat,
533 2084 554 2127 a
582 2061 737 2127 Chalcide
760 2059 880 2124 Oreum
909 2060 1036 2125 reditus
1065 2060 1145 2125 nihil
1167 2060 1268 2126 habet
1291 2083 1368 2128 con·

159 2172 317 2238 iuncti
342 2192 415 2235 cum
437 2171 549 2236 Attalo
573 2177 703 2254 tempus
726 2169 857 2252 Opunte
880 2169 1054 2250 terentel)

297 2277 380 2362 Cap.
405 2282 440 2357 9,
476 2284 514 2342 13
544 2278 591 2359 (in
619 2279 788 2343 hominum
818 2276 853 2340 C.
876 2276 1016 2340 Neronis
1044 2298 1096 2341 res
1123 2285 1234 2360 gestas
1263 2280 1368 2345 extol·

145 2387 353 2454 lentium
387 2387 566 2468 sermone):
602 2388 660 2452 ita
693 2406 812 2449 unum
846 2384 1055 2447 consulem
1089 2407 1159 2467 pro
1193 2392 1367 2469 utraque

132 2500 332 2584 parte
360 2494 492 2559 Italia
526 2495 722 2558 adversus
752 2493 851 2556 duos
881 2490 1017 2569 duces,
1059 2493 1159 2558 duos
1188 2496 1368 2580 impera·

125 2613 191 2671 t
220 2623 323 2670 ores
356 2600 449 2667 hinc
483 2601 701 2667 consilium
730 2622 858 2678 suum,
892 2599 987 2662 hinc
1016 2621 1162 2683 corpus
1193 2626 1368 2687 opposu-

108 2717 156 2783 i
198 2711 319 2777 sse.¹
362 2707 441 2786 Quae
473 2710 520 2773 vis
556 2710 600 2774 sit
628 2710 801 2791 geminatae
829 2709 863 2771 in
890 2706 1007 2770 iisdem
1035 2707 1220 2775 hominibus
1249 2713 1369 2778 ducum

94 2825 240 2892 et
274 2818 515 2901 imperatorum
543 2817 791 2901 appellationis,
827 2814 922 2898 quasi
949 2816 1056 2879 maius
1079 2817 1137 2895 sit,
1172 2841 1238 2883 non
1263 2819 1368 2885 solum

80 2925 370 3003 ducibus,
409 2925 468 2990 sed
501 2926 601 2989 etiam
634 2923 890 3007 imperatoribus
925 2925 1111 3007 oppositum
1144 2924 1261 3005 fuisse,
1301 2949 1367 2992 non

58 3046 125 3112 i
141 3032 387 3115 niellegm
420 3031 643 3115 intellegerem
665 3030 828 3096 rhetorice
845 3038 984 3098 ¹auctum
1007 3033 1056 3096 rei
1080 3054 1211 3109 sonum,
1246 3035 1273 3098 si
1297 3034 1368 3099 ad-

35 3174 144 3218 v
194 3159 355 3204 ersus
390 3138 491 3203 duos
524 3140 745 3217 exercitus,
780 3139 882 3203 duos
911 3140 1185 3222 imperatores
1214 3140 1366 3225 (duces)

14 3285 106 3328 S
127 3247 374 3331 criptum
397 3254 492 3311 esset.
545 3245 632 3328 (Non
657 3268 785 3312 omnem
808 3246 925 3310 ducem
948 3248 1182 3329 imperatorem
1205 3271 1287 3328 esse,
1312 3251 1368 3333 qui

10 3353 285 3434 31:2⁸
311 3355 471 3440 auspiciis
499 3375 569 3421 rem
598 3361 709 3436 gerat,
744 3355 827 3433 scio;
862 3352 932 3418 sed'
950 3375 1022 3418 eam
1053 3355 1296 3423 distinctionem
1325 3359 1368 3424 ad

10 3503 442 3527 ‘W

160 3572 230 3607 ³
266 3566 391 3641 )Cap.5,
412 3575 437 3624 l:
456 3572 613 3627 Lemnum
636 3573 716 3626 inde
735 3574 848 3627 classe
867 3575 1260 3642 iunctafflomanaeXXV
1278 3579 1369 3647 quin·

285 3670 471 3725 queremes,
498 3659 601 3726 regiae
628 3658 754 3726 XXXV)
784 3662 1066 3715 transmiserunt.
1117 3663 1276 3718 Admodum
1299 3664 1368 3718 dure

284 3745 345 3807 post
370 3742 526 3797 ablativum
552 3743 583 3797 in
609 3744 770 3811 parenthesi
796 3745 912 3798 verbum
940 3746 1095 3812 omittitur,
1126 3748 1368 3817 probabiliterque

286 3820 428 3896 Ussingius
451 3834 518 3897 post
534 3828 652 3882 XXXV
670 3829 827 3897 suspicatur
845 3830 981 3885 excidisse
1000 3837 1108 3886 erant.
1146 3830 1243 3899 (1863.)
1292 3832 1368 3901 [Non

286 3910 371 3966 minua
400 3913 587 3981 probabiliter
608 3913 713 3977 XXXI,
743 3917 790 3980 27,
818 3917 847 3981 6,
877 3916 924 3968 ubi
947 3916 1054 3970 editur:
1083 3918 1211 3971 Cnidus
1237 3916 1368 3983 (nomen

286 4002 431 4067 propter
454 3997 605 4052 alteram
629 4000 665 4052 in
688 4000 771 4053 Asia
795 4002 909 4054 urbem
932 4019 1027 4070 quam
1052 4002 1215 4070 oppidum
1238 4002 1367 4068 notius)

286 4080 315 4132 vi
332 4083 483 4152 eapitur,
503 4082 651 4154 Siesbyeus
669 4086 789 4139 notius
809 4091 861 4139 est
879 4087 1059 4140 scribendum
1077 4087 1200 4141 coniicit.
1239 4084 1326 4155 1876]

89 4153 172 4185 -
191 4154 275 4220 )
292 4161 350 4235 Cap.
372 4170 404 4233 6,
427 4170 445 4222 9
466 4168 623 4222 infinitivus
649 4170 801 4224 historicus
830 4171 1006 4239 (praebere)
1035 4173 1101 4238 poni
1129 4173 1228 4240 nequit
1255 4174 1284 4227 in
1310 4171 1366 4225 loci

287 4245 369 4305 loma
396 4258 534 4322 perpetua
560 4254 757 4320 describenda3
785 4256 861 4323 quod
885 4257 914 4308 in
938 4256 1083 4310 codicibus
1106 4257 1187 4310 bonis
1206 4261 1262 4325 est,
1287 4274 1367 4327 prae·
1464 4245 1466 4250 ’

287 4330 399 4403 luere,
418 4343 549 4392 ortumne
566 4340 604 4393 sit
622 4357 656 4394 ex
673 4341 875 4408 praebuerit,
894 4358 951 4394 non
970 4340 1080 4394 definio.
