2994 5108
312 1312 463 1393 EMEN
465 1310 707 1397 DATIONU
708 1315 750 1395 M
781 1314 1128 1419 LIVIANARUM

591 1479 685 1533 enas
705 1479 853 1547 onnam

139 1618 205 1678 hllll
225 1619 359 1680 llllllllll'll
383 1619 496 1690 tulleta
519 1621 534 1679 l
558 1619 755 1690 dUllllllllSllld
779 1620 859 1680 llllllll
882 1621 914 1680 ll
936 1620 1156 1691 tullulutslluh
1174 1621 1292 1691 dlllllllll

536 1721 732 1783 lllllllllllllt
751 1723 902 1784 tutulum.

616 1993 819 2056 tuouuarba.

139 2113 397 2230 Poatremorum
415 2166 567 2247 quinque,
592 2167 649 2248 qui
667 2173 807 2242 exstant,
827 2165 909 2230 Livii
927 2166 1086 2230 librorum
1106 2187 1217 2230 omnes
1233 2188 1293 2230 no·

142 2281 221 2338 runt
242 2273 367 2338 nullum
389 2282 464 2356 post
486 2280 618 2338 renatas
641 2274 770 2338 litteras
794 2275 1017 2357 comparuisse
1040 2274 1185 2338 codicem
1208 2296 1291 2358 prae-

139 2391 191 2447 ter
214 2404 297 2459 euin,
321 2404 361 2447 ex
384 2404 448 2464 quo
473 2403 528 2446 eos
551 2382 677 2465 primus
697 2382 806 2445 Simon
826 2381 984 2464 Grynaeua
1003 2402 1031 2445 a.
1054 2387 1132 2446 1531
1153 2382 1290 2447 Basileae

139 2491 229 2574 apud
252 2490 452 2554 Frobenium
474 2489 590 2569 edidit,
621 2493 676 2572 qui
705 2491 823 2570 codex,
853 2512 953 2574 quum
977 2511 1005 2554 a.
1032 2494 1112 2554 1527
1137 2492 1189 2569 (nt
1213 2514 1291 2557 con·

139 2608 206 2664 stat
229 2621 269 2661 ox
292 2598 433 2682 epistola
452 2598 581 2682 Grynaei
605 2598 647 2663 ad
664 2598 721 2662 Ph.
739 2598 1033 2677 hlelanchthonem,
1058 2599 1100 2662 ab
1119 2599 1161 2663 M.
1179 2600 1291 2683 Haup-

139 2710 185 2772 tio
210 2709 242 2771 in
266 2706 333 2772 ind.
359 2705 460 2770 schol.
485 2706 627 2771 Berolin.
654 2708 755 2785 185th
781 2706 884 2788 edita)
914 2709 947 2770 in
971 2707 1129 2772 coenobio
1155 2709 1291 2772 Lauria-

138 2816 290 2880 hamensi
312 2836 376 2879 non
398 2815 493 2897 longe¹
518 2836 537 2879 a
559 2814 672 2878 Rheno
696 2836 712 2877 c
736 2816 869 2897 regione
887 2814 1117 2897 Borbetomagi
1141 2817 1291 2879 inventus

138 2933 236 3001 csact,
259 2930 378 3007 postea
400 2924 500 2987 variis
523 2923 654 2987 casibus
678 2925 710 2986 in
735 2923 888 2986 Noricum
906 2922 1101 3006 (Tyroliam)
1125 2924 1158 2986 in
1182 2945 1290 2988 arcem

138 3033 407 3107 Ambrasensem,
440 3031 557 3095 deinde
582 3030 809 3095 Vindobonam
839 3030 966 3095 delatus
997 3038 1045 3095 cst
1068 3030 1179 3110 ibique
1203 3052 1291 3094 nunc

137 3143 171 3206 in
195 3140 397 3205 bibliotheca
420 3139 569 3204 Caesarea
592 3146 754 3217 servatur,
783 3140 904 3202 amisso
932 3146 1043 3202 tamen
1067 3161 1131 3201 uno
1157 3145 1289 3221 quater·
1323 3172 1332 3187 ·

137 3251 236 3315 nione
260 3256 380 3332 praeter
403 3269 466 3326 eos,
489 3249 545 3329 qui
567 3248 633 3311 iam
653 3247 782 3331 Gryuaei
806 3253 903 3311 aetatc
926 3247 1171 3311 interciderant.
1206 3246 1290 3310 Nam

139 3381 240 3442 quum
263 3359 390 3440 integer
413 3358 524 3429 codex,
548 3363 585 3421 ut
605 3357 762 3440 Grynaeus
785 3356 958 3438 diligenter
975 3357 1125 3440 exposuit
1148 3357 1182 3420 in
1205 3377 1291 3420 com-

138 3465 318 3551 pellatione
341 3465 471 3530 lectoris
504 3467 538 3529 in
568 3465 644 3529 edit.
669 3465 877 3529 Frobcniana
905 3471 980 3548 post
1013 3465 1153 3530 indicem
1181 3467 1291 3548 posita

137 3573 240 3657 (undo
263 3575 465 3657 repetierunt
488 3572 777 3638 Drakenborchius
800 3573 863 3637 vol.
887 3573 948 3637 VH
976 3596 1006 3656 p.
1031 3579 1092 3639 225
1117 3581 1150 3640 et
1171 3575 1290 3659 Kreys-

138 3682 241 3766 sigius
264 3683 298 3746 in
320 3683 490 3747 Annotatt.
514 3707 545 3766 p.
570 3680 614 3762 9),
638 3683 775 3764 triginta
798 3689 957 3764 quattuor
979 3685 1213 3765 quaterniones
1237 3705 1290 3747 oc·

137 3796 292 3856 tonorum
320 3789 471 3854 loliorum
504 3790 688 3870 habuisset,
717 3791 783 3855 iam
813 3797 883 3855 tum
906 3791 1043 3856 deerant
1066 3793 1241 3875 quaternio
1264 3790 1289 3870 1,

135 3898 179 3962 IV
209 3906 329 3982 praeter
356 3921 456 3962 unum
484 3897 598 3962 folium
628 3897 706 3980 (quo
741 3901 926 3965 continetur
958 3899 1176 3982 fragmentum
1214 3899 1290 3964 libri

135 4005 210 4071 XLI
235 4029 255 4071 a
277 4030 303 4070 v.
329 4007 497 4071 deduxit
520 4013 665 4071 extremo
696 4030 722 4072 c.
750 4013 787 4071 18
812 4008 996 4091 incipieus),
1020 4008 1047 4070 V
1070 4010 1147 4071 item
1170 4015 1291 4091 praetcr

136 4137 237 4179 unum
260 4113 374 4179 folium
398 4114 493 4197 (XLI,
519 4115 582 4195 20),
606 4116 674 4187 XV,
698 4116 781 4196 XVI,
805 4116 905 4194 XVII,
930 4116 1037 4179 XVIII
1060 4116 1160 4196 (inter
1182 4116 1290 4180 XLIII

136 4244 162 4288 c.
188 4228 206 4287 3
231 4231 263 4288 et
287 4223 329 4305 4),
353 4225 577 4305 quaternionis
601 4223 690 4287 XXV
717 4225 797 4290 folia
826 4226 889 4289 duo
913 4225 1022 4288 media
1051 4224 1138 4307 (quae
1165 4225 1375 4308 lacuum-185)

135 4331 248 4397 incidit
271 4332 373 4395 XLIV
397 4334 483 4397 inter
512 4354 538 4397 c.
563 4336 603 4396 32
628 4341 660 4398 et
684 4334 739 4414 33)
762 4340 796 4398 et
825 4333 889 4398 duo
919 4339 1063 4398 extrema
1094 4332 1173 4414 (ibd.
1197 4354 1224 4398 c.
1248 4337 1289 4397 30
