2994 5108
687 471 729 534 93
1153 485 1216 542 nn.
1235 487 1283 543 uu

124 656 254 738 nolle,
285 655 479 719 crnlarl
512 676 674 743 quoque
706 656 897 737 iniurias,
931 665 973 723 ut
1006 664 1067 723 cet.
1128 656 1213 724 Nam
1246 681 1286 725 ex

124 762 235 830 nolle
269 765 305 830 in
337 763 444 831 altero
477 763 625 830 membro
655 764 798 830 sumitur
827 763 932 830 velle
955 767 1129 832 notissimo
1152 768 1186 833 in
1209 761 1286 834 oon·

124 873 242 939 trariis
275 870 432 939 membris
464 872 625 938 orationis
659 872 817 955 loquendi
845 893 925 954 usu;
959 880 1098 957 poterat.
1120 875 1199 940 addi
1228 876 1286 942 ad·

124 980 295 1047 remotiva
314 979 497 1066 particula:
529 980 672 1046 iuvare
700 979 830 1060 nolle,
865 980 935 1045 sed
963 982 1165 1048 cumulari
1189 1005 1286 1067 quo·

125 1110 203 1173 quo
233 1095 297 1156 cet.
352 1085 417 1174 cfr.
440 1087 485 1169 x,
513 1091 570 1168 ae,
604 1092 658 1168 ro,
687 1086 821 1167 xxvu,
853 1092 902 1168 ro,
934 1092 981 1169 ιο,
1004 1089 1151 1171 xxxlv,
1174 1096 1226 1172 43,
1250 1096 1284 1157 s:

125 1198 173 1264 In
194 1196 476 1265 Macedoniam
498 1217 638 1262 novum
660 1196 885 1262 exercitum
907 1200 1186 1282 transportari
1209 1222 1287 1267 uon

125 1305 309 1391 placuit;
342 1325 437 1385 eum,
472 1305 541 1388 qui
573 1303 633 1370 ibi
666 1309 786 1385 esset,
814 1304 959 1372 reduci
994 1307 1033 1371 in
1054 1307 1219 1373 Italiam
1242 1329 1287 1374 ac

126 1413 303 1495 dimitti;
343 1410 410 1478 Cic.
432 1409 473 1477 N.
497 1411 537 1476 D.
559 1411 592 1492 I,
622 1416 652 1492 7,
685 1416 734 1476 17.
780 1411 950 1494 (Eiusdem
974 1415 1094 1498 capitis
1116 1413 1133 1497 ἓ
1156 1421 1175 1479 7
1199 1416 1288 1499 quod

126 1520 291 1588 scribitur
316 1521 352 1586 in
379 1519 564 1586 codicibus:
597 1518 646 1584 Hi
680 1518 827 1604 (patricii
855 1521 1003 1604 iuvenes)
1031 1521 1141 1588 ferre
1168 1544 1287 1607 agero

126 1628 289 1715 plebem
327 1627 548 1713 plebisque
581 1647 662 1707 res,
701 1647 819 1709 quum
852 1627 1034 1710 fortuna,
1070 1651 1147 1713 qua
1180 1632 1287 1714 quic-

126 1737 229 1822 quid
268 1737 451 1823 cupitum
488 1735 612 1816 foret,
650 1736 907 1819 potentioris
946 1745 1070 1817 esset,
1110 1758 1205 1803 nemo
1239 1740 1289 1804 ita
1356 1807 1357 1811 ,

127 1843 313 1932 expedivit,
346 1850 385 1909 ut
412 1865 490 1927 qua
515 1842 736 1910 tolerabiliter
763 1844 798 1908 in
826 1846 1011 1910 orationem
1034 1852 1067 1911 et
1090 1848 1288 1912 seutentiam

114 1952 335 2034 ·iucluderet;
356 1952 470 2037 itaque
488 1973 528 2018 eo
547 1940 736 2031 decurrunt,
760 1956 798 2016 ut
814 1951 941 2032 tollant,
965 1953 1056 2019 nulla
1072 1953 1288 2019 additamenti

76 2050 84 2083 '¹
117 2041 271 2131 ratione
279 2058 445 2145 probabili
462 2059 601 2125 reddita
623 2057 693 2124 Nec
708 2058 725 2124 f
729 2066 877 2124 ortuna
895 2061 1096 2126 nominativo
1108 2082 1187 2127 casu
1199 2063 1288 2146 posi-

127 2176 205 2237 tum
224 2167 305 2234 ferri
326 2172 453 2252 potest3
475 2187 583 2253 neque
606 2168 701 2247 enim,
723 2168 790 2251 qui,
815 2167 973 2252 quioquid
996 2170 1095 2253 cupit,
1117 2169 1151 2233 id
1174 2191 1289 2237 conse-

127 2279 257 2362 quitur,
278 2276 351 2343 eius
372 2273 507 2343 fortuna
528 2295 600 2341 esse
621 2274 740 2340 Latine
763 2275 894 2341 dicitur.
934 2276 1081 2362 Apparet
1102 2280 1289 2344 necessario

127 2385 205 2452 lusc
226 2383 408 2451 coherere:
431 2403 557 2465 quum,
581 2383 780 2468 quicquid
803 2381 1122 2468 cupitum'loret,
1152 2391 1288 2470 poten-

127 2493 258 2560 tioris
287 2497 402 2558 esset.
447 2489 564 2577 Itaque
586 2490 755 2557 fortuna
777 2490 942 2556 ablativus
966 2499 1017 2557 est
1039 2500 1072 2559 et
1094 2493 1289 2560 adiectivum

130 2601 254 2686 poscit,
277 2605 316 2665 ut
337 2598 455 2665 modus
478 2604 512 2665 et
533 2597 683 2665 condicio
704 2600 753 2664 rei
776 2598 989 2683 significetur.
1033 2600 1072 2666 Id
1094 2601 1290 2667 adiectivum

128 2712 326 2774 truncatum
358 2708 446 2772 inest
475 2707 511 2771 in
544 2727 637 2790 qua,
670 2705 791 2773 hausta
813 2707 919 2792 prima
940 2707 1075 2792 syllaba.
1129 2709 1180 2774 Ex
1207 2709 1290 2774 for·

129 2823 316 2900 tuuaqua
348 2813 490 2880 efficitur
522 2813 690 2881 fortuna
723 2835 843 2898 aequa.
899 2815 1026 2881 Acerbe
1048 2816 1161 2882 Livius
1194 2837 1289 2899 aequa

129 2924 205 2990 brec
225 2928 303 2989 acta
323 2921 459 2989 fortuna
479 2922 569 3003 dicit,
591 2928 630 2989 ut
651 2943 717 2988 uon
738 2925 795 2988 uui
818 2922 918 2988 alicui
940 2924 1123 3008 potentiori
1145 2923 1290 3003 daretur,

129 3030 294 3117 quicquid
316 3030 502 3115 cupivisset,
526 3030 585 3096 sed
607 3030 758 3097 omnibus
782 3030 963 3114 aequaliter.
997 3030 1103 3097 Simili
1125 3031 1243 3095 mendo
1262 3053 1289 3096 c.

131 3143 192 3221 38,
220 3143 241 3202 4
263 3138 298 3203 in
319 3138 349 3202 V
371 3144 406 3204 et
427 3136 453 3202 P
475 3159 536 3222 pro
564 3137 734 3203 fortuna
762 3138 879 3222 AEqui
909 3138 1066 3204 scribitur
1094 3138 1290 3203 fortunae-

131 3248 214 3332 qui.
262 3249 370 3328 1861.)
577 3247 581 3251 ·

222 3351 303 3439 Gap.
327 3357 377 3434 38,
402 3357 451 3418 10.
483 3353 682 3420 Perventum
704 3359 756 3419 est
777 3353 820 3418 ad
843 3354 958 3418 vulnus
982 3374 1080 3437 grave
1103 3360 1137 3419 et
1159 3351 1235 3437 prof
1279 3389 1292 3400 -

132 3463 211 3529 dius
238 3462 362 3542 latens,
396 3461 486 3545 quod
511 3468 623 3527 tumen
652 3459 835 3527 manifestis
863 3461 993 3526 indiciis
1023 3462 1182 3546 arguitur.
1229 3459 1292 3539 Qui

129 3568 252 3648 fuerit,
285 3569 411 3634 vocatis
436 3569 571 3636 taudem
594 3567 772 3652 aliquando
795 3590 816 3633 a
839 3570 1030 3634 decemviris
1054 3576 1187 3650 senatu,
1223 3571 1291 3634 ani-

130 3663 266 3744 morum
287 3662 394 3761 plebis
415 3661 565 3758 habitus,
594 3677 650 3760 qui
672 3697 850 3758 sermones,
879 3678 927 3742 sic
950 3676 1162 3743 describitur:
1186 3714 1229 3722 -
1250 3714 1293 3723 —

131 3786 297 3852 curiam
322 3784 422 3866 inde,
445 3805 491 3853 ac
519 3784 791 3851 solitudinem
820 3786 929 3850 circa
957 3784 1209 3851 decemviros
1239 3788 1292 3851 in-

131 3893 262 3972 tueri,
297 3913 420 3977 quum
449 3899 489 3958 et
510 3893 608 3978 ipsi,
642 3913 842 3958 consensu
870 3893 1047 3958 invisum
1069 3893 1293 3976 imperium,

133 4008 179 4066 et
199 3999 328 4085 plebs,
350 4002 449 4086 quia
469 3999 647 4084 privatis
670 4001 732 4066 ius
755 4022 831 4066 non
854 4007 966 4066 esset
987 3999 1160 4067 vocandi
1183 4022 1293 4066 sena·

132 4117 234 4190 turn,
267 4127 345 4174 non
373 4107 590 4175 convenire
618 4114 760 4192 patres
782 4108 1182 4192 interpretarentur3
1215 4108 1294 4172 iam

132 4221 264 4301 caput
303 4213 401 4281 lieri
432 4214 675 4283 libertatem
708 4216 993 4300 repetentium,
1034 4215 1068 4279 si
1103 4236 1144 4280 se
1177 4214 1293 4299 plebs

133 4324 328 4391 comitem
376 4324 541 4390 senatui
581 4322 651 4391 det
688 4330 742 4405 et,
786 4323 1117 4407 quemadmodum
1153 4328 1293 4407 patres
