2994 5108
221 450 283 506 uie.
302 450 352 505 ιιι
778 431 818 493 98

221 621 397 689 rabilior
436 618 586 697 saltus,
626 615 728 682 ceteri
765 613 1145 698 inexsuperabilis.)
1204 614 1378 681 Postremo

223 728 411 813 (subeunda
433 728 535 806 enim,
565 725 704 790 veritate
727 729 879 807 cogente,
908 721 1057 788 audaciae
1078 723 1289 807 reprehensio
1312 720 1379 805 est)

223 837 239 923 ξ
263 843 281 903 5
304 856 417 902 verum
446 854 518 900 esse
545 852 643 917 posse
664 852 763 915 nego,
792 830 881 914 quod
903 830 1075 896 scribitur:
1108 851 1228 915 quum
1251 829 1378 911 aliud,

222 951 493 1031 praeterquam
516 940 562 1006 de
585 960 663 1023 quo
684 938 967 1018 rettulissent,
997 937 1216 1004 decemviri
1239 936 1379 1005 dicere

222 1052 506 1138 prohiberent,
546 1046 762 1112 Claudium
796 1045 1095 1130 interpellandi
1126 1045 1381 1112 verecundia

223 1161 317 1241 fuit;
338 1158 410 1223 haec
432 1157 518 1223 enim
541 1157 590 1221 sic
613 1154 782 1233 dicuntur,
813 1160 971 1236 tanquam
993 1154 1101 1239 ipsum
1125 1153 1297 1220 Claudium
1320 1153 1377 1235 (de

225 1289 262 1334 eo
286 1268 372 1333 enim
396 1263 519 1349 agitur)
541 1262 771 1347 prohibuerint
793 1262 857 1328 nisi
881 1261 921 1326 de
943 1283 979 1326 re
1001 1261 1106 1328 relata
1129 1261 1246 1327 dicere.
1291 1260 1378 1327 Nam
1392 1256 1413 1269 “

224 1374 313 1458 quod
330 1372 531 1439 adscribitur
543 1370 753 1437 Germanice:
778 1375 903 1450 sonat,
922 1367 987 1434 bei
1010 1368 1083 1435 den
1106 1368 1288 1453 iibrigen,
1311 1391 1377 1435 non

223 1488 336 1568 potest
358 1480 466 1545 omitti
493 1478 542 1559 id,
571 1479 606 1543 in
635 1497 699 1561 quo
723 1477 797 1561 ipsa
818 1477 982 1542 sententia
1003 1479 1151 1543 vertitur.
1201 1476 1382 1543 Manifesta

224 1591 396 1657 sententiae
418 1588 503 1653 ratio
528 1593 560 1652 et
583 1585 825 1651 contrariorum
842 1583 949 1666 figura
965 1585 1121 1669 postulat,
1144 1590 1183 1650 ut
1198 1584 1379 1651 scribatmt

225 1719 343 1781 quum
371 1695 487 1774 alios,
521 1699 792 1779 praeterquam
820 1692 865 1756 de
894 1714 971 1775 quo
992 1693 1277 1774 rettulissent,
1310 1695 1380 1760 de·

225 1805 391 1870 cemviri
431 1804 572 1868 dicere
605 1798 888 1885 prohiberent,
928 1797 1145 1867 Claudium
1179 1800 1381 1887 interpel-

223 1912 337 1978 landi
360 1909 607 1976 verecundia
628 1907 719 1973 fuit.

311 2016 390 2102 Cap.
415 2023 473 2098 41,
504 2021 539 2095 8,
563 2016 621 2081 ubi
650 2016 835 2099 exponitur,
867 2036 926 2079 cur
948 2017 1051 2081 ceteri
1074 2015 1263 2097 decemviri,
1292 2016 1378 2102 App.

225 2125 363 2192 Claudio
381 2124 472 2191 urbis
491 2145 571 2190 cura
588 2123 770 2202 commissa,
790 2120 826 2200 Q.
839 2122 944 2188 Fabio
961 2122 1083 2188 bellum
1096 2145 1169 2190 cum
1181 2124 1312 2193 Sabinis
1324 2146 1382 2210 ge·
1427 2196 1430 2200 ,

224 2232 361 2299 rendum
384 2232 583 2311 mandarint,
601 2232 635 2295 in
655 2230 707 2310 iis,
725 2250 798 2315 quae
819 2230 859 2295 de
870 2230 974 2296 Fabio
994 2238 1176 2315 ponuntur:
1196 2235 1236 2298 in
1253 2232 1382 2300 Fabio

225 2343 357 2406 minus
391 2342 429 2404 in
463 2339 567 2404 bono
602 2344 797 2405 constans
830 2358 948 2420 quam
982 2360 1122 2405 navum
1150 2341 1189 2404 in
1218 2340 1383 2407 malitia

227 2448 438 2530 ingenium
468 2466 566 2525 esse,
596 2451 648 2511 est
676 2445 802 2531 aliquid
830 2446 864 2510 in
887 2448 1051 2511 sententia
1073 2448 1153 2513 vitii.
1197 2446 1385 2516 Decemviri

228 2556 315 2621 enim
338 2575 404 2620 non
427 2553 626 2636 quaerebant,
651 2575 748 2638 qnam
770 2555 809 2619 in
832 2554 936 2618 bono
961 2561 1116 2620 constans
1139 2562 1226 2621 esset
1247 2555 1384 2639 Fabius,
1474 2632 1481 2644 ,

226 2682 287 2728 nec
309 2661 414 2741 simul,
444 2667 604 2745 quantum
627 2662 769 2727 inbono
792 2663 882 2726 etin
904 2662 990 2727 malo
1013 2663 1196 2743 excelleret,
1218 2666 1386 2732 rationem

226 2769 404 2836 habebant.
455 2768 595 2834 Videtur
616 2768 728 2835 Livius
752 2770 912 2835 orationis
935 2767 1040 2835 forma
1062 2770 1251 2851 aberrasse,
1280 2794 1385 2857 quum

226 2880 273 2944 sic
314 2876 458 2943 scribere
502 2876 638 2942 deberet
677 2876 786 2959 (suum
820 2876 1025 2961 aliorumque
1060 2884 1093 2943 ot
1126 2878 1386 2947 decemvirorum

227 2986 386 3052 iudicium
414 2986 448 3049 iu
471 3006 573 3048 unum
596 2982 773 3068 conflans):
806 2985 936 3068 magis
970 3006 1047 3050 non
1079 2986 1118 3050 in
1152 2986 1254 3053 bono
1288 3009 1386 3054 con-

228 3098 343 3159 stans
368 3113 484 3178 quam
509 3100 570 3157 cet.
615 3092 664 3156 Eo
688 3097 855 3176 spectant,
886 3113 959 3176 quae
982 3092 1215 3174 subiiciuntur,
1242 3095 1386 3163 Fabium

226 3221 292 3266 non
326 3208 446 3265 natura
485 3199 621 3278 malum,
655 3200 878 3266 inconstantia
911 3205 1041 3264 tantum
1075 3207 1108 3265 et
1144 3202 1335 3270 infirmitate
1364 3228 1389 3272 a

228 3309 318 3373 bono
349 3307 540 3386 descivisse,
573 3308 648 3372 ideo
672 3309 702 3372 ei
725 3308 840 3373 urbem
864 3307 954 3372 credi
976 3329 1041 3373 non
1064 3310 1226 3392 potuisse,
1260 3311 1388 3395 inqua

227 3436 312 3480 nava
340 3414 467 3480 mulitia
495 3398 577 3499 opus
607 3421 704 3480 esset.
749 3414 845 3497 (1861
876 3413 1040 3496 errare.)
1090 3414 1184 3497 (Quae
1206 3417 1387 3486 manifesto

227 3521 408 3604 requiritur
431 3524 604 3602 sententia,
625 3544 760 3608 prorsus
784 3523 901 3600 aderit,
923 3524 951 3587 si
974 3528 1050 3587 ante
1074 3525 1204 3591 minus
1221 3525 1387 3594 excidisse

227 3630 412 3713 putarimus
444 3632 593 3715 potius,
627 3630 717 3713 quod
745 3630 830 3695 alter
852 3629 997 3696 adverbii
1021 3633 1262 3715 comparativus
1286 3633 1385 3700 alteri

227 3744 378 3804 noceret:
418 3739 457 3803 in
496 3738 621 3804 Fabio
660 3736 760 3819 potira
798 3738 931 3802 minus
970 3740 1010 3803 in
1048 3736 1150 3805 hono
1184 3746 1386 3808 constans

229 3867 344 3929 quam
367 3867 508 3910 navum
531 3848 570 3911 iu
592 3846 756 3912 malitia
775 3846 981 3928 ingenium
1006 3867 1103 3911 esse.
1152 3846 1259 3930 18⁷5.)

313 3949 391 4037 Cap.
416 3957 468 4034 45,
498 3958 516 4019 9
539 3956 574 4018 in
595 3954 680 4019 Icilii
701 3954 808 4038 Appio
833 3951 971 4019 Claudio
994 3954 1151 4020 minantis
1173 3956 1325 4023 oratione
1348 3957 1384 4021 in

227 4059 278 4125 his
300 4060 425 4125 verbis:
460 4062 596 4147 Neque
629 4068 674 4126 tu
707 4061 820 4127 istud
848 4083 1020 4145 unquam
1054 4061 1265 4129 decretum
1295 4065 1384 4131 sine

229 4168 334 4233 caede
362 4172 506 4233 nostra
527 4168 699 4249 referes,
732 4167 908 4235 obscurum
930 4175 996 4250 est,
1030 4191 1096 4254 quo
1126 4190 1223 4236 sensu
1253 4170 1385 4238 dicatur

227 4276 383 4342 referre
412 4276 632 4358 decretum
661 4276 794 4343 ridetur
822 4279 907 4342 enim
931 4299 1002 4344 esse
1024 4299 1184 4346 renovare
1208 4279 1385 4345 etiterum
