2994 5108
687 468 750 528 475
1104 479 1166 535 Lib.
1184 479 1298 534 XXXII.

142 646 301 730 quidem
323 670 394 733 per
415 650 497 716 haec
521 652 766 716 societatem
788 649 992 715 firmabat.
1038 649 1297 716 Macedonum

143 756 300 823 animos
333 778 418 824 cum
447 757 699 824 Heracliden
733 759 901 823 amicum
935 758 1105 822 maxime
1134 757 1297 823 invidiae

142 862 224 928 sibi
246 885 337 930 esse
360 872 563 946 cerneret,
593 866 735 931 multis
758 862 1001 930 'criminibus
1025 872 1236 930 oneratum
1259 866 1297 930 in

141 971 275 1037 vincla
309 974 503 1052 coniecit,
543 975 698 1057 ingenti
731 972 990 1057 popularium
1024 972 1179 1056 gaudio.
1245 971 1297 1039 Sic

142 1079 211 1144 sine
233 1079 303 1146 ulla
323 1081 425 1147 litura
447 1083 595 1164 spatiare
619 1102 720 1146 vacuo
744 1081 776 1144 iu
800 1080 827 1144 B
851 1081 1017 1160 scribitur,
1041 1102 1171 1165 exque
1194 1083 1297 1166 scrip·

141 1192 217 1251 tura
254 1209 354 1272 quam
392 1190 479 1255 facili
520 1196 553 1253 et
587 1197 677 1254 certa
716 1188 944 1254 emendatione
984 1210 1095 1253 verum
1138 1196 1297 1269 oreretur,

142 1296 233 1361 cuius
261 1298 400 1381 vestigia
421 1298 455 1362 in
479 1299 598 1362 ceteris
622 1296 790 1362 codicibus
813 1297 895 1360 mira
919 1296 1140 1379 interpolandi
1162 1297 1297 1363 licentia

141 1402 317 1468 obscurata
350 1412 462 1484 eraut,
503 1406 570 1469 dixi
602 1407 668 1469 iam
697 1426 726 1467 a.
753 1407 834 1468 1829
874 1403 951 1483 (rid.
982 1403 1102 1486 Opusc.
1135 1404 1233 1469 head.
1264 1406 1295 1469 Il

142 1533 171 1595 p.
196 1516 257 1576 363
281 1513 376 1596 sqq.).
427 1512 512 1577 Nam
535 1514 709 1596 geminatis
734 1512 862 1576 ‹luabus
886 1513 1039 1576 extremis
1062 1512 1182 1577 litteris
1205 1515 1296 1579 verbi

141 1617 348 1699 firmabat,
383 1619 433 1685 fit:
470 1620 519 1684 At
547 1620 624 1702 (hoc
654 1627 718 1685 est:
754 1621 815 1700 ad)
845 1619 1107 1684 Macedonum
1138 1623 1294 1685 animos

141 1748 258 1811 quum
297 1728 544 1794 Heracliden
591 1730 760 1793 amicum
807 1729 973 1791 maxime
1012 1728 1174 1792 invidiae
1216 1731 1295 1794 sibi

141 1856 226 1901 esse
249 1844 445 1915 cerneret,
475 1858 515 1900 m.
541 1838 646 1900 erim.
672 1857 776 1899 ouer.
801 1836 839 1898 in
869 1835 1003 1898 vincla
1026 1837 1209 1902 coniecit
1232 1846 1292 1903 cet.

142 1943 320 2029 Aptissima
348 1944 457 2008 Livius
486 1945 533 2007 sic
562 1944 604 2007 ab
628 1941 754 2007 Achaeis
784 1943 824 2006 ad
850 1942 1046 2007 Macedones
1075 1946 1210 2021 transit,
1245 1955 1292 2023 ut,

141 2051 218 2136 quid
247 2051 321 2118 illos
349 2053 489 2117 maxime
520 2052 553 2114 in
575 2050 725 2133 Philippo
755 2049 942 2125 offenderit,
978 2051 1084 2129 dicat,
1119 2051 1236 2117 deinde
1260 2055 1293 2118 id

141 2159 328 2245 Philippum
357 2159 529 2225 sustulisse
558 2167 679 2223 narret.
736 2159 779 2223 Et
813 2159 978 2223 invidiae
1007 2159 1140 2243 quidem
1168 2161 1291 2226 alicui

142 2290 211 2335 esse
246 2276 306 2334 aut
338 2269 514 2332 invisum
547 2288 634 2330 esse
670 2267 731 2345 ad,
770 2265 834 2331 hoc
868 2274 932 2345 est,
973 2267 1082 2349 apud
1116 2266 1291 2352 aliquem

141 2398 239 2460 quam
263 2376 384 2441 usitate
408 2376 546 2454 dicatur,
575 2374 744 2438 declarant
766 2376 870 2457 ipsius
894 2374 975 2437 Livii
999 2375 1149 2459 exempla
1172 2377 1248 2440 olim
1273 2401 1293 2443 a

140 2506 189 2549 me
212 2484 330 2568 posita,
359 2483 415 2547 lII.
442 2486 491 2559 31,
515 2488 534 2546 4
559 2483 732 2564 (invidiae
755 2489 887 2547 tamen
909 2505 972 2547 res
996 2484 1043 2548 ad
1067 2487 1291 2550 exercitum

140 2590 229 2675 fuit)
252 2600 287 2657 et
303 2591 418 2670 XXIV,
443 2595 492 2669 32,
516 2590 614 2671 2(ad
638 2591 820 2654 militare
843 2613 967 2673 gertus
991 2613 1101 2656 omne
1124 2601 1294 2677 partem-

141 2720 213 2783 que
237 2720 415 2781 magnam
438 2698 570 2782 plebis
594 2700 767 2762 invisum
791 2721 880 2764 esse
898 2720 1034 2763 nomeu
1054 2701 1293 2783 Romanum),

140 2813 172 2872 et
195 2805 361 2871 Ciceronis
385 2806 442 2887 (ad
459 2805 557 2870 Attio.
578 2805 663 2886 VIII,
688 2812 715 2886 3,
740 2811 773 2870 6:
797 2808 1044 2872 invidiosum
1068 2807 1117 2871 ad
1140 2809 1293 2890 bonos),

141 2921 178 2979 ut
203 2914 287 2978 nihil
314 2935 397 2997 opus
428 2913 472 2978 sit
499 2915 742 2996 praepositionis
773 2915 821 2978 ad
851 2915 965 2979 eodem
994 2914 1180 2995 significatu
1204 2917 1294 2999 apud

140 3021 258 3087 similia
291 3021 391 3086 verba
425 3021 649 3086 locutionesre
682 3023 799 3104 positae
828 3023 977 3106 exempla
1005 3022 1139 3086 Liviana
1171 3023 1292 3087 addere

141 3128 242 3209 (velut
264 3129 307 3206 V,
337 3134 373 3206 6,
404 3134 439 3191 6:
475 3129 618 3193 famam
642 3129 687 3192 ad
712 3139 878 3194 ceteros
901 3132 1072 3212 populos
1097 3152 1292 3212 quaerere,

139 3235 259 3317 XXIX,
293 3241 346 3311 11,
376 3242 411 3300 4ε
448 3242 582 3316 terrae,
612 3238 658 3300 ad
688 3260 787 3319 quas
811 3238 1074 3303 concilianda
1095 3240 1292 3305 maiestas

139 3347 289 3411 nomini
313 3346 492 3410 Romano
516 3353 635 3423 esset,
665 3346 730 3409 ihd.
756 3351 807 3423 22,
837 3351 866 3424 8,
896 3345 1043 3426 XXXVI,
1074 3352 1103 3426 8,
1128 3355 1162 3411 4:
1193 3368 1291 3428 quae-

140 3454 245 3518 renti
280 3452 359 3517 sibi
394 3453 787 3519 commendationem
822 3455 868 3518 ad
897 3454 1164 3521 Macedonum
1199 3479 1291 3540 gen·

138 3567 214 3626 tem
238 3568 276 3626 et
299 3558 492 3625 invidiam
515 3563 615 3643 regi,
645 3570 678 3625 et
702 3568 735 3626 5:
765 3563 919 3627 nullam
943 3565 1120 3646 gratiam
1144 3565 1192 3630 ad
1215 3564 1291 3628 Ma·

139 3668 322 3747 cedones,
347 3667 482 3732 odium
506 3671 648 3752 ingens
672 3670 719 3734 ad
743 3670 977 3755 Philippum
1000 3672 1147 3754 movit).
1195 3671 1290 3748 Quod

138 3783 244 3841 autem
262 3775 545 3841 Weissenborniaa
568 3776 651 3841 hanc
675 3762 937 3842 emendationem
961 3779 1165 3860 probandam
1189 3780 1290 3845 rideri

138 3884 283 3967 potuisse
306 3883 445 3962 iudicat,
475 3885 502 3949 si
525 3892 614 3949 esset
637 3886 685 3949 ad
707 3885 964 3964 Macedones,
994 3907 1033 3950 ea
1055 3908 1130 3951 vero
1155 3887 1289 3951 distinc-

137 3991 183 4057 tio
211 3990 304 4056 nulla
326 3997 391 4069 est,
425 3992 579 4074 quoniam
607 4014 671 4057 uon
700 3995 806 4058 miuus
835 3995 962 4058 animos
991 3993 1159 4059 hominum
1189 3993 1289 4058 offen-

138 4098 242 4165 dimus
271 4116 370 4181 quam
397 4100 489 4183 ipsos
517 4100 666 4166 homiues
695 4123 755 4165 nec
784 4102 891 4166 minus
921 4101 1008 4185 apud
1038 4101 1164 4165 animos
1194 4101 1288 4165 invisi

139 4228 248 4272 sumus
278 4227 377 4290 quam
405 4207 494 4291 apud
521 4206 685 4289 homines3
720 4209 837 4273 maluit
867 4216 977 4273 autem
1006 4208 1054 4272 sic
1077 4208 1187 4271 Livius
1210 4208 1287 4271 seri-

137 4319 220 4401 bere,
243 4313 333 4395 quod
356 4312 398 4379 ab
419 4316 514 4381 initio
537 4318 716 4395 sententia,
739 4317 883 4383 nondum
907 4317 1015 4399 posito
1038 4317 1095 4383 illo
1119 4317 1286 4383 inuidia
1304 4326 1375 4394 (3801
