2994 5108
203 486 268 538 Lib.
288 484 426 538 XXXVII.
752 474 813 534 532

203 656 266 720 hac
297 658 461 740 scriptura
488 657 593 722 latere
616 659 744 736 dicunt,
774 657 871 735 nihil,
900 658 1026 739 opinor,
1054 657 1154 735 latet,
1185 659 1251 722 nisi
1273 658 1363 740 quod

203 785 269 827 una
291 765 404 828 littera
427 771 556 829 mutata
578 772 704 829 rectum
724 771 856 848 tempus
876 765 1115 829 restituendum
1136 771 1204 828 est:
1230 765 1362 829 edide-

203 872 301 950 rint,
324 871 354 934 h.
380 894 417 951 0.,
441 894 525 954 quas
549 880 716 954 tamquam
741 894 875 937 suarum
900 874 1041 955 partium
1067 873 1318 938 nominaverint.

290 978 366 1062 Cap.
390 986 448 1058 41,
480 986 513 1055 4,
545 979 601 1043 ubi
624 986 690 1044 est:
726 981 836 1062 regii
872 988 956 1045 tam
983 980 1075 1045 lata
1104 982 1195 1045 acie
1229 1001 1279 1044 ne
1314 1003 1362 1044 ex

203 1087 338 1152 medio
375 1087 547 1169 quidem
581 1108 740 1151 cornua
775 1069 844 1151 sua
879 1089 1211 1171 circumspicere
1241 1095 1360 1171 pote-

119 1202 319 1274 (410111111,
361 1194 509 1258 nedum
550 1196 725 1258 extremi
759 1197 873 1259 inter
907 1217 948 1259 se
982 1196 1360 1278 conspicerentur,

206 1303 390 1366 necessario
423 1282 632 1366 scribendum
663 1311 741 1384 puto
773 1304 1036 1385 conspicere3
1077 1324 1153 1366 nam
1184 1304 1360 1367 circum·

203 1410 384 1491 spicere,
419 1409 481 1473 hoc
515 1415 580 1488 est,
612 1408 715 1473 oculis
738 1430 900 1490 quaerere,
924 1410 1020 1474 facile
1048 1416 1219 1493 poterant,
1252 1430 1360 1493 neque

203 1517 530 1600 circumspectionem
564 1516 669 1599 caligo
704 1516 807 1595 tollit,
841 1517 898 1582 sed
935 1523 1160 1600 conspectum,
1203 1524 1238 1581 et
1273 1516 1360 1582 idem

204 1624 338 1688 verbum
372 1630 513 1705 utroque
542 1624 614 1687 loco
644 1645 715 1688 esse
747 1623 859 1702 debet,
893 1632 944 1702 ut,
979 1624 1066 1704 quod
1099 1646 1140 1688 ne
1176 1646 1216 1688 ex
1250 1624 1360 1690 media

203 1731 336 1812 quidem
359 1733 428 1795 acie
451 1730 522 1795 fieri
545 1732 704 1812 potuerit,
738 1730 773 1794 id
801 1730 905 1795 multo
934 1734 1042 1796 minus
1065 1753 1082 1796 e
1106 1731 1261 1796 cornibus
1289 1731 1360 1796 fieri

204 1840 348 1919 potuisse
377 1838 589 1919 significetur.
645 1838 694 1902 De
729 1838 856 1902 duabus
892 1840 987 1904 simul
1016 1839 1167 1923 partibus
1196 1841 1359 1924 conspici·

202 1946 295 2009 endis
324 1968 388 2010 non
418 1947 551 2029 ponitur
569 1948 906 2029 circumspicere.
931 1944 1143 2030 [Coniectura
1170 1948 1205 2010 in
1229 1947 1358 2012 duabus

187 2044 463 2117 Drakenborchii
486 2051 653 2117 codicibus
676 2060 843 2137 praecepta
865 2053 938 2136 est]

288 2158 366 2243 Cap.
391 2166 450 2238 42,
485 2166 503 2223 2
534 2161 580 2240 (in
609 2162 799 2225 narratione
828 2160 944 2243 proelii
973 2160 1016 2223 ad
1044 2160 1279 2242 Magnesiam:
1304 2161 1358 2226 Ad

201 2289 301 2350 quos
337 2270 479 2348 (equites
514 2267 759 2350 cataphractos)
793 2289 925 2349 quum,
966 2267 1188 2351 dissipatis
1220 2269 1358 2334 subsi-

201 2374 296 2453 diis,
331 2377 592 2458 pervenisset
621 2375 833 2456 equitatus
856 2375 1078 2452 Romanus,
1112 2397 1161 2439 nc
1184 2377 1358 2459 primurn

201 2481 359 2564 quidem
399 2485 594 2565 impetum
633 2504 725 2564 pars
764 2504 903 2546 eorum
938 2483 1240 2563 sustinuerunt3
1281 2482 1356 2548 alii

200 2588 280 2651 fusi
304 2596 413 2667 sunt,
450 2589 524 2652 alii
555 2597 724 2673 propter
752 2590 1002 2671 gravitatem
1024 2597 1356 2671 tegumentorum

201 2717 480 2777 armorumque
505 2700 694 2779 oppressi
720 2695 848 2778 [sunt].
903 2696 936 2761 Si
959 2696 1029 2760 haec
1052 2718 1131 2760 vera
1153 2704 1248 2777 sunt,
1278 2719 1356 2781 pars

201 2804 347 2884 equitum
385 2804 675 2886 cataphractorum
712 2807 869 2887 impetum
900 2806 1126 2868 sustinuerunt
1153 2826 1262 2888 neque
1292 2806 1357 2871 fusi

200 2917 256 2973 aut
280 2914 425 2992 oppressi
451 2921 540 2989 sunt3
576 2913 633 2976 sed
664 2914 741 2995 quid
772 2934 810 2975 ca
833 2933 910 2993 pars
935 2912 1053 2975 deinde
1077 2918 1135 2975 aut
1157 2914 1277 2978 fecerit
1299 2921 1358 2978 aut

199 3039 297 3099 passa
320 3021 377 3098 sit,
411 3042 476 3084 non
500 3020 630 3083 dicitur.
687 3020 848 3103 Apparet,
883 3041 1072 3101 perversum
1101 3040 1173 3082 esse
1203 3020 1288 3084 illud
1317 3020 1357 3084 de

199 3133 292 3207 parte
327 3126 453 3208 (aliqua
486 3128 625 3207 incerta)
665 3130 821 3210 impetum
860 3150 923 3190 non
965 3128 1148 3191 sustinente
1189 3148 1358 3209 pravoque

198 3232 271 3296 loco
307 3234 498 3297 divisionem
531 3234 610 3297 fieri.
669 3234 854 3316 Scripserat
881 3234 1004 3298 Livius:
1033 3270 1074 3277 -
1104 3256 1149 3297 nc
1184 3236 1358 3315 primum

199 3340 358 3422 quidem
394 3343 589 3424 impetum
625 3345 932 3424 sustinuerunt,
968 3324 1239 3424 parseorum
1275 3343 1357 3408 fusi

200 3453 304 3523 sunt,
334 3446 404 3512 alii
430 3455 599 3532 propter
622 3451 870 3530 gravitatem
893 3455 954 3513 cet.
1009 3447 1116 3524 Quum
1139 3449 1265 3533 aliquis
1288 3450 1358 3514 vul-

198 3574 310 3635 garem
334 3555 552 3619 distribuendi
576 3556 715 3620 formam
738 3557 970 3638 significasset,
1000 3557 1168 3638 adscripto
1193 3558 1237 3621 ad
1262 3579 1358 3642 pars

198 3681 336 3724 eorum
360 3663 519 3725 vocabulo
544 3663 627 3741 alii,
651 3662 750 3744 idque
773 3665 807 3728 in
831 3670 1017 3728 contextam
1042 3665 1228 3728 orationem
1252 3667 1357 3729 renis·

197 3774 265 3845 set,
301 3790 396 3850 pars
420 3790 558 3833 eorum
582 3771 624 3834 ad
647 3773 759 3851 priora
782 3777 925 3835 tractum
955 3773 1265 3855 transpositumque
1296 3780 1358 3837 est.

197 3874 362 3956 [Offensus
386 3883 457 3940 erat
480 3876 674 3958 Creveriua]
806 3957 808 3960 y

284 3982 362 4065 Cap.
392 3989 448 4062 43,
480 3990 513 4047 9:
550 3983 736 4049 Ceterum
772 3987 1028 4068 fugientibus
1066 3987 1193 4051 maior
1225 3992 1358 4070 pestis

197 4092 454 4155 intermixtis
496 4092 712 4174 quadrigis
753 4094 1073 4175 elephantisque
1112 4101 1153 4158 et
1186 4097 1358 4163 camelis

197 4205 285 4262 erat
314 4205 352 4262 et
384 4221 455 4263 sua
484 4201 667 4280 ipsorum
697 4201 834 4278 turba,
869 4222 989 4282 quum
1017 4201 1168 4266 solutis
1198 4205 1356 4269 ordini-

196 4303 268 4368 bus
306 4305 416 4370 velut
445 4309 542 4369 caeci
572 4329 692 4390 super
722 4307 832 4371 alios
863 4307 940 4371 alii
982 4317 1150 4373 ruentes
1179 4311 1357 4376 incursu

195 4408 405 4475 beluarum
439 4412 738 4479 obtererentur.
781 4415 977 4480 Necessario
1006 4416 1190 4481 tollendum
1215 4425 1255 4482 et
1277 4427 1356 4484 ante
