3000 5116
685 509 745 568 547
1055 520 1118 576 Lib.
1137 519 1292 575 XXXVIII.

136 694 210 759 lloc
234 695 459 759 animadverso
485 695 694 776 intellegitur,
718 717 789 779 pro
813 694 970 758 viribus
994 715 1032 757 eo
1056 694 1236 776 pertinere,
1259 699 1296 755 nt

138 825 204 867 non
228 803 313 867 idem
337 802 380 867 ab
404 803 556 866 omnibus
587 810 747 885 quattuor
775 803 905 885 populis
934 811 1090 866 numerus
1118 800 1214 864 datus
1244 800 1296 876 sit,

140 912 320 992 eodemque
343 918 493 993 spectare
512 912 674 974 vicenos
687 916 820 994 auton.
856 911 972 992 ltaque
992 909 1035 973 ad
1054 908 1139 971 hanc
1158 906 1296 971 formam

139 1019 252 1084 Livius
276 1018 468 1101 scripserat:
494 1017 665 1082 Obsides
689 1018 782 1082 inde
806 1020 1029 1100 imperatos
1048 1037 1118 1098 pro
1142 1013 1296 1078 viribus

140 1129 287 1209 inopes
309 1124 468 1208 populi,
492 1125 749 1205 qudraginta
772 1124 954 1199 banael,
977 1125 1140 1188 vicenos
1164 1128 1298 1186 autem

141 1233 283 1297 Cranii
317 1239 355 1295 et
388 1232 583 1297 Palenses
617 1240 656 1297 et
691 1232 830 1298 Samaei
867 1232 1076 1296 dederunt.
1128 1229 1299 1293 Aberraiit

141 1340 268 1405 librarii
292 1339 405 1404 oculus
429 1361 449 1403 a
472 1342 580 1422 priore
603 1362 737 1405 numero
761 1342 803 1405 ad
822 1341 971 1405 alterum.
1006 1337 1186 1401 Numerum
1203 1337 1291 1419 prio·
1309 1341 1384 1412 (444)

142 1470 213 1513 rem
247 1450 407 1511 incertum
437 1469 507 1511 esse
537 1456 676 1530 apparet
700 1449 782 1527 (XL,
805 1448 906 1525 XXX,
937 1445 998 1528 X),
1027 1466 1086 1509 nec
1114 1445 1221 1508 minus
1250 1444 1298 1506 in-

142 1561 269 1620 certum
298 1562 357 1633 est,
374 1555 408 1618 in
427 1556 574 1618 codicum
595 1557 759 1638 scriptura
782 1556 986 1621 Grannoni
1010 1554 1179 1617 lateantne
1209 1549 1299 1615 Cra-

143 1663 201 1727 nii
226 1684 268 1726 an
297 1662 496 1739 Pronnaei,
521 1672 559 1726 ut
586 1665 692 1746 primo
725 1665 797 1728 loco
829 1663 938 1728 Cranii
973 1661 1133 1726 nominati
1167 1659 1297 1723 luerint.

142 1771 386 1851 (Dederunt,
419 1778 457 1834 ut
489 1771 595 1834 multa
628 1773 660 1834 in
690 1770 726 1848 B,
749 1772 874 1835 librarii
906 1770 1113 1853 neglegentia
1142 1768 1299 1832 omissum

143 1878 282 1942 videtur.
327 1879 482 1962 Alioquin
505 1885 637 1962 poterat
661 1879 775 1943 scribi:
800 1879 858 1943 XL
877 1878 1063 1942 Pronnaei
1087 1875 1299 1952 dederunt,

142 1988 314 2050 vicenos
340 1995 476 2050 autem
500 1985 576 2066 cet.)

233 2092 312 2177 Cap.
327 2098 376 2172 38,
391 2099 420 2157 8.
445 2093 522 2170 Quae
535 2097 568 2158 in
585 2093 715 2159 foedere
733 2116 807 2158 curn
819 2094 980 2158 Antiocho
994 2094 1033 2157 de
1045 2093 1176 2157 navium
1187 2111 1299 2154 nume·

143 2223 192 2278 ro,
217 2223 314 2284 quem
337 2201 459 2266 habere
482 2204 551 2283 regi
573 2202 698 2280 liceret,
723 2203 846 2284 script-a
864 2208 966 2279 orant,
991 2221 1028 2264 ea
1047 2207 1079 2263 et
1099 2199 1187 2282 apud
1205 2198 1300 2281 Poly·

144 2309 238 2372 bium
270 2307 387 2388 (XXII,
410 2309 465 2389 26)
496 2316 529 2373 et
558 2311 645 2393 apud
669 2310 796 2373 Livium
826 2315 982 2390 corrupta
1005 2314 1038 2370 et
1061 2306 1197 2370 confusa
1220 2327 1300 2384 esse,

145 2417 277 2481 etiamsi
300 2415 393 2480 nulla
415 2418 587 2498 utriusque
611 2419 781 2500 scriptoris
810 2416 1014 2499 comparatio
1044 2413 1117 2492 fiat,
1142 2414 1238 2478 facilc
1262 2435 1301 2478 ex

144 2523 220 2606 ipsa
243 2545 278 2587 re
302 2531 335 2587 et
357 2524 464 2588 verbis
481 2532 660 2608 appareat3
685 2525 833 2590 adhibita
852 2531 961 2588 autem
980 2525 1039 2589 illa
1056 2523 1301 2606 comparatione

144 2630 353 2695 manifestius
371 2631 424 2710 fit;
437 2653 502 2713 quo
521 2653 620 2713 quum
641 2632 778 2696 accedat
795 2633 827 2695 in
846 2632 1021 2715 generibus
1040 2631 1170 2695 navium
1189 2627 1302 2712 appel-

143 2725 392 2823 lationibusque
411 2739 618 2820 ambiguitas,
633 2739 793 2822 equidem,
813 2761 919 2823 neque
937 2741 1013 2821 quid
1027 2738 1182 2822 Polybius
1194 2758 1300 2820 neque

145 2845 227 2929 quid
251 2845 363 2910 Livius
387 2848 571 2929 scripserit,
595 2869 655 2930 pro
680 2854 770 2911 certo
793 2848 933 2911 inveniri
956 2867 1052 2929 posse
1075 2853 1172 2929 puto,
1202 2845 1301 2909 attin-

144 2974 221 3036 gam
245 2960 358 3039 tamen
388 2954 500 3035 aliqua
523 2975 562 3017 ex
585 2962 679 3036 parte
702 2954 788 3018 hunc
816 2955 934 3034 locum,
959 2976 1095 3038 quaeque
1124 2954 1204 3017 mihi
1227 2973 1301 3035 pro·

144 3060 272 3125 babilis
296 3060 483 3139 videantur,
514 3061 657 3125 breviter
687 3061 803 3126 dicam.
851 3062 994 3125 Primum
1018 3062 1106 3145 apud
1129 3060 1301 3144 Polybium

144 3168 324 3232 manifesto
350 3174 504 3250 corrupta
532 3174 609 3232 sunt
637 3169 709 3232 illa:
743 3176 810 3249 μηδὲ
831 3178 1066 3251 τριακοντάκωπον
1088 3178 1169 3245 ἐχέτω
1192 3175 1299 3231 ἐλαυνό-

143 3302 235 3356 μενον,
257 3277 292 3338 in
314 3275 433 3357 quibus
455 3296 588 3359 prorsus
606 3276 753 3341 abundat
771 3277 990 3360 participium,
1014 3298 1182 3360 quumque
1200 3277 1300 3340 maio-

144 3405 219 3448 rum
243 3385 376 3448 navium
400 3382 465 3464 (τῶν
488 3385 695 3464 καταφράκτων)
720 3386 857 3467 exiguus
875 3386 929 3449 ille
947 3385 1089 3469 quidem,
1114 3385 1171 3449 sed
1189 3391 1299 3450 tamen

144 3490 266 3572 aliquis
288 3512 446 3555 numerus
469 3492 539 3573 regi
563 3492 771 3569 concedatur,
796 3493 959 3558 minorum
981 3494 1187 3576 possessione
1211 3513 1302 3575 pror·

145 3614 201 3662 ans
225 3599 256 3662 ei
289 3598 454 3663 indicitur.
499 3598 614 3681 Neque
643 3599 721 3663 ferri
744 3607 856 3682 potest
876 3606 945 3679 μηδὲ
966 3609 1042 3666 ante
1066 3609 1185 3681 πολέμου
1209 3605 1302 3671 bem,

146 3705 235 3789 quod
258 3707 306 3770 sic
329 3705 457 3785 dicitur,
480 3707 575 3788 quasi
598 3708 669 3770 eius
692 3706 770 3771 belli
794 3728 904 3787 causa,
928 3709 1017 3793 quod
1034 3709 1104 3791 ipse
1121 3707 1302 3772 Antiochus

145 3813 221 3878 aliis
245 3814 399 3879 illaturus
423 3815 474 3893 sit,
498 3814 572 3897 plus
602 3815 735 3878 concedi
764 3836 894 3898 aequum
917 3817 976 3895 sit;
1009 3837 1084 3879 nam
1113 3814 1301 3880 huiusmodi

144 3919 245 3985 bellis
267 3921 481 3985 interdictum
504 3924 573 4005 regi
601 3921 719 4001 fuisse,
742 3922 840 4005 paulo
869 3930 978 3987 autem
1007 3925 1177 3987 maiorem.
1208 3923 1235 3985 si
1258 3922 1300 3986 ab

108 4070 113 4080 ·
144 4027 220 4092 aliis
245 4030 315 4112 ipse
338 4036 600 4112 oppugnaretur,
634 4029 821 4094 libertatem
850 4037 883 4094 et
905 4032 1061 4095 maiorem
1088 4031 1218 4094 navium
1242 4051 1301 4093 nu-

144 4156 275 4200 merum
309 4156 502 4201 concessum
530 4158 616 4216 esse,
645 4145 677 4201 et
705 4144 826 4202 natura
853 4139 900 4202 rei
925 4137 1071 4202 declarat
1094 4144 1126 4202 et
1149 4139 1300 4220 Appiani,

145 4242 217 4307 haec
240 4245 275 4307 in
299 4243 430 4307 brevius
453 4245 688 4324 contrahentis,
711 4247 933 4309 testimonium
957 4244 1040 4328 (Syr.
1066 4246 1120 4326 39)
1144 4251 1176 4308 et
1199 4246 1301 4328 ipsius

143 4349 240 4414 Livii.
284 4350 382 4433 Apud
404 4351 531 4415 Livium
554 4360 663 4417 autem
692 4352 760 4432 (ut,
789 4353 910 4417 omissa
939 4359 1123 4416 ceterorum
1152 4353 1301 4419 codicum

1020 4470 1070 4523 3⁶*
