2994 5108
687 464 747 524 585
1147 474 1208 528 Lib.
1227 473 1284 529 XL.

139 646 230 713 lunt
264 649 493 731 suspicere.
537 647 640 712 Paulo
673 654 750 712 ante
784 647 815 731 (ξ
840 647 872 728 6)
909 647 1116 713 scribendum
1150 647 1288 728 videtur,

139 757 287 840 proxime
327 756 369 820 ad
415 755 571 821 Grouorii
605 757 881 822 emendationem:
917 756 1105 841 quaesivit
1143 755 1190 820 ab
1230 776 1290 835 eo,

140 864 270 928 llbere
292 886 338 929 ne
363 864 444 928 sibi
465 864 612 928 liceret
639 885 682 929 ac
712 866 797 929 suis
820 865 963 929 vivere.
1011 861 1106 940 Quod
1129 861 1289 928 Weissen-

139 972 275 1038 bornius
298 973 417 1056 posuit,
441 972 512 1037 sub
542 994 652 1047 eone,
680 994 792 1037 verum
815 994 885 1036 esse
907 973 1036 1054 nequit3
1072 992 1177 1053 neque
1201 973 1288 1036 euim

139 1083 173 1147 id
196 1081 344 1146 Thurrus
367 1081 502 1164 agebat,
526 1088 562 1144 ut
585 1080 646 1145 sub
671 1080 818 1145 Graccho
842 1081 1047 1164 potissimum
1070 1081 1207 1158 viveret,
1232 1081 1288 1164 qui

139 1192 287 1274 proximo
312 1210 397 1254 anuo
421 1212 459 1253 ex
482 1189 649 1277 Hispania
666 1190 872 1254 discessurus
897 1194 978 1253 erat.

226 1298 304 1383 Cap.
329 1304 378 1377 50,
403 1302 435 1361 3:
459 1299 609 1362 multos
639 1299 841 1379 utrimque
866 1297 1105 1380 (Romanorum
1127 1295 1288 1380 Hispano·

138 1409 289 1490 rumque)
302 1406 507 1472 cecidisse
527 1405 674 1490 (quidam
692 1413 844 1470 auctores
856 1403 947 1485 suut)
966 1426 1036 1468 nec
1058 1404 1172 1468 aliud
1188 1426 1289 1488 mag·

138 1537 291 1599 nopere
314 1513 479 1579 berbice
503 1513 692 1579 crederes
715 1513 844 1579 fnisse
867 1514 1084 1591 Romanos,
1113 1514 1196 1577 uisi
1220 1513 1289 1594 qui

139 1632 309 1707 postero
334 1623 396 1686 die
420 1625 675 1687 accesserint
708 1628 916 1687 manentes
950 1620 1114 1704 proelio
1149 1621 1289 1703 spolia

138 1732 247 1796 intra
271 1731 415 1796 vallum
439 1753 508 1814 per
530 1737 659 1795 totum
682 1729 788 1794 diem
810 1730 992 1813 legisset.
1029 1729 1081 1794 Sic
1098 1729 1199 1793 editio
1218 1728 1287 1793 Mo·

138 1840 284 1922 gentina.
330 1839 545 1904 Scribendum
579 1839 720 1902 videtur:
754 1860 825 1903 nec
853 1838 967 1902 aliud
990 1858 1129 1926 magno
1153 1842 1379 1920 opere,(479)

141 1968 204 2011 cu
237 1947 377 2010 vicisse
411 1947 616 2026 credereS,
646 1946 794 2012 secisse
830 1948 1042 2024 Romanos,
1076 1947 1155 2010 nisi
1184 1945 1289 2027 quod

139 2063 307 2140 postero
343 2055 409 2119 die
444 2056 714 2119 lacessierint
747 2054 906 2139 proelio
935 2063 1141 2119 manentes
1177 2055 1289 2118 intra

138 2164 302 2242 vallum,
325 2164 457 2247 spolia
481 2184 550 2246 per
572 2172 700 2227 totum
724 2164 827 2228 diem
844 2163 1007 2245 legisse.
1042 2162 1195 2244 Magnam
1214 2185 1288 2246 par·

137 2279 206 2337 tem
240 2273 452 2336 correctionis
488 2273 671 2336 Gronovius
705 2272 869 2355 praecepit,
904 2272 968 2335 nisi
1002 2271 1088 2353 quod
1122 2279 1289 2355 postrema

138 2381 208 2444 haec
231 2381 377 2464 (spolia
409 2415 452 2425 -
473 2380 661 2462 legisse),
687 2401 758 2462 quae
789 2401 862 2468 cum
896 2379 1051 2445 fecisse
1081 2380 1286 2463 copulantur,

137 2490 298 2554 violenter
332 2511 405 2554 cum
439 2489 705 2552 lacessierint
744 2490 941 2571 coniungere
982 2495 1120 2552 conatus
1155 2496 1220 2566 est3
1255 2489 1288 2550 iu

138 2604 287 2663 monstro
311 2597 366 2661 illo
391 2597 554 2661 berbice
578 2604 611 2660 et
633 2598 769 2680 propius
793 2597 834 2661 ad
857 2597 995 2678 vestigia
1018 2596 1140 2661 codicis
1163 2595 1289 2676 (qualia

139 2705 271 2789 quidem
293 2708 326 2769 in
350 2705 494 2769 editione
518 2726 676 2788 expressa
700 2705 790 2784 sunt)
821 2706 996 2770 accessisse
1025 2683 1136 2768 videor
1165 2712 1198 2768 et
1220 2724 1289 2767 rcc-

138 2815 256 2879 tiorem
290 2815 486 2878 senteutiam
520 2813 666 2878 effecisse
701 2835 799 2894 quam
833 2813 1017 2878 Gronovius
1057 2812 1116 2893 (ue
1156 2814 1287 2876 victos

139 2922 350 3002 crederes).
396 2923 469 2986 Non
499 2922 596 2987 modo
626 2944 691 2986 nou
713 2922 789 2985 victi
812 2942 900 3000 esse,
930 2921 987 2986 sed
1010 2922 1125 2985 vicisse
1149 2921 1289 2986 Romani

138 3032 242 3096 videri
265 3031 425 3095 volebant.

225 3138 302 3223 Cap.
333 3144 382 3218 bl,
412 3143 446 3203 2:
482 3138 613 3221 Opera
646 3136 812 3218 (censores
841 3137 883 3200 M.
907 3135 1057 3201 AEmilius
1086 3144 1119 3202 ct
1146 3137 1188 3202 M.
1211 3139 1288 3203 Ful-

138 3246 223 3328 vius)
248 3268 293 3310 ex
315 3249 488 3329 pecunia
521 3245 729 3311 attributa
757 3246 967 3329 divisaque
1002 3247 1113 3310 iuter
1142 3268 1181 3312 se
1204 3247 1287 3311 haec

139 3355 411 3421 confecerunt.
457 3353 659 3419 Conficicndi
677 3354 810 3418 verbum
828 3355 1029 3438 singularem
1046 3354 1169 3420 habere
1188 3356 1286 3438 signi·

137 3462 324 3528 ficationem
357 3471 389 3527 et
423 3463 549 3528 abhoc
575 3463 646 3527 loco
675 3463 815 3528 alienam
843 3462 986 3541 videtur,
1015 3463 1072 3528 ubi
1106 3466 1286 3546 requiritur

138 3573 317 3636 eommunis
340 3572 438 3635 huius
461 3573 509 3635 rei
531 3569 724 3654 appellatio:
760 3592 885 3654 opera
917 3606 960 3616 -
987 3571 1070 3637 haec
1092 3572 1286 3638 lecerunt

138 3678 261 3761 (XLIV,
288 3685 334 3759 16,
358 3685 390 3744 9:
416 3681 464 3743 ad
488 3700 610 3762 opera
632 3679 796 3763 publica
819 3680 1039 3760 facienda);
1064 3702 1103 3746 ex
1120 3685 1287 3763 geminata

137 3788 287 3853 litterae
311 3794 419 3853 ortum
443 3788 634 3877 concredo
659 3787 947 3869 (haeoclerunt).
982 3788 1084 3855 Paulo
1104 3798 1181 3874 post
1198 3791 1228 3874 (ἓ
1261 3792 1283 3873 ),

136 3897 193 3960 ubi
221 3896 331 3960 Livius
360 3890 388 3959 a*
408 3897 450 3959 M.
475 3896 588 3961 Fulvio
623 3897 732 3960 locata
764 3903 879 3961 narrat
911 3878 1081 3979 portum¹
1105 3905 1144 3962 et
1177 3900 1284 3981 pilas

136 4005 277 4089 pontis
322 4005 361 4068 in
407 4005 595 4085 Tiberim,
635 4005 781 4087 quibus
822 4005 919 4089 pilis
958 4004 1140 4071 fornices
1173 4042 1216 4051 —
1249 4007 1284 4072 P.

136 4111 273 4196 Scipio
297 4113 514 4177 Africanus
544 4119 582 4177 et
606 4114 641 4177 L.
666 4113 874 4177 Mummius
904 4133 1094 4177 censores
1123 4114 1287 4179 locave-

134 4228 230 4286 runt
247 4222 521 4304 imponendos,
539 4221 745 4300 nou-dubito,
764 4222 842 4303 quin
861 4222 1042 4304 scripserit:
1067 4222 1173 4304 pilas
1192 4244 1287 4306 pon·

134 4329 190 4395 tis
213 4330 253 4393 in
276 4329 426 4407 Tiberi,
449 4329 597 4411 quibus
620 4338 681 4394 cet.
701 4337 774 4394 aut:
799 4330 904 4413 pilas
924 4330 1060 4412 pontis
1078 4331 1118 4395 in
1136 4331 1285 4412 Tiberi,
