<?xml version="1.0" encoding="UTF-8"?>
<!DOCTYPE html PUBLIC "-//W3C//DTD XHTML 1.0 Transitional//EN"
    "http://www.w3.org/TR/xhtml1/DTD/xhtml1-transitional.dtd">
<html xmlns="http://www.w3.org/1999/xhtml" xml:lang="en" lang="en">
 <head>
  <title>
</title>
<meta http-equiv="Content-Type" content="text/html;charset=utf-8" />
  <meta name='ocr-system' content='tesseract 3.04.00' />
  <meta name='ocr-capabilities' content='ocr_page ocr_carea ocr_par ocr_line ocrx_word'/>
</head>
<body>
  <div class='ocr_page' id='page_1' title='image "./emendationesliv00madvgoog_0538.png"; bbox 0 0 2994 5108; ppageno 0'>
   <div class='ocr_carea' id='block_1_1' title="bbox 581 443 1288 541">
    <p class='ocr_par' dir='ltr' id='par_1_1' title="bbox 581 443 1288 541">
     <span class='ocr_line' id='line_1_1' title="bbox 581 443 1288 541; baseline 0.014 -40"><span class='ocrx_word' id='word_1_1' title='bbox 581 535 584 541; x_wconf 27' lang='grc' dir='ltr'>Ι</span> <span class='ocrx_word' id='word_1_2' title='bbox 681 443 743 504; x_wconf 80' lang='grc'>529</span> <span class='ocrx_word' id='word_1_3' title='bbox 1067 459 1129 511; x_wconf 85' lang='lat' dir='ltr'><strong>Lib.</strong></span> <span class='ocrx_word' id='word_1_4' title='bbox 1148 457 1288 511; x_wconf 73' lang='lat' dir='ltr'>mvn.</span> 
     </span>
    </p>
   </div>
   <div class='ocr_carea' id='block_1_2' title="bbox 130 625 1372 3391">
    <p class='ocr_par' dir='ltr' id='par_1_2' title="bbox 130 625 1288 1244">
     <span class='ocr_line' id='line_1_2' title="bbox 221 625 1287 710; baseline 0 -19"><span class='ocrx_word' id='word_1_5' title='bbox 221 625 300 710; x_wconf 87' lang='lat' dir='ltr'>Cap.</span> <span class='ocrx_word' id='word_1_6' title='bbox 325 631 359 704; x_wconf 88' lang='lat'>3,</span> <span class='ocrx_word' id='word_1_7' title='bbox 389 633 407 689; x_wconf 86' lang='grc'>4</span> <span class='ocrx_word' id='word_1_8' title='bbox 431 634 498 691; x_wconf 91' lang='lat' dir='ltr'>tam</span> <span class='ocrx_word' id='word_1_9' title='bbox 526 626 718 690; x_wconf 83' lang='lat' dir='ltr'>incredibile</span> <span class='ocrx_word' id='word_1_10' title='bbox 749 633 801 691; x_wconf 92' lang='lat' dir='ltr'>est</span> <span class='ocrx_word' id='word_1_11' title='bbox 822 626 948 691; x_wconf 84' lang='lat' dir='ltr'>Livium</span> <span class='ocrx_word' id='word_1_12' title='bbox 971 627 1118 693; x_wconf 93' lang='lat' dir='ltr'>obsoleto</span> <span class='ocrx_word' id='word_1_13' title='bbox 1141 631 1287 693; x_wconf 88' lang='lat' dir='ltr'>nomina·</span> 
     </span>
     <span class='ocr_line' id='line_1_3' title="bbox 130 735 1287 819; baseline 0 -20"><span class='ocrx_word' id='word_1_14' title='bbox 130 736 201 799; x_wconf 86' lang='lat' dir='ltr'>tivo</span> <span class='ocrx_word' id='word_1_15' title='bbox 231 736 366 799; x_wconf 87' lang='lat' dir='ltr'>cernis</span> <span class='ocrx_word' id='word_1_16' title='bbox 395 755 489 798; x_wconf 87' lang='lat' dir='ltr'>usum</span> <span class='ocrx_word' id='word_1_17' title='bbox 518 755 601 812; x_wconf 90' lang='lat' dir='ltr'>esse,</span> <span class='ocrx_word' id='word_1_18' title='bbox 636 740 673 798; x_wconf 91' lang='lat' dir='ltr'>ut</span> <span class='ocrx_word' id='word_1_19' title='bbox 701 735 847 817; x_wconf 89' lang='lat' dir='ltr'>suspicer</span> <span class='ocrx_word' id='word_1_20' title='bbox 876 735 1034 816; x_wconf 88' lang='lat' dir='ltr'>seriptum</span> <span class='ocrx_word' id='word_1_21' title='bbox 1063 735 1162 800; x_wconf 85' lang='lat' dir='ltr'>fuisse</span> <span class='ocrx_word' id='word_1_22' title='bbox 1191 756 1287 819; x_wconf 90' lang='lat' dir='ltr'>pars</span> 
     </span>
     <span class='ocr_line' id='line_1_4' title="bbox 134 842 1287 924; baseline 0 -18"><span class='ocrx_word' id='word_1_23' title='bbox 134 843 286 921; x_wconf 86' lang='lat' dir='ltr'>carnis,</span> <span class='ocrx_word' id='word_1_24' title='bbox 321 842 378 906; x_wconf 90' lang='lat' dir='ltr'>sed</span> <span class='ocrx_word' id='word_1_25' title='bbox 408 843 500 924; x_wconf 91' lang='lat' dir='ltr'>prius</span> <span class='ocrx_word' id='word_1_26' title='bbox 529 863 647 906; x_wconf 90' lang='lat' dir='ltr'>nomen</span> <span class='ocrx_word' id='word_1_27' title='bbox 677 849 753 906; x_wconf 87' lang='lat' dir='ltr'>ante</span> <span class='ocrx_word' id='word_1_28' title='bbox 781 842 942 905; x_wconf 84' lang='lat' dir='ltr'>Prisciani</span> <span class='ocrx_word' id='word_1_29' title='bbox 964 848 1096 906; x_wconf 81' lang='lat' dir='ltr'>atatem</span> <span class='ocrx_word' id='word_1_30' title='bbox 1119 843 1287 907; x_wconf 83' lang='lat' dir='ltr'>excidisse.</span> 
     </span>
     <span class='ocr_line' id='line_1_5' title="bbox 136 946 1288 1032; baseline 0 -19"><span class='ocrx_word' id='word_1_31' title='bbox 136 948 259 1030; x_wconf 85' lang='grc'><strong>(1865.)</strong></span> <span class='ocrx_word' id='word_1_32' title='bbox 284 946 361 1032; x_wconf 84' lang='lat' dir='ltr'>Cap.</span> <span class='ocrx_word' id='word_1_33' title='bbox 377 953 405 1028; x_wconf 84' lang='lat'>9,</span> <span class='ocrx_word' id='word_1_34' title='bbox 425 948 664 1013; x_wconf 82' lang='lat' dir='ltr'>bscribendum</span> <span class='ocrx_word' id='word_1_35' title='bbox 677 950 807 1031; x_wconf 88' lang='lat' dir='ltr'>opinor:</span> <span class='ocrx_word' id='word_1_36' title='bbox 822 970 905 1013; x_wconf 93' lang='lat' dir='ltr'>cum</span> <span class='ocrx_word' id='word_1_37' title='bbox 925 950 1101 1031; x_wconf 88' lang='lat' dir='ltr'>triginta</span> <span class='ocrx_word' id='word_1_38' title='bbox 1117 949 1288 1014; x_wconf 86' lang='lat' dir='ltr'>navibus</span> 
     </span>
     <span class='ocr_line' id='line_1_6' title="bbox 134 1056 1288 1140; baseline 0.003 -23"><span class='ocrx_word' id='word_1_39' title='bbox 134 1057 214 1118; x_wconf 75' lang='lat' dir='ltr'>suis</span> <span class='ocrx_word' id='word_1_40' title='bbox 255 1064 294 1121; x_wconf 91' lang='lat' dir='ltr'>et</span> <span class='ocrx_word' id='word_1_41' title='bbox 337 1063 491 1140; x_wconf 87' lang='lat' dir='ltr'>septem</span> <span class='ocrx_word' id='word_1_42' title='bbox 527 1056 871 1140; x_wconf 82' lang='lat' dir='ltr'>quadriremibus,</span> <span class='ocrx_word' id='word_1_43' title='bbox 910 1077 1010 1137; x_wconf 89' lang='lat' dir='ltr'>quas</span> <span class='ocrx_word' id='word_1_44' title='bbox 1051 1077 1179 1121; x_wconf 89' lang='lat' dir='ltr'>secum</span> <span class='ocrx_word' id='word_1_45' title='bbox 1212 1057 1288 1121; x_wconf 87' lang='lat' dir='ltr'>Eu-</span> 
     </span>
     <span class='ocr_line' id='line_1_7' title="bbox 134 1162 787 1244; baseline -0.003 -16"><span class='ocrx_word' id='word_1_46' title='bbox 134 1184 268 1228; x_wconf 85' lang='lat' dir='ltr'>menes</span> <span class='ocrx_word' id='word_1_47' title='bbox 291 1185 359 1228; x_wconf 87' lang='lat' dir='ltr'>rex</span> <span class='ocrx_word' id='word_1_48' title='bbox 382 1164 617 1229; x_wconf 75' lang='lat' dir='ltr'>adduxerat.</span> <span class='ocrx_word' id='word_1_49' title='bbox 663 1162 787 1244; x_wconf 82' lang='lat'>(1865.)</span> 
     </span>
    </p>

    <p class='ocr_par' dir='ltr' id='par_1_3' title="bbox 133 1269 1290 2303">
     <span class='ocr_line' id='line_1_8' title="bbox 220 1269 1289 1355; baseline 0.001 -19"><span class='ocrx_word' id='word_1_50' title='bbox 220 1270 299 1355; x_wconf 87' lang='lat' dir='ltr'>Cap.</span> <span class='ocrx_word' id='word_1_51' title='bbox 326 1275 378 1349; x_wconf 80' lang='lat'>12,</span> <span class='ocrx_word' id='word_1_52' title='bbox 409 1276 446 1333; x_wconf 93' lang='lat' dir='ltr'>ll</span> <span class='ocrx_word' id='word_1_53' title='bbox 472 1269 526 1350; x_wconf 90' lang='lat' dir='ltr'>(de</span> <span class='ocrx_word' id='word_1_54' title='bbox 549 1270 655 1335; x_wconf 87' lang='lat' dir='ltr'>classe</span> <span class='ocrx_word' id='word_1_55' title='bbox 678 1270 901 1337; x_wconf 91' lang='lat' dir='ltr'>Romanorum</span> <span class='ocrx_word' id='word_1_56' title='bbox 924 1278 958 1335; x_wconf 93' lang='lat' dir='ltr'>et</span> <span class='ocrx_word' id='word_1_57' title='bbox 980 1271 1163 1351; x_wconf 79' lang='lat' dir='ltr'>Eumenis):</span> <span class='ocrx_word' id='word_1_58' title='bbox 1192 1271 1289 1337; x_wconf 87' lang='lat' dir='ltr'>Inde</span> 
     </span>
     <span class='ocr_line' id='line_1_9' title="bbox 133 1377 1289 1462; baseline 0 -19"><span class='ocrx_word' id='word_1_59' title='bbox 133 1378 170 1460; x_wconf 81' lang='lat' dir='ltr'>(a</span> <span class='ocrx_word' id='word_1_60' title='bbox 197 1377 339 1462; x_wconf 83' lang='lat' dir='ltr'>Coryco,</span> <span class='ocrx_word' id='word_1_61' title='bbox 363 1377 515 1443; x_wconf 87' lang='lat' dir='ltr'>Teiorum</span> <span class='ocrx_word' id='word_1_62' title='bbox 537 1378 778 1461; x_wconf 78' lang='lat' dir='ltr'>promuntorio)</span> <span class='ocrx_word' id='word_1_63' title='bbox 808 1400 924 1460; x_wconf 90' lang='lat' dir='ltr'>quum</span> <span class='ocrx_word' id='word_1_64' title='bbox 947 1379 986 1441; x_wconf 91' lang='lat' dir='ltr'>in</span> <span class='ocrx_word' id='word_1_65' title='bbox 1014 1380 1196 1461; x_wconf 82' lang='lat' dir='ltr'>proxima</span> <span class='ocrx_word' id='word_1_66' title='bbox 1219 1379 1289 1444; x_wconf 85' lang='lat' dir='ltr'>Sa·</span> 
     </span>
     <span class='ocr_line' id='line_1_10' title="bbox 136 1486 1289 1568; baseline 0.001 -18"><span class='ocrx_word' id='word_1_67' title='bbox 136 1487 220 1551; x_wconf 83' lang='lat' dir='ltr'>miae</span> <span class='ocrx_word' id='word_1_68' title='bbox 249 1486 405 1551; x_wconf 86' lang='lat' dir='ltr'>vellent</span> <span class='ocrx_word' id='word_1_69' title='bbox 426 1487 641 1562; x_wconf 89' lang='lat' dir='ltr'>traiicere,</span> <span class='ocrx_word' id='word_1_70' title='bbox 676 1507 753 1549; x_wconf 89' lang='lat' dir='ltr'>uon</span> <span class='ocrx_word' id='word_1_71' title='bbox 783 1491 1022 1568; x_wconf 82' lang='lat' dir='ltr'>exspectato</span> <span class='ocrx_word' id='word_1_72' title='bbox 1052 1486 1151 1551; x_wconf 90' lang='lat' dir='ltr'>solis</span> <span class='ocrx_word' id='word_1_73' title='bbox 1180 1493 1289 1566; x_wconf 90' lang='lat' dir='ltr'>ortu,</span> 
     </span>
     <span class='ocr_line' id='line_1_11' title="bbox 137 1591 1289 1676; baseline -0.001 -17"><span class='ocrx_word' id='word_1_74' title='bbox 137 1614 181 1659; x_wconf 84' lang='lat' dir='ltr'>ex</span> <span class='ocrx_word' id='word_1_75' title='bbox 209 1603 286 1676; x_wconf 88' lang='lat' dir='ltr'>qu&#39;o</span> <span class='ocrx_word' id='word_1_76' title='bbox 317 1600 470 1659; x_wconf 86' lang='lat' dir='ltr'>statum</span> <span class='ocrx_word' id='word_1_77' title='bbox 499 1593 585 1658; x_wconf 86' lang='lat' dir='ltr'>caeli</span> <span class='ocrx_word' id='word_1_78' title='bbox 615 1598 760 1656; x_wconf 87' lang='lat' dir='ltr'>notare</span> <span class='ocrx_word' id='word_1_79' title='bbox 782 1591 1081 1674; x_wconf 86' lang='lat' dir='ltr'>gubernatores</span> <span class='ocrx_word' id='word_1_80' title='bbox 1104 1601 1289 1676; x_wconf 84' lang='lat' dir='ltr'>possent,</span> 
     </span>
     <span class='ocr_line' id='line_1_12' title="bbox 136 1691 1290 1791; baseline 0 -27"><span class='ocrx_word' id='word_1_81' title='bbox 136 1701 407 1791; x_wconf 80' lang='lat' dir='ltr'>inincertam</span> <span class='ocrx_word' id='word_1_82' title='bbox 428 1691 715 1784; x_wconf 86' lang='lat' dir='ltr'>tempestatem</span> <span class='ocrx_word' id='word_1_83' title='bbox 740 1701 948 1764; x_wconf 89' lang='lat' dir='ltr'>miserunt.</span> <span class='ocrx_word' id='word_1_84' title='bbox 999 1701 1086 1765; x_wconf 88' lang='lat' dir='ltr'>Fieri</span> <span class='ocrx_word' id='word_1_85' title='bbox 1109 1707 1228 1784; x_wconf 90' lang='lat' dir='ltr'>potest,</span> <span class='ocrx_word' id='word_1_86' title='bbox 1252 1707 1290 1764; x_wconf 92' lang='lat' dir='ltr'>ut</span> 
     </span>
     <span class='ocr_line' id='line_1_13' title="bbox 135 1806 1287 1893; baseline -0.001 -20"><span class='ocrx_word' id='word_1_87' title='bbox 135 1807 230 1873; x_wconf 78' lang='lat' dir='ltr'>fallat</span> <span class='ocrx_word' id='word_1_88' title='bbox 253 1829 312 1873; x_wconf 89' lang='lat' dir='ltr'>nos</span> <span class='ocrx_word' id='word_1_89' title='bbox 334 1811 504 1893; x_wconf 90' lang='lat' dir='ltr'>proprium</span> <span class='ocrx_word' id='word_1_90' title='bbox 526 1810 574 1873; x_wconf 89' lang='lat' dir='ltr'>rei</span> <span class='ocrx_word' id='word_1_91' title='bbox 597 1808 720 1872; x_wconf 82' lang='lat' dir='ltr'>navalis</span> <span class='ocrx_word' id='word_1_92' title='bbox 742 1806 896 1888; x_wconf 91' lang='lat' dir='ltr'>loquendi</span> <span class='ocrx_word' id='word_1_93' title='bbox 919 1828 1037 1889; x_wconf 75' lang='lat' dir='ltr'>genus,</span> <span class='ocrx_word' id='word_1_94' title='bbox 1060 1809 1161 1875; x_wconf 88' lang='lat' dir='ltr'>miror</span> <span class='ocrx_word' id='word_1_95' title='bbox 1179 1817 1287 1874; x_wconf 86' lang='lat' dir='ltr'>temen</span> 
     </span>
     <span class='ocr_line' id='line_1_14' title="bbox 137 1914 1288 1999; baseline 0 -19"><span class='ocrx_word' id='word_1_96' title='bbox 137 1914 221 1981; x_wconf 92' lang='lat' dir='ltr'>buno</span> <span class='ocrx_word' id='word_1_97' title='bbox 253 1915 344 1980; x_wconf 87' lang='lat' dir='ltr'>verbi</span> <span class='ocrx_word' id='word_1_98' title='bbox 373 1917 541 1981; x_wconf 89' lang='lat' dir='ltr'>mittere</span> <span class='ocrx_word' id='word_1_99' title='bbox 571 1937 666 1980; x_wconf 90' lang='lat' dir='ltr'>usum</span> <span class='ocrx_word' id='word_1_100' title='bbox 695 1915 852 1978; x_wconf 89' lang='lat' dir='ltr'>adiuncta</span> <span class='ocrx_word' id='word_1_101' title='bbox 881 1917 918 1978; x_wconf 91' lang='lat' dir='ltr'>in</span> <span class='ocrx_word' id='word_1_102' title='bbox 948 1916 1195 1999; x_wconf 71' lang='lat' dir='ltr'>praepositione,</span> <span class='ocrx_word' id='word_1_103' title='bbox 1229 1916 1288 1981; x_wconf 93' lang='lat' dir='ltr'>du-</span> 
     </span>
     <span class='ocr_line' id='line_1_15' title="bbox 138 2022 1288 2106; baseline 0.002 -19"><span class='ocrx_word' id='word_1_104' title='bbox 138 2022 282 2106; x_wconf 87' lang='lat' dir='ltr'>bitoque,</span> <span class='ocrx_word' id='word_1_105' title='bbox 306 2045 348 2087; x_wconf 87' lang='lat' dir='ltr'>au</span> <span class='ocrx_word' id='word_1_106' title='bbox 370 2023 481 2087; x_wconf 86' lang='lat' dir='ltr'>Livius</span> <span class='ocrx_word' id='word_1_107' title='bbox 512 2023 697 2105; x_wconf 87' lang='lat' dir='ltr'>scripserit:</span> <span class='ocrx_word' id='word_1_108' title='bbox 721 2024 759 2086; x_wconf 90' lang='lat' dir='ltr'>in</span> <span class='ocrx_word' id='word_1_109' title='bbox 778 2024 977 2087; x_wconf 89' lang='lat' dir='ltr'>incertam</span> <span class='ocrx_word' id='word_1_110' title='bbox 999 2029 1288 2106; x_wconf 87' lang='lat' dir='ltr'>tempestatem</span> 
     </span>
     <span class='ocr_line' id='line_1_16' title="bbox 139 2129 1289 2214; baseline 0.001 -18"><span class='ocrx_word' id='word_1_111' title='bbox 139 2131 286 2210; x_wconf 90' lang='lat' dir='ltr'>ierunt,</span> <span class='ocrx_word' id='word_1_112' title='bbox 314 2139 503 2214; x_wconf 85' lang='lat' dir='ltr'>posteaque,</span> <span class='ocrx_word' id='word_1_113' title='bbox 532 2131 698 2212; x_wconf 84' lang='lat' dir='ltr'>geminata</span> <span class='ocrx_word' id='word_1_114' title='bbox 720 2151 830 2194; x_wconf 89' lang='lat' dir='ltr'>errore</span> <span class='ocrx_word' id='word_1_115' title='bbox 853 2129 967 2194; x_wconf 90' lang='lat' dir='ltr'>littera</span> <span class='ocrx_word' id='word_1_116' title='bbox 990 2150 1028 2209; x_wconf 84' lang='grc' dir='ltr'>ι,</span> <span class='ocrx_word' id='word_1_117' title='bbox 1052 2152 1091 2194; x_wconf 87' lang='lat' dir='ltr'>ex</span> <span class='ocrx_word' id='word_1_118' title='bbox 1114 2133 1289 2197; x_wconf 89' lang='lat' dir='ltr'>mierunt</span> 
     </span>
     <span class='ocr_line' id='line_1_17' title="bbox 139 2239 540 2303; baseline 0 -1"><span class='ocrx_word' id='word_1_119' title='bbox 139 2245 246 2303; x_wconf 90' lang='lat' dir='ltr'>ortum</span> <span class='ocrx_word' id='word_1_120' title='bbox 269 2239 313 2303; x_wconf 91' lang='lat' dir='ltr'>sit</span> <span class='ocrx_word' id='word_1_121' title='bbox 335 2241 540 2303; x_wconf 89' lang='lat' dir='ltr'>miserunt.</span> 
     </span>
    </p>

    <p class='ocr_par' dir='ltr' id='par_1_4' title="bbox 135 2343 1372 3391">
     <span class='ocr_line' id='line_1_18' title="bbox 222 2343 1288 2429; baseline 0.003 -20"><span class='ocrx_word' id='word_1_122' title='bbox 222 2343 300 2429; x_wconf 83' lang='lat' dir='ltr'>Cap.</span> <span class='ocrx_word' id='word_1_123' title='bbox 325 2348 381 2424; x_wconf 81' lang='lat'>20,</span> <span class='ocrx_word' id='word_1_124' title='bbox 418 2350 436 2409; x_wconf 91' lang='lat'><strong>3</strong></span> <span class='ocrx_word' id='word_1_125' title='bbox 465 2352 498 2410; x_wconf 93' lang='lat' dir='ltr'>et</span> <span class='ocrx_word' id='word_1_126' title='bbox 526 2352 546 2409; x_wconf 81' lang='lat'><strong>4</strong></span> <span class='ocrx_word' id='word_1_127' title='bbox 575 2345 629 2426; x_wconf 93' lang='lat' dir='ltr'>(de</span> <span class='ocrx_word' id='word_1_128' title='bbox 659 2346 817 2427; x_wconf 80' lang='lat' dir='ltr'>Pergamo</span> <span class='ocrx_word' id='word_1_129' title='bbox 847 2344 998 2425; x_wconf 87' lang='lat' dir='ltr'>obsesso)</span> <span class='ocrx_word' id='word_1_130' title='bbox 1028 2348 1135 2411; x_wconf 91' lang='lat' dir='ltr'>oratio</span> <span class='ocrx_word' id='word_1_131' title='bbox 1164 2349 1211 2412; x_wconf 87' lang='lat' dir='ltr'>sic</span> <span class='ocrx_word' id='word_1_132' title='bbox 1240 2348 1288 2412; x_wconf 91' lang='lat' dir='ltr'>di-</span> 
     </span>
     <span class='ocr_line' id='line_1_19' title="bbox 138 2452 1288 2538; baseline 0.003 -22"><span class='ocrx_word' id='word_1_133' title='bbox 138 2453 302 2536; x_wconf 83' lang='lat' dir='ltr'>iungeuda</span> <span class='ocrx_word' id='word_1_134' title='bbox 323 2461 357 2518; x_wconf 86' lang='lat' dir='ltr'>et</span> <span class='ocrx_word' id='word_1_135' title='bbox 380 2453 605 2519; x_wconf 88' lang='lat' dir='ltr'>continuanda</span> <span class='ocrx_word' id='word_1_136' title='bbox 627 2460 690 2517; x_wconf 88' lang='lat' dir='ltr'>est:</span> <span class='ocrx_word' id='word_1_137' title='bbox 715 2452 779 2515; x_wconf 91' lang='lat' dir='ltr'>Ita</span> <span class='ocrx_word' id='word_1_138' title='bbox 801 2452 934 2516; x_wconf 88' lang='lat' dir='ltr'>libers</span> <span class='ocrx_word' id='word_1_139' title='bbox 957 2452 1004 2517; x_wconf 91' lang='lat' dir='ltr'>ab</span> <span class='ocrx_word' id='word_1_140' title='bbox 1028 2460 1143 2536; x_wconf 85' lang='lat' dir='ltr'>tergo</span> <span class='ocrx_word' id='word_1_141' title='bbox 1167 2475 1288 2538; x_wconf 92' lang='lat' dir='ltr'>popu·</span> 
     </span>
     <span class='ocr_line' id='line_1_20' title="bbox 139 2559 1288 2643; baseline 0.004 -20"><span class='ocrx_word' id='word_1_142' title='bbox 139 2559 240 2625; x_wconf 85' lang='lat' dir='ltr'>latio</span> <span class='ocrx_word' id='word_1_143' title='bbox 264 2568 361 2625; x_wconf 88' lang='lat' dir='ltr'>erat.</span> <span class='ocrx_word' id='word_1_144' title='bbox 408 2559 529 2625; x_wconf 91' lang='lat' dir='ltr'>Nullo</span> <span class='ocrx_word' id='word_1_145' title='bbox 553 2560 600 2624; x_wconf 88' lang='lat' dir='ltr'>ab</span> <span class='ocrx_word' id='word_1_146' title='bbox 624 2559 735 2637; x_wconf 87' lang='lat' dir='ltr'>urbe,</span> <span class='ocrx_word' id='word_1_147' title='bbox 765 2580 811 2622; x_wconf 92' lang='lat' dir='ltr'>ue</span> <span class='ocrx_word' id='word_1_148' title='bbox 835 2561 873 2622; x_wconf 91' lang='lat' dir='ltr'>in</span> <span class='ocrx_word' id='word_1_149' title='bbox 896 2561 1103 2625; x_wconf 88' lang='lat' dir='ltr'>stationes</span> <span class='ocrx_word' id='word_1_150' title='bbox 1127 2563 1288 2643; x_wconf 90' lang='lat' dir='ltr'>quidem</span> 
     </span>
     <span class='ocr_line' id='line_1_21' title="bbox 138 2666 1372 2752; baseline 0.006 -21"><span class='ocrx_word' id='word_1_151' title='bbox 138 2668 205 2750; x_wconf 90' lang='lat' dir='ltr'>qui</span> <span class='ocrx_word' id='word_1_152' title='bbox 228 2668 370 2751; x_wconf 89' lang='lat' dir='ltr'>procul</span> <span class='ocrx_word' id='word_1_153' title='bbox 392 2666 659 2743; x_wconf 86' lang='lat' dir='ltr'>iacularetur,</span> <span class='ocrx_word' id='word_1_154' title='bbox 695 2673 953 2746; x_wconf 87' lang='lat' dir='ltr'>excurrente,</span> <span class='ocrx_word' id='word_1_155' title='bbox 987 2675 1199 2751; x_wconf 87' lang='lat' dir='ltr'>postquam</span> <span class='ocrx_word' id='word_1_156' title='bbox 1223 2691 1284 2735; x_wconf 89' lang='lat' dir='ltr'>se·</span> <span class='ocrx_word' id='word_1_157' title='bbox 1302 2685 1372 2752; x_wconf 77' lang='lat'>(427)</span> 
     </span>
     <span class='ocr_line' id='line_1_22' title="bbox 138 2773 1288 2858; baseline 0.002 -19"><span class='ocrx_word' id='word_1_158' title='bbox 138 2775 209 2840; x_wconf 90' lang='lat' dir='ltr'>mel</span> <span class='ocrx_word' id='word_1_159' title='bbox 238 2775 436 2858; x_wconf 90' lang='lat' dir='ltr'>compulsi</span> <span class='ocrx_word' id='word_1_160' title='bbox 465 2783 569 2839; x_wconf 90' lang='lat' dir='ltr'>metu</span> <span class='ocrx_word' id='word_1_161' title='bbox 601 2795 642 2838; x_wconf 90' lang='lat' dir='ltr'>se</span> <span class='ocrx_word' id='word_1_162' title='bbox 666 2773 873 2838; x_wconf 91' lang='lat' dir='ltr'>moenibus</span> <span class='ocrx_word' id='word_1_163' title='bbox 897 2774 1171 2855; x_wconf 88' lang='lat' dir='ltr'>incluserunt,</span> <span class='ocrx_word' id='word_1_164' title='bbox 1201 2797 1288 2841; x_wconf 92' lang='lat' dir='ltr'>oon-</span> 
     </span>
     <span class='ocr_line' id='line_1_23' title="bbox 137 2880 1286 2966; baseline 0 -18"><span class='ocrx_word' id='word_1_165' title='bbox 137 2889 313 2966; x_wconf 88' lang='lat' dir='ltr'>temptus</span> <span class='ocrx_word' id='word_1_166' title='bbox 343 2904 476 2947; x_wconf 92' lang='lat' dir='ltr'>eorum</span> <span class='ocrx_word' id='word_1_167' title='bbox 503 2917 546 2926; x_wconf 92' lang='lat'><em>-</em></span> <span class='ocrx_word' id='word_1_168' title='bbox 574 2881 677 2964; x_wconf 86' lang='lat' dir='ltr'>apud</span> <span class='ocrx_word' id='word_1_169' title='bbox 706 2882 840 2963; x_wconf 88' lang='lat' dir='ltr'>regios</span> <span class='ocrx_word' id='word_1_170' title='bbox 870 2882 1012 2945; x_wconf 91' lang='lat' dir='ltr'>oritur.</span> <span class='ocrx_word' id='word_1_171' title='bbox 1069 2880 1286 2966; x_wconf 87' lang='lat' dir='ltr'>Contemptus</span> 
     </span>
     <span class='ocr_line' id='line_1_24' title="bbox 137 2988 1287 3073; baseline -0.001 -19"><span class='ocrx_word' id='word_1_172' title='bbox 137 2997 309 3069; x_wconf 84' lang='lat' dir='ltr'>natusest,</span> <span class='ocrx_word' id='word_1_173' title='bbox 332 2998 595 3073; x_wconf 76' lang='lat' dir='ltr'>nonpostquam</span> <span class='ocrx_word' id='word_1_174' title='bbox 618 3010 652 3053; x_wconf 89' lang='lat' dir='ltr'>se</span> <span class='ocrx_word' id='word_1_175' title='bbox 676 2989 889 3066; x_wconf 88' lang='lat' dir='ltr'>incluserunt,</span> <span class='ocrx_word' id='word_1_176' title='bbox 913 2988 970 3052; x_wconf 88' lang='lat' dir='ltr'>sed</span> <span class='ocrx_word' id='word_1_177' title='bbox 994 2989 1090 3070; x_wconf 89' lang='lat' dir='ltr'>quod,</span> <span class='ocrx_word' id='word_1_178' title='bbox 1113 2996 1287 3072; x_wconf 87' lang='lat' dir='ltr'>postquam</span> 
     </span>
     <span class='ocr_line' id='line_1_25' title="bbox 137 3095 1287 3180; baseline -0.002 -17"><span class='ocrx_word' id='word_1_179' title='bbox 137 3098 235 3163; x_wconf 87' lang='lat' dir='ltr'>semel</span> <span class='ocrx_word' id='word_1_180' title='bbox 257 3119 291 3163; x_wconf 91' lang='lat' dir='ltr'>se</span> <span class='ocrx_word' id='word_1_181' title='bbox 313 3097 531 3175; x_wconf 89' lang='lat' dir='ltr'>incluserunt,</span> <span class='ocrx_word' id='word_1_182' title='bbox 566 3118 661 3160; x_wconf 92' lang='lat' dir='ltr'>nemo</span> <span class='ocrx_word' id='word_1_183' title='bbox 692 3097 823 3161; x_wconf 90' lang='lat' dir='ltr'>omnino</span> <span class='ocrx_word' id='word_1_184' title='bbox 852 3095 1054 3160; x_wconf 83' lang='lat' dir='ltr'>excurrebat.</span> <span class='ocrx_word' id='word_1_185' title='bbox 1110 3096 1161 3159; x_wconf 78' lang='lat' dir='ltr'>Ad</span> <span class='ocrx_word' id='word_1_186' title='bbox 1183 3118 1287 3180; x_wconf 89' lang='lat' dir='ltr'>popu·</span> 
     </span>
     <span class='ocr_line' id='line_1_26' title="bbox 136 3202 1286 3289; baseline 0 -20"><span class='ocrx_word' id='word_1_187' title='bbox 136 3204 292 3270; x_wconf 80' lang='lat' dir='ltr'>lationem</span> <span class='ocrx_word' id='word_1_188' title='bbox 330 3212 407 3289; x_wconf 89' lang='lat' dir='ltr'>post</span> <span class='ocrx_word' id='word_1_189' title='bbox 439 3212 534 3288; x_wconf 87' lang='lat' dir='ltr'>terga</span> <span class='ocrx_word' id='word_1_190' title='bbox 566 3205 731 3285; x_wconf 84' lang='lat' dir='ltr'>regiorum</span> <span class='ocrx_word' id='word_1_191' title='bbox 764 3202 844 3266; x_wconf 92' lang='lat' dir='ltr'>nihil</span> <span class='ocrx_word' id='word_1_192' title='bbox 868 3203 1092 3285; x_wconf 92' lang='lat' dir='ltr'>impedimenti</span> <span class='ocrx_word' id='word_1_193' title='bbox 1127 3203 1286 3269; x_wconf 86' lang='lat' dir='ltr'>adlaturae</span> 
     </span>
     <span class='ocr_line' id='line_1_27' title="bbox 135 3311 511 3391; baseline -0.003 -14"><span class='ocrx_word' id='word_1_194' title='bbox 135 3320 230 3377; x_wconf 86' lang='lat' dir='ltr'>erant</span> <span class='ocrx_word' id='word_1_195' title='bbox 253 3311 511 3391; x_wconf 85' lang='lat' dir='ltr'>excursiones.¹)</span> 
     </span>
    </p>
   </div>
   <div class='ocr_carea' id='block_1_3' title="bbox 162 3577 1286 4329">
    <p class='ocr_par' dir='ltr' id='par_1_5' title="bbox 162 3577 1286 4329">
     <span class='ocr_line' id='line_1_28' title="bbox 162 3577 1286 3652; baseline 0.002 -19"><span class='ocrx_word' id='word_1_196' title='bbox 162 3579 185 3645; x_wconf 87' lang='lat'>¹)</span> <span class='ocrx_word' id='word_1_197' title='bbox 205 3577 282 3649; x_wconf 80' lang='lat' dir='ltr'>[Gap.</span> <span class='ocrx_word' id='word_1_198' title='bbox 304 3583 343 3649; x_wconf 79' lang='lat'>17,</span> <span class='ocrx_word' id='word_1_199' title='bbox 361 3585 378 3636; x_wconf 88' lang='grc'>6</span> <span class='ocrx_word' id='word_1_200' title='bbox 396 3600 448 3652; x_wconf 90' lang='lat' dir='ltr'>pro</span> <span class='ocrx_word' id='word_1_201' title='bbox 467 3582 664 3651; x_wconf 79' lang='lat' dir='ltr'>effugerent</span> <span class='ocrx_word' id='word_1_202' title='bbox 682 3581 712 3634; x_wconf 89' lang='lat' dir='ltr'><strong>M</strong></span> <span class='ocrx_word' id='word_1_203' title='bbox 731 3581 882 3649; x_wconf 83' lang='lat' dir='ltr'>effugere</span> <span class='ocrx_word' id='word_1_204' title='bbox 900 3581 1039 3647; x_wconf 86' lang='lat' dir='ltr'>vellent,</span> <span class='ocrx_word' id='word_1_205' title='bbox 1058 3597 1092 3634; x_wconf 79' lang='lat' dir='ltr'>ex</span> <span class='ocrx_word' id='word_1_206' title='bbox 1111 3599 1166 3649; x_wconf 90' lang='lat' dir='ltr'>quo</span> <span class='ocrx_word' id='word_1_207' title='bbox 1184 3581 1286 3635; x_wconf 82' lang='lat' dir='ltr'>facien·</span> 
     </span>
     <span class='ocr_line' id='line_1_29' title="bbox 203 3664 1286 3737; baseline 0.002 -19"><span class='ocrx_word' id='word_1_208' title='bbox 203 3664 271 3719; x_wconf 90' lang='lat' dir='ltr'>dum</span> <span class='ocrx_word' id='word_1_209' title='bbox 289 3665 446 3737; x_wconf 76' lang='lat' dir='ltr'>effugere</span> <span class='ocrx_word' id='word_1_210' title='bbox 464 3667 578 3721; x_wconf 90' lang='lat' dir='ltr'>velint</span> <span class='ocrx_word' id='word_1_211' title='bbox 595 3668 631 3720; x_wconf 94' lang='lat' dir='ltr'>ob</span> <span class='ocrx_word' id='word_1_212' title='bbox 650 3668 722 3721; x_wconf 87' lang='lat' dir='ltr'>siut</span> <span class='ocrx_word' id='word_1_213' title='bbox 741 3671 768 3719; x_wconf 89' lang='lat' dir='ltr'>et</span> <span class='ocrx_word' id='word_1_214' title='bbox 785 3670 954 3719; x_wconf 83' lang='lat' dir='ltr'>maneant.</span> <span class='ocrx_word' id='word_1_215' title='bbox 974 3665 1092 3735; x_wconf 67' lang='lat' dir='ltr'>Ospssb,</span> <span class='ocrx_word' id='word_1_216' title='bbox 1112 3669 1128 3719; x_wconf 86' lang='lat'>2</span> <span class='ocrx_word' id='word_1_217' title='bbox 1145 3683 1197 3734; x_wconf 91' lang='lat' dir='ltr'>pro</span> <span class='ocrx_word' id='word_1_218' title='bbox 1214 3683 1286 3735; x_wconf 91' lang='lat' dir='ltr'>pro·</span> 
     </span>
     <span class='ocr_line' id='line_1_30' title="bbox 202 3749 1285 3819; baseline 0.004 -18"><span class='ocrx_word' id='word_1_219' title='bbox 202 3749 367 3806; x_wconf 86' lang='lat' dir='ltr'>viderent</span> <span class='ocrx_word' id='word_1_220' title='bbox 383 3752 563 3807; x_wconf 88' lang='lat' dir='ltr'>scribendum</span> <span class='ocrx_word' id='word_1_221' title='bbox 585 3752 744 3805; x_wconf 81' lang='lat' dir='ltr'>necessario</span> <span class='ocrx_word' id='word_1_222' title='bbox 767 3750 1012 3819; x_wconf 84' lang='lat' dir='ltr'>providerant;</span> <span class='ocrx_word' id='word_1_223' title='bbox 1040 3756 1124 3805; x_wconf 78' lang='lat' dir='ltr'>antea</span> <span class='ocrx_word' id='word_1_224' title='bbox 1142 3751 1285 3819; x_wconf 83' lang='lat' dir='ltr'>provisum</span> 
     </span>
     <span class='ocr_line' id='line_1_31' title="bbox 202 3835 1282 3907; baseline 0.002 -19"><span class='ocrx_word' id='word_1_225' title='bbox 202 3840 372 3904; x_wconf 82' lang='lat' dir='ltr'>oportuerat.</span> <span class='ocrx_word' id='word_1_226' title='bbox 418 3837 482 3907; x_wconf 79' lang='lat' dir='ltr'>Gap.</span> <span class='ocrx_word' id='word_1_227' title='bbox 502 3839 544 3903; x_wconf 75' lang='lat'>25,</span> <span class='ocrx_word' id='word_1_228' title='bbox 568 3839 584 3891; x_wconf 80' lang='lat'>6</span> <span class='ocrx_word' id='word_1_229' title='bbox 601 3835 757 3891; x_wconf 81' lang='lat' dir='ltr'>Antiochus</span> <span class='ocrx_word' id='word_1_230' title='bbox 780 3835 881 3889; x_wconf 86' lang='lat' dir='ltr'>litteris</span> <span class='ocrx_word' id='word_1_231' title='bbox 899 3836 1048 3889; x_wconf 84' lang='lat' dir='ltr'>transitum</span> <span class='ocrx_word' id='word_1_232' title='bbox 1066 3836 1096 3889; x_wconf 90' lang='lat' dir='ltr'>in</span> <span class='ocrx_word' id='word_1_233' title='bbox 1113 3836 1210 3888; x_wconf 80' lang='lat' dir='ltr'>Asiam</span> <span class='ocrx_word' id='word_1_234' title='bbox 1227 3836 1282 3890; x_wconf 86' lang='lat' dir='ltr'>Ro·</span> 
     </span>
     <span class='ocr_line' id='line_1_32' title="bbox 202 3919 1281 3991; baseline -0.001 -18"><span class='ocrx_word' id='word_1_235' title='bbox 202 3936 351 3975; x_wconf 86' lang='lat' dir='ltr'>manorum</span> <span class='ocrx_word' id='word_1_236' title='bbox 378 3923 551 3991; x_wconf 86' lang='lat' dir='ltr'>increpuisse</span> <span class='ocrx_word' id='word_1_237' title='bbox 579 3921 693 3976; x_wconf 87' lang='lat' dir='ltr'>dicitur:</span> <span class='ocrx_word' id='word_1_238' title='bbox 720 3919 845 3974; x_wconf 83' lang='lat' dir='ltr'>Venire</span> <span class='ocrx_word' id='word_1_239' title='bbox 870 3937 926 3974; x_wconf 85' lang='lat' dir='ltr'>eos</span> <span class='ocrx_word' id='word_1_240' title='bbox 959 3919 998 3974; x_wconf 81' lang='lat' dir='ltr'>ad</span> <span class='ocrx_word' id='word_1_241' title='bbox 1030 3920 1143 3973; x_wconf 82' lang='lat' dir='ltr'>omnis</span> <span class='ocrx_word' id='word_1_242' title='bbox 1175 3936 1281 3988; x_wconf 77' lang='lat' dir='ltr'>regna</span> 
     </span>
     <span class='ocr_line' id='line_1_33' title="bbox 201 4003 1281 4075; baseline 0.001 -18"><span class='ocrx_word' id='word_1_243' title='bbox 201 4005 373 4072; x_wconf 85' lang='lat' dir='ltr'>tollenda,</span> <span class='ocrx_word' id='word_1_244' title='bbox 401 4012 437 4060; x_wconf 90' lang='lat' dir='ltr'>ut</span> <span class='ocrx_word' id='word_1_245' title='bbox 459 4008 591 4061; x_wconf 88' lang='lat' dir='ltr'>nullum</span> <span class='ocrx_word' id='word_1_246' title='bbox 609 4023 749 4075; x_wconf 86' lang='lat' dir='ltr'>usquam</span> <span class='ocrx_word' id='word_1_247' title='bbox 767 4006 863 4059; x_wconf 90' lang='lat' dir='ltr'>orbis</span> <span class='ocrx_word' id='word_1_248' title='bbox 881 4010 1048 4059; x_wconf 83' lang='lat' dir='ltr'>terrarum</span> <span class='ocrx_word' id='word_1_249' title='bbox 1071 4005 1140 4059; x_wconf 88' lang='lat' dir='ltr'>nisi</span> <span class='ocrx_word' id='word_1_250' title='bbox 1157 4003 1281 4058; x_wconf 87' lang='lat' dir='ltr'>Rome·</span> 
     </span>
     <span class='ocr_line' id='line_1_34' title="bbox 200 4089 1283 4160; baseline 0 -17"><span class='ocrx_word' id='word_1_251' title='bbox 200 4107 278 4143; x_wconf 86' lang='lat' dir='ltr'>num</span> <span class='ocrx_word' id='word_1_252' title='bbox 297 4092 478 4160; x_wconf 88' lang='lat' dir='ltr'>imperium</span> <span class='ocrx_word' id='word_1_253' title='bbox 497 4096 596 4145; x_wconf 90' lang='lat' dir='ltr'>esset.</span> <span class='ocrx_word' id='word_1_254' title='bbox 632 4091 765 4144; x_wconf 81' lang='lat' dir='ltr'>Fortasse</span> <span class='ocrx_word' id='word_1_255' title='bbox 790 4090 967 4145; x_wconf 89' lang='lat' dir='ltr'>scribendum</span> <span class='ocrx_word' id='word_1_256' title='bbox 987 4106 1128 4157; x_wconf 86' lang='lat' dir='ltr'>usquam</span> <span class='ocrx_word' id='word_1_257' title='bbox 1146 4089 1180 4142; x_wconf 92' lang='lat' dir='ltr'>in</span> <span class='ocrx_word' id='word_1_258' title='bbox 1203 4090 1283 4143; x_wconf 88' lang='lat' dir='ltr'>orbe</span> 
     </span>
     <span class='ocr_line' id='line_1_35' title="bbox 201 4173 1285 4243; baseline -0.001 -15"><span class='ocrx_word' id='word_1_259' title='bbox 201 4179 381 4241; x_wconf 82' lang='lat' dir='ltr'>terrarum3</span> <span class='ocrx_word' id='word_1_260' title='bbox 409 4176 523 4241; x_wconf 85' lang='lat' dir='ltr'>volebat</span> <span class='ocrx_word' id='word_1_261' title='bbox 540 4176 699 4230; x_wconf 83' lang='lat' dir='ltr'>Antiochus</span> <span class='ocrx_word' id='word_1_262' title='bbox 723 4175 777 4229; x_wconf 84' lang='lat' dir='ltr'>alis</span> <span class='ocrx_word' id='word_1_263' title='bbox 798 4180 903 4243; x_wconf 83' lang='lat' dir='ltr'>praeter</span> <span class='ocrx_word' id='word_1_264' title='bbox 927 4175 1085 4229; x_wconf 78' lang='lat' dir='ltr'>Romanum</span> <span class='ocrx_word' id='word_1_265' title='bbox 1111 4173 1230 4242; x_wconf 86' lang='lat' dir='ltr'>relinqui</span> <span class='ocrx_word' id='word_1_266' title='bbox 1254 4174 1285 4227; x_wconf 89' lang='lat' dir='ltr'>in</span> 
     </span>
     <span class='ocr_line' id='line_1_36' title="bbox 201 4257 1247 4329; baseline -0.002 -17"><span class='ocrx_word' id='word_1_267' title='bbox 201 4260 271 4313; x_wconf 87' lang='lat' dir='ltr'>orbe</span> <span class='ocrx_word' id='word_1_268' title='bbox 289 4263 425 4314; x_wconf 87' lang='lat' dir='ltr'>terrarum</span> <span class='ocrx_word' id='word_1_269' title='bbox 444 4261 573 4329; x_wconf 87' lang='lat' dir='ltr'>imperis,</span> <span class='ocrx_word' id='word_1_270' title='bbox 595 4278 654 4314; x_wconf 90' lang='lat' dir='ltr'>non</span> <span class='ocrx_word' id='word_1_271' title='bbox 672 4261 727 4314; x_wconf 84' lang='lat' dir='ltr'>alia</span> <span class='ocrx_word' id='word_1_272' title='bbox 746 4260 821 4314; x_wconf 89' lang='lat' dir='ltr'>orbis</span> <span class='ocrx_word' id='word_1_273' title='bbox 840 4264 977 4313; x_wconf 85' lang='lat' dir='ltr'>terrarum</span> <span class='ocrx_word' id='word_1_274' title='bbox 1000 4260 1124 4328; x_wconf 88' lang='lat' dir='ltr'>imperia.</span> <span class='ocrx_word' id='word_1_275' title='bbox 1163 4257 1247 4325; x_wconf 83' lang='lat'>1865.]</span> 
     </span>
    </p>
   </div>
   <div class='ocr_carea' id='block_1_4' title="bbox 1021 4365 1053 4414">
    <p class='ocr_par' dir='ltr' id='par_1_6' title="bbox 1021 4365 1053 4414">
     <span class='ocr_line' id='line_1_37' title="bbox 1021 4365 1053 4414; baseline -0.031 0"><span class='ocrx_word' id='word_1_276' title='bbox 1021 4365 1053 4414; x_wconf 78' lang='lat'>34</span> 
     </span>
    </p>
   </div>
   <div class='ocr_carea' id='block_1_5' title="bbox 0 0 1503 5108">
    <p class='ocr_par' dir='ltr' id='par_1_7' title="bbox 0 0 1503 5108">
     <span class='ocr_line' id='line_1_38' title="bbox 0 0 1503 5108; baseline 0 0"><span class='ocrx_word' id='word_1_277' title='bbox 0 0 1503 5108; x_wconf 95' lang='lat' dir='ltr'> </span> 
     </span>
    </p>
   </div>
  </div>
 </body>
</html>
