3000 5116
625 393 686 453 461

109 596 169 641 um
191 572 275 655 (des.
297 573 332 638 in
352 572 469 656 vulg),
503 578 538 654 7,
574 578 592 639 3
622 573 751 654 (omitto
780 577 845 640 iam
874 576 1055 641 adnotandi
1077 577 1231 660 formam)

109 680 323 748 enalioium
353 679 583 763 (venalium)
607 685 643 760 8,
674 687 692 744 3
715 684 949 765 vetitusque
974 683 1031 766 (nt
1053 693 1125 749 aut
1147 687 1234 770 ipse

109 786 295 869 militerve),
327 787 394 853 ibd.
432 792 469 851 15
503 788 709 853 facturum
743 792 908 854 senatui
943 789 1161 870 (iacturum
1196 803 1235 860 et

109 893 267 978 enatui),
289 898 319 975 9,
342 898 360 959 3
384 894 541 959 Suessae
564 896 759 960 Auruncae
783 895 958 978 (Suessae
981 905 1039 962 aut
1062 897 1093 962 S.
1118 921 1234 965 auru·

109 1006 214 1087 pices
230 1011 290 1068 aut
305 1006 334 1067 S.
354 1003 573 1086 aruspices,
590 1003 654 1068 nisi
671 1004 759 1087 quod
777 1003 855 1068 Lov.
869 1009 897 1082 4,
915 1003 1022 1069 Mead.
1038 1009 1056 1068 2
1076 1005 1234 1073 Suessae

111 1110 274 1191 runca),
317 1114 372 1189 10,
410 1113 430 1173 2
464 1109 691 1174 Pausanias
730 1117 881 1193 prator
920 1117 961 1175 et
998 1112 1234 1180 Alexander

109 1219 281 1300 ¹agister
328 1217 508 1299 equitum
549 1216 728 1297 (Pansali
770 1217 828 1280 hii
870 1218 1047 1300 populus
1089 1221 1145 1286 Ro
1188 1244 1234 1287 ex

111 1324 314 1390 lexander
342 1325 497 1405 magnis
527 1324 736 1408 equitibus
760 1332 793 1388 et
816 1324 936 1388 similia
958 1327 1135 1408 monstra),
1165 1328 1231 1394 ibd.

109 1437 116 1497 l
154 1429 417 1516 („scripsimus“)
458 1451 583 1515 genus
621 1452 818 1495 armornm
852 1438 956 1511 erat,
996 1440 1132 1516 aptum
1166 1459 1232 1501 ur-

109 1538 223 1605 endis
244 1539 392 1622 regiis3
416 1559 488 1621 pro
513 1538 630 1602 hoste
653 1538 744 1602 loca
762 1536 937 1618 (.‚duarnm
956 1560 1080 1620 vocum,
1107 1543 1233 1608 scilicet

109 1647 273 1730 rgendis
311 1647 454 1727 regiis,
493 1645 566 1709 loco
600 1647 737 1727 vestigia
771 1647 874 1727 inagis
909 1647 1096 1712 litterarum
1130 1671 1228 1732 quam

109 1762 196 1820 tterae
226 1752 468 1837 apparebant“;
502 1753 529 1816 B
558 1773 686 1835 genus
715 1773 912 1815 armorum
942 1760 1030 1818 erat
1058 1757 1231 1839 amplum

109 1861 261 1944 agendis
283 1860 544 1943 corporibus3
566 1882 636 1942 pro
659 1859 779 1923 hoste
802 1859 907 1938 loca3
935 1860 1041 1943 vnlgg.
1054 1881 1083 1942 g.
1098 1884 1126 1925 a.
1143 1870 1231 1927 erat

109 1967 125 2032 l
159 1967 360 2052 proelium
388 1965 494 2050 [erat
521 1965 708 2050 amplum]
744 1967 961 2048 iungendis
991 1987 1139 2032 canora
1168 1969 1230 2034 his

109 2076 249 2140 »busta
269 2074 360 2139 loca
382 2082 416 2138 et
438 2073 557 2138 similia
580 2071 749 2154 monstra).
797 2072 901 2136 Semel
925 2075 957 2137 in
981 2073 1032 2138 his
1056 2075 1229 2158 capitibus,

140 2188 159 2248 7
190 2183 372 2247 editionum
406 2203 549 2246 errorem
586 2180 760 2264 (equites
796 2204 855 2263 pro
886 2180 1021 2263 eques)
1052 2184 1230 2265 corrigenti
1347 2249 1359 2274 ο

109 2292 309 2356 Isentiuntur
337 2290 436 2352 etiam
465 2287 595 2352 codices
625 2288 786 2369 vulgares.
844 2288 966 2352 Eadem
996 2297 1047 2353 est
1075 2311 1135 2373 per
1157 2293 1229 2354 uni-

110 2419 205 2463 rsum
233 2396 321 2460 hune
349 2395 471 2459 librum
500 2404 533 2459 et
560 2417 619 2478 per
647 2394 765 2457 librum
788 2393 895 2457 XXXI
925 2397 1011 2460 ratio
1042 2397 1132 2476 (inde
1156 2421 1176 2462 a
1199 2402 1228 2476 9,

126 2505 185 2570 ubi
210 2505 351 2587 primum
374 2504 540 2585 quinum
563 2501 741 2564 millium·
758 2502 848 2564 seris
872 2523 930 2582 pro
954 2503 1078 2585 quina
1099 2505 1230 2570 millia

129 2613 379 2696 inquaginta
407 2610 499 2674 seris
527 2616 559 2672 et
590 2608 750 2672 similibus
779 2608 931 2687 adnotat,
961 2616 994 2673 et
1025 2614 1079 2688 ll,
1109 2617 1143 2690 4,
1172 2611 1229 2675 ubi

158 2740 256 2785 voces
286 2719 319 2781 in
349 2716 539 2800 vulgaribus
563 2717 702 2780 omissas
725 2717 887 2791 restitnit3
916 2737 992 2779 nam
1016 2716 1058 2779 ad
1083 2720 1115 2796 3,
1148 2722 1165 2780 3
1190 2740 1228 2782 ex

138 2850 146 2890 r
180 2827 263 2890 Livii
303 2825 384 2889 Iocis
424 2824 464 2888 de
503 2823 688 2887 nominibus
729 2825 919 2886 coniectura
959 2829 992 2885 et
1025 2827 1227 2904 argumentis

146 2956 192 3014 ur,
220 2941 259 2997 ut
286 2933 433 3014 suspicer
456 2932 562 3013 prima
584 2929 662 2994 folia
686 2931 791 2992 codici
817 2930 960 2992 ‹lofuisse
984 2929 1122 3013 ideoque
1146 2932 1227 2995 nihil

178 3062 206 3105 c.
231 3045 249 3104 9
273 3038 349 3103 inde
378 3037 543 3122 proferri).
600 3038 761 3120 Apparet,
792 3036 998 3100 intercidisse
1026 3045 1103 3119 post
1132 3038 1227 3103 Gele-

163 3205 165 3210 .
195 3148 343 3212 codicem
370 3146 487 3209 horum
514 3145 672 3209 librorum
696 3145 768 3224 (aut
791 3146 895 3226 partis
920 3144 1226 3225 eoru111)Bamber-

197 3276 335 3340 prorsus
372 3275 500 3336 parem,
535 3253 679 3317 fortasse
712 3251 895 3330 meliorem,
930 3252 958 3314 si
991 3252 1089 3334 paulo
1118 3255 1226 3319 minus

192 3362 250 3428 illo
292 3360 546 3426 omittendorum
580 3382 695 3424 vocum
729 3361 919 3441 inquinatus
952 3359 1028 3437 fuit,
1069 3360 1157 3441 quod
1191 3368 1228 3426 ut

197 3470 352 3553 suspicer,
374 3467 455 3533 iacit
478 3466 595 3546 XXXI,
618 3472 669 3546 41,
696 3472 733 3530 13
758 3490 798 3530 ex
820 3467 876 3530 illo
901 3488 966 3530 uno
990 3467 1101 3531 codice
1125 3456 1227 3533 adno-

193 3576 351 3660 .ptissima
381 3576 545 3658 scriptura
575 3574 737 3657 („lego“):
774 3597 890 3657 quum
926 3576 1109 3640 universi
1139 3598 1226 3641 sex·

199 3705 281 3748 rum
312 3703 428 3765 mgre,
463 3682 580 3746 simul
609 3685 772 3765 equites
800 3682 1056 3766 peditesque,
1092 3678 1226 3748 nume-

207 3787 434 3874 ixplessent
476 3789 568 3871 („ubi
607 3791 790 3854 universi
830 3789 931 3853 dictio
965 3791 1225 3874 interciderat“).

217 3919 277 3963 ane
301 3897 474 3962 addit-urus
498 3919 569 3961 eam
593 3918 705 3960 vocem
728 3903 809 3960 erat.
850 3896 934 3961 Illud
958 3906 1104 3962 extremo
1127 3899 1224 3965 liuius

222 4007 305 4069 ionis
328 4005 400 4068 Ioco
424 4026 597 4088 ponamus,
632 4005 702 4082 illa,
737 4026 835 4086 quam
860 4004 1106 4083 declaravimus,
1129 4007 1225 4070 Bam·

230 4133 240 4176 3
270 4111 392 4176 codicis
421 4112 556 4194 propria
577 4112 611 4174 in
634 4112 740 4176 verbis
765 4111 952 4176 omittendis
974 4112 1050 4176 labe
1072 4112 1158 4191 fiori,
1187 4120 1225 4177 nt

241 4220 371 4283 eiusta
394 4225 528 4283 careant
549 4217 682 4296 XXXII,
707 4224 757 4298 91,
781 4223 821 4282 27
844 4219 915 4282 hmo
938 4219 1038 4283 verba
1061 4220 1225 4284 scilieet

1176 4526 1322 4607 Ρ
