2994 5108
697 458 739 522 63
1191 473 1254 529 Lib.
1272 474 1294 529 1.

135 645 347 730 superiorum
379 643 553 712 annalibus
585 643 793 729 excerpenda
826 652 859 711 01
891 645 1065 712 verborum
1093 653 1212 712 ornatu
1239 667 1294 713 ve·

135 753 269 820 stienda
289 753 461 821 festinatio
482 753 665 837 levitasque
688 760 836 838 apparet,
865 753 953 836 quod
974 753 1013 833 V,
1044 757 1094 834 12,
1118 758 1159 819 10
1181 775 1293 820 00000

133 862 291 930 tribunos
311 863 453 929 militum
475 868 595 947 prater
616 880 717 927 unum
738 861 774 928 P.
794 861 956 927 Licinium
977 860 1112 928 Caluum
1134 863 1293 947 patricios

134 976 268 1039 creatos
290 970 417 1052 scribit,
439 970 573 1038 nomina
593 974 714 1055 praeter
735 989 837 1036 unum
853 968 902 1052 (L.
915 966 1021 1052 Furii)
1039 970 1172 1055 plebeia
1189 973 1293 1056 ponit,

135 1101 163 1145 o.
186 1085 301 1146 autem
324 1083 375 1161 18,
398 1084 428 1160 2,
451 1099 550 1163 quum
571 1077 670 1159 idem,
692 1078 782 1164 qnod
804 1100 831 1144 c.
852 1082 900 1159 12,
923 1078 1130 1145 tribunorum
1151 1079 1293 1145 militum

135 1186 312 1270 collegium
333 1207 589 1255 commemorare
609 1185 719 1268 vellet,
748 1186 831 1253 duos
853 1185 925 1269 (Cn.
949 1186 1139 1266 Genucium,
1162 1187 1198 1253 L.
1221 1187 1292 1253 Ati-

134 1295 231 1379 lium)
266 1317 306 1363 ex
339 1296 405 1363 alio
437 1316 526 1363 auno
558 1295 743 1362 immiscuit.
800 1295 859 1375 VI,
894 1300 929 1376 9,
963 1301 981 1360 5
1016 1294 1053 1373 Q.
1083 1294 1292 1361 Servilius

133 1404 300 1471 0010101111
321 1403 444 1484 debuit,
467 1405 524 1490 qui
547 1405 727 1471 exercitum
743 1403 934 1488 (iuniorum)
953 1403 997 1469 ad
1013 1404 1130 1485 urbem
1146 1403 1294 1470 habebat

133 1513 178 1594 (a
201 1517 234 1593 6,
257 1511 329 1595 13),
357 1513 546 1579 nominatur
568 1533 680 1579 errore
702 1514 868 1579 memoriae
891 1511 955 1595 (L.)
979 1511 1206 1593 Quinctius,
1234 1514 1291 1596 qui

134 1621 307 1688 causarios
329 1622 541 1705 senioresque
563 1622 743 1706 scripserat
765 1621 806 1704 (e.
829 1625 859 1701 6,
884 1620 948 1703 14).
996 1620 1068 1686 Lib.
1086 1620 1184 1700 XXV,
1204 1626 1231 1701 1,
1252 1626 1287 1685 11

133 1738 169 1795 01
192 1732 230 1810 3,
264 1734 304 1795 12
333 1732 445 1810 0112,
480 1729 569 1794 311.
592 1729 760 1794 AEmilium
789 1730 900 1796 Liuius
927 1737 1102 1813 praetorem
1128 1728 1291 1795 urbanum

133 1858 166 1903 a.
190 1841 251 1903 541
276 1860 308 1923 p.
332 1857 363 1903 u.
386 1858 414 1903 c.
437 1837 535 1919 iacit3
568 1837 690 1919 XXIV,
725 1843 783 1919 44,
817 1842 836 1902 2
866 1859 940 1903 eam
962 1836 1223 1903 iurisdietionem
1244 1836 1289 1902 111.

132 1946 237 2012 Atilio
272 1946 419 2012 evenisse
446 1945 560 2012 scribit
590 1946 700 2031 (eique
727 1938 824 2012 simul
853 1947 1060 2030 peregrinam
1088 1944 1289 2025 mandatam,

132 2074 208 2137 quae
235 2060 326 2131 sorte
347 2054 480 2121 AEmilio
507 2052 684 2137 evenerat),
709 2060 743 2121 et
764 2054 868 2134 XXV,
894 2058 928 2134 3,
961 2052 1289 2119 4001001011-

132 2183 208 2227 cam
230 2161 433 2247 provinciam
454 2161 610 2229 habuisse
633 2162 806 2248 signifieat.
859 2162 930 2228 Lib.
954 2161 1094 2242 XXVII,
1123 2165 1158 2240 7,
1189 2167 1225 2226 11
1251 2158 1286 2226 G.

133 2269 315 2336 Hostilium
338 2269 420 2336 dicit
441 2291 463 2336 a
484 2268 519 2336 G.
538 2270 679 2338 Laetorio
701 2277 903 2356 propraetore
924 2270 1064 2336 Galliam
1087 2271 1289 2354 prouinciam

131 2377 320 2463 accepiss03
366 2377 509 2445 debebat
548 2400 607 2463 pro
646 2379 789 2447 Hostilio
830 2379 866 2445 L.
906 2379 1077 2445 Veturium
1116 2378 1285 2443 Philonem
1302 2393 1357 2464 (aa)

131 2487 306 2553 nominare
329 2484 360 2570 (1
383 2491 419 2567 8;
449 2508 475 2553 c.
502 2491 551 2567 10,
575 2491 626 2567 25,
656 2510 682 2552 0.
705 2492 756 2568 22,
779 2487 822 2571 5).
875 2487 946 2553 Lib.
969 2486 1104 2567 XXXII,
1131 2488 1182 2565 26,
1206 2490 1225 2550 8
1249 2484 1285 2549 L.

130 2593 322 2661 Cornelium
342 2593 518 2672 Lentulum
540 2601 715 2680 praetorem
737 2597 899 2664 urbanum
921 2595 1082 2680 appellat;
1112 2593 1227 2659 debuit
1250 2592 1285 2656 L.

130 2700 323 2770 Cornelium
343 2702 506 2769 Merulam
534 2703 717 2788 appellare,
745 2705 773 2770 si
796 2704 858 2770 sibi
881 2705 1083 2770 constitisset
1105 2702 1146 2784 (c.
1171 2706 1205 2781 7,
1237 2704 1285 2781 13,

129 2832 157 2877 0.
181 2815 219 2892 8,
249 2810 300 2894 5),
329 2812 422 2877 cuius
450 2831 569 2877 nomen
596 2811 745 2896 plerique
773 2812 917 2879 editores
945 2811 1187 2878 inconsiderato
1209 2809 1285 2875 sub-

132 2919 325 3000 stituerunt,
343 2920 373 2985 si
391 2919 535 3003 quidem,
554 2919 633 3002 quid
647 2919 759 2986 Liuius
777 2906 957 3004 scripserit,
970 2921 1137 3005 quaritur.
1160 2917 1286 2984 Eodem

128 3029 239 3113 capite
268 3026 301 3113 (§
323 3032 354 3110 5,
378 3032 407 3108 6,
430 3026 464 3110 7)
487 3026 611 3094 Setiam
633 3026 829 3112 Setinosque
857 3035 1105 3109 commemorat,
1134 3027 1190 3092 ubi
1214 3027 1284 3110 Sig-

128 3138 236 3218 niam,
265 3135 417 3222 Signinos
446 3134 596 3202 debuisse
623 3137 752 3203 videtur
780 3135 880 3219 (0.2,
909 3135 958 3218 4);
991 3157 1066 3201 nam
1091 3135 1221 3202 obsides
1245 3158 1284 3202 ex

129 3245 240 3312 altero
284 3244 407 3330 oppido
441 3244 475 3311 in
507 3244 649 3310 alterum
682 3245 836 3311 translati
870 3246 939 3311 sine
975 3263 1076 3309 00000
1108 3243 1283 3327 finguntur.

130 3353 206 3420 Lib.
229 3352 383 3432 XXXIII,
412 3356 462 3433 21,
492 3357 511 3418 9
533 3353 577 3418 M.
601 3352 716 3437 Sergio
738 3354 872 3437 praetori
893 3352 1154 3419 iurisdictionem
1177 3354 1284 3419 inter

128 3463 239 3527 01100
273 3468 314 3527 01
346 3462 589 3546 peregrinos
623 3461 696 3541 dat,
730 3480 827 3544 quem
859 3460 999 3540 XXXII,
1033 3464 1074 3526 28
1108 3467 1284 3545 praetorem

127 3568 292 3636 urbanum
325 3569 427 3636 fuisse
454 3577 663 3651 narraverat,
696 3570 739 3635 M.
762 3569 941 3635 Minucium
967 3570 1055 3635 inter
1082 3571 1281 3654 peregrinos.

126 3677 246 3760 Itaque
270 3676 436 3744 Gronovio
465 3683 602 3744 anctore
630 3678 672 3744 ab
696 3678 876 3745 editoribus
900 3679 1098 3744 omittuntur
1119 3679 1221 3744 verba
1243 3688 1283 3746 01

125 3787 388 3871 peregrinos,
428 3792 466 3853 ut
504 3785 742 3853 iurisdictio
783 3786 895 3853 inter
928 3787 1033 3852 cives
1068 3787 1112 3852 sit
1144 3787 1282 3866 urbana,

125 3893 293 3980 quomodo
331 3914 438 3978 neque
473 3894 585 3960 Livius
618 3915 724 3978 neque
757 3895 930 3978 quisquam
964 3894 1047 3960 alius
1081 3894 1179 3975 dixit,
1218 3898 1281 3962 nisi

124 4002 214 4070 forte
235 4002 442 4087 praecedente
465 4003 614 4087 proxime
637 4008 696 4069 aut
719 4008 877 4086 sequente
899 4003 1009 4069 inter
1031 4005 1280 4103 peregrinos,

125 4111 190 4177 etsi
211 4132 254 4176 00
277 4112 325 4176 010
347 4110 479 4194 quidem
500 4112 634 4178 memini
657 4119 831 4197 praetorem
851 4110 1151 4178 iurisdictionemve
1173 4114 1282 4189 inter

125 4219 238 4285 cives
266 4219 477 4303 appellatam.
528 4219 654 4287 Eodem
675 4218 761 4288 libro
783 4219 925 4285 XXXIII
953 4240 979 4285 0.
1003 4224 1045 4284 27
1073 4221 1144 4285 1011.
1169 4220 1280 4286 Livius

125 4325 183 4392 On.
219 4322 407 4393 Cornelium
437 4326 628 4395 Blasionem
666 4349 706 4394 ex
746 4329 897 4394 citeriore
930 4326 1091 4412 Hispania
1130 4336 1280 4399 ovantem
