2994 5108
220 470 282 526 Lib.
303 470 401 525 XXVI.
770 458 832 521 388

220 665 256 708 re
279 644 341 708 nisi
364 664 405 708 ex
427 642 608 708 sceleribus
631 644 753 707 victum
776 642 932 710 habuisse
956 645 1045 709 dicit.
1096 643 1211 728 Neque
1234 664 1379 728 praesens

220 752 387 835 participii
425 758 556 835 tempus
591 750 852 833 (tolerantes)
886 759 976 818 recte
1011 753 1132 818 dicitur
1165 754 1229 818 nisi
1264 753 1304 817 de
1339 772 1378 817 eo

216 865 326 937 statu,
358 860 391 923 in
415 879 479 944 quo
502 864 582 923 tunc
605 859 712 942 ipsum
735 866 839 925 erant.
890 860 1007 945 Itaque
1030 869 1071 927 et
1093 868 1168 945 post
1189 860 1378 946 plerique

221 989 260 1032 ex
283 987 299 1029 e
322 974 467 1033 extremo
491 974 599 1032 ortum
621 973 682 1044 est,
710 973 747 1032 ut
770 989 796 1032 c.
824 973 871 1048 12,
903 973 942 1033 18
965 976 998 1034 et
1021 969 1123 1049 alibi,
1135 970 1309 1052 oratioque
1331 969 1379 1033 sic

135 1085 205 1156 (317)
226 1076 400 1141 decurrere
434 1075 546 1140 debet:
586 1075 790 1159 capitalia
823 1079 913 1142 ausi
946 1078 1150 1161 plerique,
1185 1098 1307 1160 quum
1339 1077 1379 1141 in

220 1185 466 1249 civitatibus
489 1185 574 1248 suis
597 1203 649 1247 ac,
665 1183 739 1248 sub
762 1184 924 1267 legibus
947 1185 1149 1264 vixerant,
1178 1193 1236 1263 et,
1264 1191 1378 1269 post·

220 1313 334 1374 quam
365 1313 434 1368 ⁴eos
461 1328 505 1336 -
532 1291 702 1357 fortuna
738 1292 886 1357 similis
921 1293 1249 1376 conglobaverat
1276 1293 1378 1376 Aga·

220 1399 413 1483 thynnam,
436 1421 506 1483 per
528 1399 756 1464 latrocinia
777 1435 820 1445 —
843 1402 964 1466 vitam
986 1401 1230 1466 tolerantes.
1275 1401 1378 1467 Recte

219 1510 305 1573 inter
328 1529 364 1574 se
386 1508 603 1591 respondent:
634 1509 740 1587 ausi,
770 1526 887 1592 quum
908 1510 1162 1574 —vixerant
1184 1515 1234 1574 et:
1264 1515 1378 1593 post·

219 1637 335 1698 quam
353 1652 394 1662 —
412 1616 740 1699 conglobauerat,
763 1615 1006 1682 tolerantes.
1039 1616 1131 1700 [Quae
1149 1602 1379 1683 Weissenbor-

219 1725 292 1788 nius
312 1725 457 1808 opponit,
474 1745 539 1789 non
556 1724 720 1806 intellego.
745 1725 938 1795 Rectissime
956 1724 991 1789 hi
1008 1724 1159 1791 homines
1171 1723 1379 1790 universidi·
1404 1801 1407 1806 .

220 1839 338 1897 cuntur
360 1833 542 1897 exsules-
559 1833 614 1914 qui
638 1833 724 1897 enim
747 1832 845 1897 aliter
857 1853 969 1898 omnes
980 1833 1178 1917 Agathyrna
1191 1832 1380 1898 essent?-

220 1948 252 2004 et
276 1941 422 2019 obaerati,
452 1961 605 2023 magnam
628 1947 738 2005 autem
761 1946 889 2024 partem
912 1942 1014 2006 etiam
1036 1941 1071 2005 in
1093 1940 1288 2006 civitatibus
1311 1941 1379 2006 suis

219 2050 376 2132 capitalia
399 2050 470 2113 ausi
492 2070 563 2114 esse
587 2055 620 2112 et
642 2069 736 2128 nunc,
769 2056 946 2133 postquam
967 2048 1192 2133 Agathyrnam
1217 2049 1378 2128 venerint,

218 2158 336 2241 rapina
357 2155 536 2238 vixisse.]¹)

306 2264 384 2348 Cap.
407 2270 466 2345 41,
498 2270 535 2329 17
564 2264 611 2346 (in
640 2265 790 2329 oratione
814 2263 978 2348 Scipionis
1000 2264 1089 2348 apud
1111 2264 1233 2330 milites
1256 2264 1379 2349 Hispa·

218 2373 378 2452 nienses):
402 2371 506 2449 Quid
525 2374 653 2455 igitur
670 2373 798 2437 minus
817 2374 1043 2452 conveniat,
1066 2373 1230 2452 milites,
1252 2392 1379 2456 quam,

219 2502 338 2564 quum
367 2480 456 2544 aliae
488 2502 609 2562 super
637 2481 740 2545 alias
770 2480 907 2545 clades
936 2480 1245 2546 cumularentur
1269 2500 1316 2546 sc
1338 2479 1378 2546 di

218 2608 342 2671 prope
371 2588 452 2670 ipsi
481 2608 566 2653 cum
590 2587 817 2653 Hannibale
841 2594 1012 2664 starent,
1042 2609 1110 2653 vos
1133 2588 1199 2654 hic
1220 2623 1265 2633 -
1288 2609 1378 2654 sus-

218 2695 396 2760 tinuisse
424 2695 630 2761 labantem
660 2696 865 2761 fortunam
887 2696 1032 2780 populi
1054 2696 1240 2775 Romani,
1273 2717 1378 2762 nunc

218 2803 391 2882 cosdem,
426 2805 519 2885 quia
553 2803 644 2867 illic
678 2805 809 2868 omnia
843 2804 1025 2869 secunda
1058 2805 1235 2886 laetaque
1266 2810 1377 2882 sunt,

218 2913 361 2976 animis
396 2909 604 2975 deficere?
638 2911 755 2994 Inepta
789 2919 840 2975 est
872 2912 907 2975 in
940 2911 991 2976 his
1026 2912 1181 2977 extremis
1212 2911 1378 2995 particule

217 3020 358 3084 causalis
398 3019 537 3102 (quia);
584 3040 688 3101 neque
735 3020 821 3083 enim
867 3021 1043 3103 quisquam
1083 3019 1157 3085 ideo
1201 3019 1378 3086 deficiebat

217 3129 335 3204 animo,
359 3126 522 3207 quadres
544 3128 578 3191 in
594 3126 693 3190 Italia
714 3126 798 3190 laetae
820 3135 943 3206 assent3
973 3129 1114 3191 miratur
1135 3127 1258 3211 Scipio,
1281 3119 1378 3208 nunc,

217 3256 317 3315 quum
345 3235 428 3299 laetao
459 3235 527 3298 illic
555 3257 608 3299 res
632 3236 712 3312 sint,
747 3234 887 3300 deficere
916 3237 1047 3313 animis,
1083 3237 1139 3318 qui
1168 3236 1378 3316 gravioribus

217 3342 419 3425 temporibus
448 3365 515 3408 non
544 3342 732 3407 defecerint.
784 3342 901 3427 Itaque
932 3364 972 3407 ex
1000 3363 1101 3407 nunc
1129 3345 1296 3425 —quia
1323 3365 1378 3409 ne·

216 3451 362 3513 cessario
391 3450 593 3514 laciendum:
627 3471 732 3514 nunc
754 3471 905 3515 -cum
933 3452 1012 3516 iam
1041 3450 1161 3533 (cuia)
1192 3451 1287 3517 illic
1315 3458 1377 3519 cet.

216 3554 334 3636 [Paulo
357 3562 434 3621 ante
458 3557 489 3640 (ξ
516 3558 568 3639 12)
591 3557 846 3622 Forchhammer
874 3567 964 3623 recte
986 3560 1142 3637 miratur,
1172 3579 1233 3624 cur
1257 3559 1378 3626 Sicilire

216 3665 321 3727 maior
351 3686 429 3746 pars
460 3666 619 3730 defecisse
649 3665 790 3743 dicatur,
827 3667 923 3747 quasi
951 3665 1050 3731 Italia
1078 3667 1187 3732 omnis
1211 3667 1381 3750 defecerit,

215 3793 316 3853 quum
344 3772 378 3835 in
401 3772 500 3837 Italia
528 3774 630 3838 multo
662 3773 773 3855 plures
795 3772 908 3838 fideles
932 3775 1015 3839 socii
1038 3775 1240 3856 manserint,
1275 3778 1310 3842 in
1332 3776 1381 3843 Si·

215 3879 302 3953 cilia,
331 3881 388 3961 qui
410 3879 477 3944 fere
501 3879 561 3944 soli
585 3881 664 3944 socii
688 3877 829 3959 fuerant,
859 3882 1056 3963 Syracusani
1079 3881 1275 3950 defecerint.
1327 3885 1381 3950 vi-

244 4157 267 4220 1)
288 4154 304 4223 §
321 4159 353 4209 10
365 4164 442 4210 recte
461 4159 615 4227 discipulus
631 4157 758 4225 Siesbyei
774 4160 973 4213 animadvertit
988 4161 1169 4216 scribendum
1184 4178 1262 4218 esse:
1282 4182 1383 4234 quum

285 4268 319 4278 -
342 4243 530 4297 multitudo
557 4245 633 4296 visa
656 4249 741 4295 esset
764 4250 797 4296 et
820 4246 952 4299 clamor
975 4274 1009 4285 —-
1034 4247 1243 4318 accidisset3
1264 4268 1301 4319 u,
1319 4267 1384 4319 qun

284 4324 415 4379 dicontur
432 4328 469 4380 ad
487 4328 587 4394 XLIV,
608 4331 646 4395 18,
666 4331 689 4382 3.
727 4328 824 4395 (1876.)
