2994 5108
225 507 287 562 Lib.
306 506 354 561 111.
784 492 826 553 90

226 680 321 746 nobis
344 678 538 763 corrigenda
559 678 677 742 relicta
700 682 785 757 sunt,
809 697 850 742 ne
873 676 908 741 in
926 675 1000 742 aliis
1019 675 1154 760 quidem
1172 676 1254 742 locis
1273 676 1385 762 ms'gni

160 798 164 807 '
226 788 380 873 ponderis
403 809 476 853 esse
499 786 608 866 debet,
631 785 720 871 quod
743 804 838 850 nemo
861 783 971 850 adhuc
993 782 1177 867 offendit.¹)
1255 788 1258 793 '
1361 786 1364 790 ’

157 910 211 979 (74)
317 894 394 980 Cap.
408 899 459 976 27,
477 899 495 960 6
513 894 734 977 suspicionem
755 913 876 976 ponam
898 891 1098 973 dubitanter,
1120 913 1242 977 ponam
1263 894 1383 961 tamen

226 1006 311 1070 Nam
339 1004 428 1087 quod
458 1004 505 1069 sic
527 1001 698 1068 scribitur:
732 1000 832 1067 Inde
862 1001 1093 1085 composito
1122 1002 1278 1085 agmine
1305 1000 1384 1070 non

227 1113 372 1178 itineri
395 1112 520 1195 magis
543 1111 631 1195 apti
655 1131 770 1199 quam
791 1109 960 1194 proelio,
983 1110 1017 1174 si
1039 1109 1183 1174 resita
1200 1109 1383 1191 tulisset,

227 1220 409 1305 legiones
449 1221 536 1304 ipse
575 1218 777 1298 dictator,
823 1218 1025 1301 magister
1064 1218 1250 1302 equitum
1288 1240 1385 1285 suos

227 1329 391 1411 equites
414 1327 537 1408 ducit,
566 1325 692 1407 dubito,
722 1326 838 1409 ipsene
860 1325 936 1405 dux,
960 1326 1017 1410 qui
1040 1327 1220 1391 exercitum
1241 1325 1287 1392 ad
1308 1348 1385 1411 pro·

226 1436 439 1520 gradiendum
479 1434 730 1520 pugnandumve
770 1435 972 1518 composuit,
1010 1433 1136 1518 proelio
1175 1440 1233 1499 aut
1271 1435 1385 1501 itineri

227 1551 349 1629 aptus
372 1549 461 1610 recte
486 1543 630 1623 dicatum
659 1562 736 1607 nam
758 1541 1003 1621 instructus,
1031 1543 1292 1627 compositus,
1319 1564 1385 1628 pa·
1419 1532 1423 1539 ’

227 1658 345 1718 ratus
374 1651 438 1718 dici
467 1658 592 1735 potest,
626 1651 704 1736 quia
733 1669 772 1714 ea
800 1649 901 1714 verba
927 1648 1078 1715 habitum
1105 1649 1149 1715 ad
1170 1656 1301 1735 tempus
1324 1649 1384 1716 sli-

227 1761 315 1844 quod
338 1766 504 1845 sumptum
527 1758 688 1840 iudicant,
722 1765 861 1841 aptus,
897 1780 996 1840 quum
1026 1757 1066 1823 de
1093 1756 1228 1824 bomine
1250 1758 1384 1839 dieitur,

226 1876 420 1954 perpetuum
447 1866 597 1934 habitum
627 1872 660 1931 et
687 1866 854 1948 ingenium
878 1864 1052 1949 siguificat.
1103 1865 1172 1931 Nec
1193 1866 1304 1951 placet
1325 1866 1384 1933 ab·

227 1977 332 2042 solute
372 1978 419 2041 sio
461 1976 525 2040 dici
567 1973 764 2040 dictatorem
804 1981 837 2039 et
869 1974 1063 2057 magistrum
1096 1975 1244 2056 equiturn
1277 1995 1384 2042 oom-

226 2086 364 2169 posito
388 2085 545 2168 agmine
569 2084 643 2163 isse,
673 2083 766 2166 quasi
790 2081 970 2146 cavendum
991 2081 1161 2162 fueritne
1184 2081 1385 2149 dissolutum

226 2201 261 2258 et
300 2193 474 2257 disiectum
514 2190 671 2255 habuisse
705 2195 910 2274 putarentur.
973 2189 1158 2256 Videndum
1191 2191 1307 2273 igitur,
1341 2212 1384 2256 ne

225 2301 336 2366 Livius
359 2299 545 2383 scripserit:
579 2297 675 2362 Inde
699 2298 928 2382 composito
952 2299 1113 2381 agmine
1135 2319 1211 2364 non
1233 2299 1384 2364 itineri

226 2410 352 2492 magis
381 2413 466 2490 apte
495 2427 611 2490 quam
638 2405 814 2489 proelio,
844 2407 877 2471 si
907 2426 971 2471 res
999 2407 1059 2473 ita
1091 2406 1278 2488 tulisset,
1309 2412 1383 2488 cet,

227 2517 337 2582 dativo
356 2516 398 2581 ad
411 2514 604 2581 adverbium
622 2513 881 2595 accommodato,
899 2515 1065 2599 quomodo
1078 2514 1196 2595 XXXI,
1209 2520 1238 2595 5,
1251 2519 1270 2580 5
1284 2514 1383 2581 dixit:

228 2629 458 2709 opportune
494 2622 716 2688 irritandis
745 2622 900 2687 animis.
957 2621 1131 2703 Similiter,
1165 2643 1322 2690 conversa
1348 2624 1386 2690 in

227 2731 326 2797 aliam
349 2738 477 2815 partem
501 2732 672 2810 sententia,
699 2729 863 2811 XXXVII,
893 2734 943 2811 21,
966 2735 985 2795 2
1008 2731 1204 2797 Macedones
1227 2731 1387 2799 dicuntur

228 2840 335 2906 abisse
381 2840 541 2924 agmine
587 2839 634 2904 ad
675 2839 757 2903 iter
794 2838 924 2921 magis
964 2861 1079 2923 quam
1120 2840 1168 2906 ad
1207 2862 1385 2925 pugnam

228 2946 508 3033 composito.⁹)

313 3057 362 3122 Ne
395 3057 429 3121 id
463 3057 596 3141 quidem
630 3052 861 3134 omittendum,
897 3055 1024 3120 Livium
1057 3055 1091 3120 in
1121 3056 1184 3122 hoc
1210 3056 1384 3139 librabis,

227 3165 290 3230 hoc
321 3166 430 3250 capite
454 3162 470 3247 ἓ
496 3168 514 3229 3
538 3171 571 3230 66
594 3184 621 3228 c.
646 3168 702 3243 63,
732 3168 750 3228 6
773 3164 964 3229 Martium
994 3184 1177 3249 campum
1204 3165 1383 3249 appellare,

228 3295 325 3357 quem
349 3272 428 3338 alibi
452 3292 581 3355 semper
604 3269 650 3352 (in
672 3270 736 3336 boo
759 3273 831 3356 ipso
854 3271 940 3337 libro
966 3275 1014 3352 10,
1048 3278 1062 3337 1
1089 3279 1122 3338 66
1145 3277 1195 3352 69,
1224 3277 1254 3354 6,
1283 3273 1309 3355 1,
1331 3279 1384 3356 44,

231 3386 263 3461 1,
291 3380 350 3460 IV,
381 3383 437 3460 22,
466 3379 499 3462 7)
531 3400 603 3444 cum
627 3379 701 3444 aliis
725 3401 832 3463 prosae
855 3381 1013 3446 orationis
1037 3381 1257 3465 scriptoribus
1280 3403 1385 3448 cam·

229 3535 425 3543 ——----——-.
452 3538 457 3542 .

257 3599 279 3664 ¹)
298 3598 340 3654 De
358 3615 381 3653 c.
400 3601 447 3667 24,
478 3602 510 3654 10
537 3600 594 3654 dixi
617 3599 719 3669 Opusc.
744 3600 831 3655 Acad
855 3600 882 3654 II
907 3619 934 3671 p.
958 3603 1007 3656 221
1035 3601 1181 3671 secutique
1206 3607 1273 3657 suut
1295 3600 1385 3658 Weis-

297 3685 464 3740 senbornius
483 3689 509 3740 61
527 3685 666 3740 Hertzius.

254 3769 279 3837 ²)
300 3769 377 3839 [Qua
396 3771 431 3826 ds
450 3769 466 3841 ξ
483 3774 496 3824 1
514 3771 597 3825 huius
616 3772 716 3841 capitis
736 3772 902 3842 scripseram
917 3771 1086 3843 (patricia
1104 3772 1222 3843 gentis
1241 3773 1299 3828 sed
1318 3774 1384 3844 qui,

296 3874 348 3926 pro
368 3874 423 3927 quo
445 3858 553 3925 etqui
571 3858 757 3927 requirebam)
775 3863 944 3928 secutusque
963 3859 1047 3913 etism
1068 3860 1134 3914 1873
1153 3860 1313 3927 eremium
1326 3876 1385 3915 non

296 3948 380 3997 teneo
403 3944 589 4013 concedoque
607 3944 719 3998 Liuium
736 3943 860 4013 primum
880 3945 916 3999 ab
935 3944 989 3999 hac
1009 3944 1159 3999 sententias
1179 3943 1273 4000 forms
1289 3945 1384 4000 animo

297 4032 448 4099 concepta:
467 4029 626 4098 patrioiae
646 4029 770 4098 gentis,
791 4030 850 4085 sed
864 4030 922 4099 qni
939 4029 1116 4100 stipendis
1130 4030 1274 4100 pedibus
1287 4047 1385 4102 prop-

296 4118 350 4168 ter
361 4118 601 4184 paupertatem
615 4113 769 4182 iecisset,
780 4115 882 4171 deinde
895 4115 1008 4170 suoillo
1018 4115 1145 4170 moresic
1155 4116 1386 4188 quumiuterpo·

297 4199 395 4266 suisse,
413 4205 445 4254 nt
461 4202 558 4254 tamen
575 4200 637 4255 sed
653 4201 797 4255 retineret
828 4200 901 4256 Nam
920 4218 1065 4272 quousque
1082 4201 1204 4256 licentius
1223 4206 1252 4256 st
1271 4201 1385 4258 dudtiss

297 4285 327 4340 in
358 4285 414 4339 hoo
443 4301 545 4354 genere
575 4286 761 4355 processerit,
793 4287 911 4357 exposui
936 4303 1026 4357 nuper
1050 4285 1151 4342 Kleine
1177 4286 1388 4358 philologischs

297 4369 440 4425 Schriften
457 4388 485 4440 p.
504 4371 556 4426 359
573 4375 601 4425 et
618 4369 689 4439 671]
