2994 5108
201 479 263 537 Lib.
281 421 364 536 xuv:
750 465 812 527 734

204 653 246 719 ab
281 652 379 717 editis
413 648 605 718 notabiliter
638 650 831 734 discrepans
865 655 898 715 et
937 647 1083 729 (deiectu
1115 649 1353 732 prepositionis

201 758 431 844 particulaque
454 757 542 843 que)
565 757 717 822 lacunam
739 757 900 823 indicans.
944 755 1048 823 Valde
1077 777 1206 834 vereor,
1235 778 1277 823 ne
1297 779 1354 823 ro·

203 873 296 934 eant
322 867 427 932 huno
458 865 618 931 debeatur
648 865 757 932 studio
787 865 915 932 librarii
938 886 978 929 ex
1000 865 1055 944 iis,
1079 884 1152 949 quoe
1175 886 1242 931 non
1262 866 1353 931 intel-

201 976 348 1058 legebat,
372 975 493 1040 Latina
521 974 638 1039 saltem
660 973 821 1039 voeabula
849 971 1013 1038 efficiendi
1039 972 1209 1058 lateatque
1238 973 1303 1040 looi
1323 980 1354 1040 et

200 1091 317 1169 portus
358 1081 556 1167 significatio
597 1103 636 1146 ex
674 1078 794 1145 litteris
835 1078 1036 1146 eanthune
1075 1081 1231 1147 eruenda.
1276 1082 1355 1147 Mihi

202 1191 335 1276 quidem
353 1188 562 1256 scribendum
579 1189 725 1254 videtur:
748 1196 891 1272 portus
916 1186 964 1252 ad
981 1187 1166 1254 Toronen
1190 1210 1235 1254 ae
1256 1212 1355 1256 mon·

201 1306 280 1366 tem
302 1298 435 1363 Athon
463 1305 504 1363 et
533 1297 750 1372 leantln,
786 1295 834 1361 ad
856 1295 1019 1380 AEgeum
1047 1317 1156 1363 mare
1191 1298 1268 1363 alii
1304 1299 1355 1364 in·

202 1405 410 1488 aulamque
441 1403 659 1484 Euboeam,
693 1404 766 1470 alii
793 1404 842 1470 ad
870 1403 1187 1488 Hellespontum
1216 1427 1355 1491 oppor-

201 1521 300 1581 tune
322 1515 439 1579 versi.
473 1512 688 1596 Hellesponto
712 1533 779 1577 una
801 1511 910 1578 insula
926 1512 1061 1578 Euboea
1081 1533 1122 1578 ne
1146 1533 1206 1597 per
1229 1534 1265 1579 se
1288 1515 1356 1599 qui·
1411 1580 1415 1585 ,

202 1623 275 1688 dem
295 1628 385 1688 reete
403 1621 572 1686 contraria
588 1621 667 1705 poni
685 1620 824 1685 videtur.
836 1621 1045 1687 ,accusativo
1058 1618 1164 1686 Atho
1182 1620 1355 1704 Vergilius,

200 1737 239 1796 ut
250 1729 388 1810 videtur,
402 1750 505 1794 ausus
517 1735 568 1795 est
579 1750 639 1812 pro
651 1728 770 1794 Latino
782 1729 847 1810 uti;
870 1727 983 1795 Cicero
995 1726 1192 1794 Athonem
1210 1728 1294 1794 dixit
1309 1728 1356 1811 (et

201 1837 385 1919 Athone),
407 1835 560 1903 Valerius
583 1836 669 1901 Max.
689 1836 727 1919 (Ι,
751 1840 769 1902 6
794 1842 859 1902 ext.
880 1835 922 1920 1),
945 1835 1042 1917 Mela,
1063 1834 1191 1903 Plinius
1214 1836 1355 1916 Athon,

203 1944 322 2030 quibus
336 1945 465 2010 Livium
482 1966 556 2010 mea
574 1946 763 2010 coniectura
781 1945 940 2028 adiungit.
965 1943 1076 2028 [Apud
1093 1944 1237 2013 Plinium
1255 1945 1357 2012 Deth·

201 2052 358 2119 leisenius
377 2053 478 2119 semel
500 2052 632 2118 Athon
649 2052 701 2118 bis
724 2052 805 2120 Aah
816 2074 844 2135 0,
862 2051 1026 2136 edidit.]¹)
1049 2052 1088 2117 In
1103 2054 1261 2138 proximis
1275 2051 1306 2136 (ᾗ
1323 2054 1355 2135 5)

201 2183 261 2246 pro
284 2163 398 2245 ignota
419 2161 606 2227 Vettiorum
628 2167 735 2244 gente,
759 2182 831 2243 quae
853 2163 888 2226 in
909 2162 1011 2226 tertia
1032 2160 1235 2228 Macedonia
1264 2168 1357 2246 parts

200 2271 287 2336 inter
303 2271 421 2335 Axium
440 2276 473 2335 at
490 2268 634 2335 Peneum
652 2270 797 2352 ponitur,
820 2271 930 2335 neseio
953 2290 995 2335 an
1018 2269 1249 2336 substituenda
1270 2269 1358 2336 Bot-

201 2378 384 2443 tiaeerum
407 2379 466 2458 sit,
490 2385 578 2443 eerte
601 2379 635 2442 iu
659 2397 698 2442 ea
719 2378 851 2460 regione
875 2376 925 2442 illi
945 2377 1088 2443 fuerunt.
1129 2376 1199 2460 [Sic
1221 2377 1357 2444 Dederi-

201 2483 293 2550 ehius
337 2489 418 2550 1855
457 2487 491 2550 in
536 2485 729 2570 praefatione
768 2484 919 2550 Frontini
955 2509 987 2570 p.
1026 2485 1069 2567 X3
1108 2487 1175 2552 iam
1214 2485 1357 2553 Niebuh-

200 2593 269 2659 rius
302 2591 599 2676 Bottiorum.]²)
644 2593 800 2657 Extrema
832 2613 909 2676 pars
943 2594 1061 2677 eapitis
1095 2592 1126 2676 (ἕ
1166 2594 1201 2675 8)
1241 2595 1277 2660 in
1304 2615 1356 2660 co·

224 2814 247 2879 ¹)
267 2811 407 2880 [Aliorum
427 2817 545 2868 conatus
565 2819 643 2868 reete
662 2813 846 2881 reprehendi,
865 2813 915 2866 sed
934 2812 1103 2868 emendandi
1127 2814 1172 2866 via
1198 2813 1257 2884 ipse
1282 2814 1356 2867 aher·

267 2899 340 2964 ravi,
373 2900 427 2953 etsi
459 2900 584 2953 intellexi
616 2904 681 2952 ante
714 2899 782 2951 alii
815 2898 1031 2966 insulamque
1058 2898 1233 2953 Euboeam
1262 2899 1355 2953 deesse

268 2984 382 3052 aliquid,
412 2984 488 3052 quod
515 3001 577 3038 eum
596 2984 713 3038 Euboea
731 2985 959 3054 coniungeretnr.
996 2983 1051 3038 Sed
1070 2988 1098 3037 et
1115 2984 1277 3038 Acanthum
1297 2984 1356 3038 aine

267 3069 430 3123 testimonio
453 3068 555 3124 idoneo
580 3070 645 3124 huie
663 3075 798 3138 portuum
823 3069 962 3124 mentioni
982 3069 1138 3137 interposui
1164 3077 1195 3123 et
1222 3087 1287 3122 eum
1314 3071 1354 3121 in·

268 3153 430 3221 aequalitate
463 3156 575 3222 ingrata
602 3154 655 3221 (ad
687 3153 848 3209 Toronen
874 3183 908 3192 —
935 3154 976 3207 ad
1002 3160 1154 3208 montem
1181 3156 1300 3208 Athon
1326 3160 1356 3206 et

267 3236 474 3310 Acanthum)
503 3244 530 3292 et
558 3239 592 3292 ad
618 3238 749 3292 lacunam
776 3238 879 3292 frustra
906 3239 1035 3309 confugi,
1063 3258 1149 3309 quum
1165 3240 1229 3308 ipsa
1248 3239 1297 3293 illa
1315 3240 1352 3292 in·

268 3322 413 3390 aequalitas
433 3323 582 3377 admonere
601 3324 747 3393 potuisset,
767 3325 818 3376 suh
836 3324 893 3377 illis
908 3326 1017 3392 litteris,
1034 3343 1066 3378 ex
1081 3324 1182 3394 quibus
1202 3331 1237 3378 et
1251 3326 1355 3378 Aean·

266 3407 361 3460 thum
376 3408 463 3475 effeci,
479 3409 508 3461 id
523 3409 617 3474 latere,
631 3409 706 3476 quod
718 3410 884 3477 quaerebam.
903 3410 947 3463 Ex
962 3411 1195 3464 athoeneaeuo
1215 3409 1248 3463 fit
1267 3410 1355 3463 Atho

266 3491 299 3542 in
325 3491 423 3557 fano;
452 3493 527 3561 quod
555 3494 635 3547 deest
662 3495 727 3547 huie
754 3495 832 3560 voei,
859 3497 967 3561 nium,
996 3513 1030 3549 ex
1052 3513 1085 3549 eo
1104 3496 1251 3563 librarius,
1275 3504 1356 3563 capto

267 3576 349 3629 initio
369 3594 403 3630 ex
422 3578 527 3646 syllaba
546 3596 586 3633 uo
606 3585 635 3632 et
652 3579 705 3634 hae
725 3580 859 3647 adhibita,
879 3580 972 3634 effecit
990 3588 1120 3635 uocant
1137 3581 1235 3635 hunc.
1274 3581 1310 3634 Id
1323 3597 1355 3633 ue

266 3661 310 3713 eui
329 3660 493 3716 incredibile
512 3664 653 3730 videatur,
678 3665 790 3719 attendi
808 3666 892 3718 velim
917 3666 1033 3735 (praeter
1056 3684 1101 3733 ea,
1122 3684 1185 3735 quse
1204 3684 1292 3736 supra
1309 3682 1355 3735 po·

266 3746 309 3798 sni
335 3762 362 3813 p.
387 3745 438 3799 597
464 3749 544 3815 not),
574 3750 695 3817 primum
722 3767 745 3804 e.
768 3753 811 3817 34,
840 3754 871 3804 10
899 3768 933 3805 ex
951 3750 1151 3805 finiendum
1175 3751 1281 3805 facturn
1299 3766 1357 3805 esso

265 3829 372 3885 finem
399 3831 489 3899 dum,
517 3832 633 3901 deinde,
662 3834 738 3902 quod
755 3836 908 3890 notabilius
927 3841 970 3890 est
989 3842 1017 3891 et
1034 3837 1118 3891 huius
1135 3837 1194 3890 loci
1213 3838 1303 3891 errori
1320 3837 1354 3889 ri·

263 3915 337 3983 mile,
356 3934 377 3969 e.
397 3919 439 3981 39,
460 3920 491 3970 13
509 3934 544 3971 ex
562 3924 709 3975 auctora
728 3922 847 3975 seruio
869 3921 970 3990 galba
989 3922 1121 3977 effectum
1140 3928 1293 3978 auctore
1311 3938 1356 3975 se·

264 4007 347 4053 runt
365 4001 421 4055 nlo
440 4002 552 4070 galba
588 4003 681 4072 Atque
708 4023 744 4060 ex
761 4006 860 4060 eodem
878 4023 982 4075 genere
1008 4013 1053 4062 est
1074 4008 1147 4062 illud
1165 4009 1197 4062 in
1215 4025 1239 4062 e.
1261 4010 1305 4075 39,
1326 4007 1355 4060 15

264 4101 298 4137 ex
315 4085 420 4139 hodie
439 4092 534 4140 natum
554 4087 619 4141 hoo
638 4089 764 4145 dicere.
804 4091 965 4160 Scripserat
980 4093 1069 4161 igitur
1090 4093 1203 4147 Livius:
1230 4099 1356 4162 portus

265 4185 282 4221 a
301 4169 443 4224 Torone
468 4190 504 4226 ao
523 4180 636 4227 monte
655 4176 747 4229 Atho
766 4178 802 4230 in
827 4176 1018 4232 Favonium
1046 4179 1109 4232 alii
1136 4178 1356 4246 insulamque

263 4252 449 4323 Euboeam,
470 4262 567 4325 estque
584 4259 614 4312 id
632 4260 667 4312 ad
685 4278 744 4315 rem
764 4263 946 4331 aptissimum.
977 4261 1063 4332 ista]

218 4336 244 4402 ²)
263 4335 291 4405 [ξ
310 4340 326 4389 7
345 4339 378 4392 de
397 4341 498 4395 ritihus
516 4360 574 4397 non
591 4345 699 4413 agilum
718 4347 843 4402 subsitne
861 4346 947 4416 aliud,
966 4352 1050 4418 atque
1068 4349 1100 4404 in
1118 4348 1248 4404 editione
1265 4348 1355 4418 posui,

263 4438 375 4477 mores
394 4442 490 4494 suos,
508 4428 626 4497 neseio]
