2994 5108
690 493 751 553 745
1115 503 1191 558 tib.
1210 501 1295 560 XLV.
1414 499 1416 505 ’

144 680 213 740 tur:
237 674 411 743 Militum
434 677 597 762 quidem
620 676 786 761 propria
808 682 870 742 cst
892 695 1031 754 causa,
1056 675 1126 758 qui
1150 682 1188 769 et
1211 677 1295 760 ipsi

144 783 325 850 laureati
348 793 386 851 et
409 788 584 869 quisque
607 785 742 863 donis,
766 783 912 869 quibus
936 783 1082 850 donati
1105 791 1215 863 suut,
1239 785 1296 848 iu-

145 893 291 975 signes,
314 893 563 978 triumphum
586 893 745 958 nomine
769 893 881 958 cient
898 891 1085 975 'suasque
1109 897 1147 956 et
1169 891 1294 974 impe·

143 1003 301 1066 ratoris
335 1001 478 1067 laudes
507 1006 700 1067 canentes
728 1021 800 1085 per
828 1000 966 1066 urbem
993 998 1197 1066 incedunt.
1242 1000 1295 1064 In·

144 1117 218 1192 epte
247 1110 387 1175 militum
415 1118 550 1175 ornatus
585 1111 731 1194 proxime
759 1108 902 1174 refertur
930 1108 973 1174 ad
995 1106 1152 1192 triumphi
1175 1108 1295 1172 clamo-

141 1239 211 1282 rem
245 1217 436 1299 (laureati
469 1225 513 1265 '-
544 1216 791 1301 triumphum
825 1216 949 1297 cient)
981 1217 1228 1300 seiungiturque
1252 1215 1294 1280 ab
1354 1218 1356 1222 ’

142 1327 286 1406 incessu,
316 1334 348 1391 et
371 1347 470 1412 prave
493 1307 663 1410 tamquam
697 1325 761 1389 duo
790 1331 988 1409 separantur
1014 1324 1100 1390 haec:
1135 1325 1294 1389 nomine

143 1435 254 1500 cient
277 1435 324 1515 (id
348 1443 412 1514 est,
435 1435 569 1516 canunt)
593 1442 641 1500 et:
666 1441 857 1498 canentes
880 1432 1149 1498 -incedunt
1185 1431 1294 1516 Appa-

142 1551 202 1623 ret,
226 1545 336 1608 omnia
358 1542 473 1607 referri
497 1541 540 1607 ad
561 1544 727 1607 incessum
756 1549 788 1606 et
818 1562 985 1626 pompam,
1018 1543 1051 1605 in
1080 1560 1147 1624 qua
1174 1539 1295 1605 milites

142 1651 444 1735 conspiciebantur;
467 1652 497 1716 ei
520 1650 627 1729 verbo,
651 1671 717 1733 quc
736 1671 855 1733 pompa
872 1649 1037 1714 indicatur
1059 1645 1292 1729 (incedunt),

140 1758 272 1839 adiungi
324 1759 500 1843 participia
551 1758 592 1823 ad
644 1779 770 1843 pompae
815 1757 1070 1841 descriptionem
1125 1757 1293 1841 pertinen·

140 1865 197 1929 tia.
254 1864 469 1932 Scribendum
509 1876 557 1932 est
590 1867 706 1950 igitur:
742 1868 809 1949 qui
844 1874 883 1930 et
915 1866 997 1950 ipsi
1030 1866 1215 1930 laureati
1254 1871 1291 1929 et

141 1974 311 2057 quisque
351 1974 467 2040 donis
513 2009 556 2020 u-
595 1976 794 2056 insignes,
836 1973 1082 2057 triumphum
1125 1973 1377 2043 nominatim)

140 2081 291 2143 etentes
332 2103 503 2165 suasque
544 2089 583 2147 et
620 2082 884 2167 imperatoris
918 2081 1061 2146 laudes
1095 2089 1292 2147 canentes

140 2210 211 2271 per
244 2189 382 2255 urbem
416 2190 619 2257 incedunt.
675 2190 729 2254 Ex
769 2192 923 2255 cientes
958 2209 1136 2272 suasque
1169 2186 1292 2254 factum

140 2304 205 2361 est:
248 2298 584 2382 cientcsuasque,
623 2305 710 2363 tum:
746 2300 854 2363 cient
888 2318 1071 2380 suasque.
1121 2296 1291 2362 Postremo

143 2404 159 2488 ᾗ
186 2408 224 2468 13
248 2406 295 2486 (si
319 2406 475 2488 quando
498 2427 576 2472 nou
600 2406 881 2490 deportati-
904 2403 1205 2486 sint,fremunt)
1229 2405 1291 2471 tol-

141 2513 258 2578 lendus
282 2522 333 2578 est
356 2515 494 2580 vitiosus
517 2517 720 2599 intempore
744 2523 834 2580 stre
858 2515 975 2598 saepius
1002 2511 1092 2579 facta
1114 2514 1292 2580 indicanda

141 2621 281 2706 perfecti
304 2623 541 2702 coniunctivus,
565 2643 662 2707 quem
686 2629 777 2688 certa
798 2624 910 2707 regula
934 2628 966 2687 et
989 2623 1186 2705 optimorum
1203 2620 1291 2688 ccdi-

141 2751 215 2795 cum
238 2731 436 2796 auctoritate
460 2736 493 2796 et
514 2733 765 2816 conspiratione,
789 2752 889 2815 quum
911 2730 991 2796 alibi
1014 2738 1085 2795 tum
1107 2731 1140 2794 in
1161 2730 1202 2794 iis
1224 2730 1291 2795 for·

139 2839 216 2915 mis,
240 2838 272 2901 iu
296 2837 415 2922 quibus
438 2838 635 2904 indicativus
666 2861 685 2904 a
708 2840 915 2903 coniunctivo
938 2858 1003 2903 non
1025 2858 1092 2903 una
1113 2838 1218 2902 vocali
1242 2837 1290 2902 di·

140 2954 222 3024 stat,
252 2949 356 3011 tretus
380 2967 418 3011 cx
441 2945 552 3011 multis
575 2953 723 3013 veterum
745 2946 825 3012 locis
849 2945 967 3010 sustuli
991 2944 1111 3028 Opusc.
1135 2944 1234 3009 Acad.
1258 2944 1291 3009 11

138 3077 169 3137 p.
195 3057 253 3117 281
279 3075 360 3138 sqq,
384 3053 427 3119 ad
451 3053 515 3119 Cic.
541 3054 610 3119 Fin.
634 3055 669 3135 V,
695 3059 732 3119 15
756 3078 788 3138 p.
812 3057 883 3118 679.
920 3052 985 3118 Sed
1008 3059 1193 3136 supersunt,
1218 3073 1290 3137 quae

139 3161 269 3227 addam.
315 3162 412 3246 Apud
435 3161 626 3228 Ciceronem
650 3162 690 3227 de
713 3162 818 3227 Divin.
842 3161 882 3241 II,
908 3165 957 3240 70,
984 3165 1043 3226 145
1067 3160 1193 3226 editur:
1218 3159 1290 3225 Gu-
1350 3219 1356 3230 .

139 3270 384 3336 bernatores
409 3291 525 3352 quum
547 3270 804 3335 exsultantes
821 3270 1018 3351 loligines
1035 3269 1217 3334 viderint
1239 3305 1290 3350 -,

137 3384 425 3463 tempestatem
448 3377 692 3462 significari
715 3386 878 3462 putant,
908 3378 965 3442 sed
989 3377 1053 3443 duo
1077 3378 1193 3462 optimi
1216 3376 1290 3462 (pro

136 3487 268 3551 illorum
290 3485 450 3551 librorum
472 3485 620 3567 modulo)
651 3486 779 3551 codices
807 3485 984 3552 Leidenses
1011 3485 1205 3550 viderunt
1231 3485 1290 3550 ha·

136 3595 224 3673 bant,
247 3601 284 3660 ut
307 3595 453 3659 Klotzius
483 3594 596 3659 edidit.
642 3595 679 3659 In
708 3594 823 3659 eodem
853 3592 937 3659 libro
961 3615 987 3659 c.
1013 3597 1041 3673 9,
1064 3597 1115 3672 24,
1139 3595 1289 3659 oratione
1346 3644 1354 3655 .

136 3705 258 3767 rectius
271 3703 436 3780 distincta,
449 3702 496 3766 sic
508 3701 718 3768 scribendum
731 3712 782 3768 est
796 3702 883 3786 [cum
897 3701 1024 3767 duobus
1037 3701 1130 3766 codd.
1145 3700 1289 3784 Leidd.]:

137 3808 238 3887 Quid
278 3817 351 3890 est,
389 3809 493 3892 quod
532 3831 588 3875 me
628 3810 819 3875 adiuvent
858 3809 1128 3892 haruspices?
1167 3809 1290 3887 Quum

135 3939 199 3983 res
228 3918 499 3983 tristissimas
529 3918 724 4002 portendi
753 3917 945 3984 dixerunt
974 3917 1047 4003 (pro
1082 3916 1288 3998 dixerint),
1375 3948 1385 3966 ·

135 4026 295 4090 addunt
318 4026 365 4090 ad
389 4032 611 4091 extremum
634 4035 695 4091 cet.
729 4026 827 4109 Apud
845 4025 1002 4092 Senecam
1025 4025 1084 4110 Ep.
1105 4028 1134 4104 3,
1158 4029 1177 4088 2
1200 4032 1289 4090 recte

133 4133 306 4199 Fickertus
335 4142 367 4199 et
396 4134 536 4199 Haasius
569 4157 586 4200 e
620 4135 715 4200 bouis
750 4134 916 4200 codicibus
951 4133 1137 4198 ediderunt:
1172 4153 1288 4215 quum

135 4249 382 4319 amaverunt,
406 4242 604 4322 iudicant,
628 4249 665 4306 et
684 4263 759 4306 uon
784 4249 926 4322 amant,
950 4263 1064 4324 quum
1081 4240 1288 4305 iudicave-

133 4357 229 4413 runt
257 4351 330 4434 (pro
354 4350 581 4416 amaverint
603 4357 637 4417 et
669 4350 977 4432 iudicaverint);
1009 4350 1067 4415 sed
1095 4349 1155 4432 Ep.
1187 4353 1235 4428 ll,
1267 4352 1285 4412 3
