2994 5108
625 485 686 543 569
1092 494 1155 549 Lib.
1174 493 1231 548 LX.

80 668 296 747 currimus,
341 667 548 747 occidere3
593 668 717 746 volui,
757 688 873 751 quum
913 666 960 730 ad
996 686 1133 730 cenam
1168 672 1230 730 cet.

81 773 351 859 Coniungendum
374 781 425 840 est
448 775 548 858 igitur
569 775 631 839 hoc
653 776 827 840 verborum
851 775 978 855 aliquot
996 794 1056 838 suo
1073 772 1146 837 loco
1164 793 1232 837 mo-

79 890 191 950 torum
223 889 257 948 et
289 889 365 966 post
398 883 505 947 alieno
537 883 736 947 insertorum
764 881 949 964 exemplum
977 880 1074 965 plane
1106 888 1233 944 certum

81 1011 155 1056 cum
177 991 234 1071 eis,
258 1011 331 1075 quaa
354 992 388 1054 in
410 989 473 1054 hac
496 990 619 1054 decade
637 991 748 1054 notavi
767 989 1018 1066 XXXII,21,14
1037 994 1070 1052 et
1085 985 1232 1066 XXXVI,

81 1102 132 1171 34,
161 1102 180 1162 9
205 1105 238 1163 11
263 1101 301 1161 10
323 1120 355 1181 p.
378 1101 450 1169 423,
475 1104 508 1161 11
536 1097 792 1180 comparandum
821 1117 894 1160 cum
917 1097 971 1160 iis.
1002 1117 1073 1179 quae
1097 1093 1177 1158 alibi
1199 1095 1233 1158 in

80 1207 197 1271 ceteris
219 1204 400 1270 decadibus
422 1212 539 1269 notata
562 1211 647 1268 sunt.
682 1203 804 1269 Eodem
820 1206 928 1287 capite
946 1202 994 1286 §7
1013 1212 1045 1266 et
1062 1207 1092 1276 8,
1112 1202 1168 1266 ubi
1187 1203 1234 1266 sic

82 1314 252 1378 scribitur:
275 1320 423 1393 utrum,
451 1320 492 1377 ut
515 1313 722 1396 placarem
751 1324 804 1389 te,
835 1312 967 1375 iianda
996 1332 1120 1399 opera
1142 1308 1232 1388 fuit,

83 1428 126 1485 ut
159 1420 282 1486 aliam
315 1441 534 1504 quaererem
573 1421 846 1495 occasionem,
885 1420 1072 1500 quoniam
1106 1417 1233 1483 semel

80 1549 278 1593 venenum
296 1548 542 1611 paraveram,
567 1548 613 1591 an
638 1526 782 1590 abillo
806 1525 980 1590 consilio
999 1528 1108 1591 velut
1124 1532 1232 1590 tran-

81 1635 299 1701 siliendum
331 1635 515 1700 adalind
543 1633 637 1711 fuit,
662 1641 705 1699 ut
727 1634 834 1698 ferro
857 1641 912 1712 te,
945 1640 983 1698 et
1006 1633 1164 1717 quidem
1188 1653 1232 1697 eo

82 1743 161 1822 die,
196 1764 268 1826 per
296 1743 798 1826 speciem'comissationis
832 1741 1087 1819 occideremi,
1120 1761 1232 1805 neces·

82 1848 393 1915 sarioscribendum
416 1850 561 1914 videtur:
586 1856 624 1912 et
647 1848 806 1933 quidem
828 1851 956 1912 eodan
981 1849 1060 1926 die3
1083 1869 1123 1913 ea
1145 1849 1232 1913 enim

80 1956 310 2042 improbabilis
342 1957 471 2021 videtur
503 1957 670 2021 festinatio
699 1956 813 2022 eodem
847 1958 960 2040 utique
994 1956 1046 2020 die
1074 1977 1160 2033 rem,
1189 1953 1233 2018 ad

80 2064 170 2130 aliud
192 2084 293 2147 genus
317 2064 416 2128 caedis
438 2064 643 2143 translatam,
672 2065 865 2147 peragendi,
895 2085 960 2128 uon
984 2063 1072 2146 quod
1102 2083 1145 2126 eo
1175 2082 1232 2144 po·

81 2172 242 2237 tissimum
264 2172 317 2237 die
339 2172 541 2236 tentabatur.
585 2172 709 2236 Deinde
739 2178 849 2236 autem
873 2171 982 2235 Livius
1011 2169 1042 2253 (ἕ
1071 2169 1103 2249 9)
1128 2170 1229 2251 scrip·
1248 2167 1318 2236 (464)

81 2285 186 2345 serat:
221 2278 302 2356 Quo
330 2279 472 2344 deinde
501 2279 633 2357 modo,
663 2282 696 2343 si
719 2287 757 2343 te
781 2286 887 2343 metu
921 2279 1066 2343 mortis
1090 2276 1231 2341 crede·
1328 2306 1331 2311 ·

82 2385 167 2451 bam
196 2406 326 2450 cenam
348 2388 501 2451 vitasse
532 2407 668 2464 meam,
698 2409 773 2450 nou
798 2386 1005 2450 abeodem
1033 2390 1143 2449 metu
1166 2406 1232 2449 co·

81 2493 358 2558 missationem
382 2515 541 2577 quoque
563 2495 788 2558 vitaturum
809 2493 1121 2558 existimabam?
1154 2488 1232 2556 Edi·

80 2608 135 2667 tur
163 2601 345 2666 evitasse
374 2607 407 2665 et
435 2602 699 2675 evitaturum,
733 2609 841 2666 ortum
864 2602 926 2665 hoc
950 2623 989 2665 ex
1012 2601 1233 2682 geminatione

80 2709 200 2774 litterae
222 2727 248 2786 e,
270 2707 351 2772 illud
375 2729 415 2772 ex
438 2709 509 2773 hoc.
555 2709 645 2772 Metu
675 2710 759 2773 enim
782 2711 923 2773 vitamus
945 2730 1013 2786 res,
1042 2728 1124 2790 quas
1147 2709 1232 2791 peri-

81 2815 213 2881 culosas
233 2815 305 2880 fore
333 2822 501 2898 putamus,
525 2815 733 2898 fugimusque
768 2837 876 2900 neque
904 2817 945 2880 iis
974 2837 1034 2880 nos
1057 2815 1233 2879 committi·

80 2944 168 3003 mus3
204 2943 243 2989 ea
266 2924 436 3001 cautione,
461 2925 489 2987 si
512 2922 645 2989 fortuna
667 2923 771 3003 iuvat,
797 2926 903 3007 ipsum
926 2925 1048 2988 malum
1071 2923 1232 2987 evitamus

80 3038 114 3096 et
135 3029 317 3112 effugimus.
573 3097 577 3103 ,

166 3137 362 3221 Cap.14,8
393 3137 440 3218 (in
474 3138 588 3203 eadem
624 3138 805 3218 oratione):
840 3138 923 3202 Hoc
959 3140 1063 3202 enim
1098 3137 1232 3202 videri

80 3246 156 3323 vis,
179 3266 259 3310 non
281 3244 402 3325 illud,
428 3246 534 3327 quod
556 3243 746 3311 fatentur
769 3255 808 3309 et
837 3246 972 3328 palam
995 3252 1063 3311 est.
1098 3245 1146 3309 Et
1169 3245 1232 3310 sui

80 3373 120 3417 se
154 3351 297 3416 tuendi
330 3373 455 3417 causa
488 3355 713 3438 sumpsisse
748 3353 898 3417 dicunt.
946 3352 1000 3418 Sic
1032 3355 1232 3419 recentiores

79 3459 332 3543 interpungunt3
354 3481 431 3524 nam
455 3482 555 3542 quum
572 3467 676 3525 antea
699 3461 768 3524 haec
792 3463 1079 3526 continuarentur:
1104 3469 1142 3527 et
1164 3482 1232 3547 pa·

78 3565 159 3631 lam
181 3572 251 3644 est,
276 3573 314 3631 et
335 3603 379 3612 —
401 3567 557 3649 dicunt,
580 3568 762 3633 Gronovius
787 3577 819 3633 et
842 3569 899 3633 aiii
918 3576 958 3633 et
976 3577 1074 3653 atque
1093 3569 1233 3634 dicunt

79 3673 152 3739 tolli
174 3673 356 3740 voluerant.
401 3675 465 3740 Sed
488 3676 522 3740 in
544 3676 602 3741 illa
624 3696 753 3758 quoque
778 3677 1042 3760 interpunctione
1071 3684 1110 3741 et
1139 3700 1232 3761 pror-

80 3802 138 3846 sus
160 3802 349 3864 perversum
372 3790 431 3847 est.
468 3782 575 3848 Scribi
597 3782 711 3848 debet:
736 3783 775 3845 111
798 3785 859 3848 sui
883 3806 923 3849 se
941 3785 1085 3849 tuendi
1109 3806 1233 3850 causa

79 3890 304 3972 sumpsisse
327 3889 484 3970 dieunt;
507 3897 619 3956 reete
642 3912 689 3954 an
708 3913 924 3975 perperam
943 3892 1133 3968 fecerint,
1149 3893 1231 3974 ipsi

79 3997 141 4061 sui
162 3995 266 4061 facti
294 3998 495 4062 rationem
518 3998 700 4064 reddent.
746 3998 946 4064 Vocularum
969 4005 1063 4063 etet
1086 3999 1121 4062 ei
1145 4020 1231 4063 com·

78 4109 280 4169 mutatarum
303 4106 453 4189 exempla
480 4114 514 4171 et
542 4107 624 4172 alibi
653 4128 753 4190 supra
770 4109 882 4173 notavi
901 4113 933 4171 et
953 4105 995 4170 ad
1013 4104 1127 4181 XXVI,
1140 4110 1190 4183 22,
1212 4110 1231 4170 7

76 4210 168 4293 (add.
191 4210 318 4287 XXIV,
334 4217 362 4289 3,
390 4214 487 4294 15).¹)

101 4428 125 4496 ¹)
144 4427 265 4498 [Eodem
283 4429 410 4500 capite§
433 4435 459 4499 4,
489 4432 534 4485 ubi
561 4432 708 4486 scribitur:
733 4450 801 4485 non
828 4409 1078 4502 temperassem
1097 4435 1177 4488 vino
1196 4435 1231 4489 in
