2994 5108
240 460 303 516 Lib.
322 458 448 515 XXXIV.
788 447 849 509 502

328 630 404 715 Cap.
425 635 475 711 31,
500 635 550 696 19·
562 630 609 712 (in
632 633 781 698 oratione
798 631 937 697 Nabidis
960 633 1092 715 tyranni
1113 633 1204 718 apud
1220 633 1257 698 T.
1276 633 1396 713 Quinc·

241 739 351 820 tium):
392 739 585 804 Pluribus
624 761 682 804 me
716 740 804 822 ipse
837 741 970 822 egisse
1003 760 1120 821 quam
1152 762 1223 824 pro
1257 743 1396 826 patrio

242 869 421 913 sermone
448 847 680 913 brevitatis
708 846 854 912 fateor.
906 846 960 914 Sic
983 846 1009 911 B
1034 847 1111 930 (nisi
1134 847 1224 932 quod
1245 848 1341 931 met)
1364 856 1398 914 et

239 977 357 1021 novem
385 953 707 1034 Drakenborohiani‚
741 955 906 1020 mendose.
963 955 1056 1032 Quod
1091 956 1187 1038 vulgo
1217 956 1396 1022 edebatur:

241 1086 311 1149 pro
340 1064 487 1147 patriae
510 1082 692 1128 sermone
710 1062 961 1139 brevitatis,
995 1061 1173 1129 absurdum
1196 1070 1285 1144 erat3
1320 1086 1398 1130 nam

240 1173 400 1238 sermonis
427 1170 571 1236 brevitas
601 1178 650 1235 est
678 1171 798 1253 aliqua,
827 1191 933 1235 sermo
961 1170 1132 1236 brevitatis
1159 1171 1278 1236 nullus.
1332 1171 1400 1239 Sed

239 1278 327 1365 quod
376 1279 585 1362 Kreyssigius
634 1285 667 1343 et
717 1278 1003 1344 Weissenbornius
1052 1279 1272 1361 scripserunt:
1324 1301 1398 1364 pro

238 1387 377 1472 patrio
411 1407 608 1464 sermone,
644 1386 766 1451 omisso
799 1386 1039 1465 brevitatis,
1072 1386 1215 1469 primum
1248 1407 1314 1451 non
1349 1388 1399 1452 in·

239 1494 420 1576 tellegitur‚
459 1492 545 1559 unde
578 1493 642 1558 boo
675 1494 829 1578 cuiquam
862 1495 896 1557 in
928 1499 1072 1558 mentem
1103 1494 1231 1559 venerit
1264 1494 1399 1577 addere,

239 1602 388 1686 genetivo
429 1602 611 1685 praesertim
653 1621 745 1681 oasu;
784 1600 902 1666 deinde
941 1600 1023 1664 nihil
1057 1607 1129 1666 erat
1161 1602 1194 1665 in
1226 1602 1302 1685 ipso
1338 1624 1400 1687 per

240 1731 275 1775 se
303 1710 422 1775 Dorico
453 1715 486 1775 et
513 1709 676 1774 Laconico
706 1729 871 1787 sermone,
905 1729 963 1772 cur
993 1730 1057 1773 non
1087 1710 1217 1792 copiose
1246 1708 1399 1778 homines

237 1818 460 1899 loquerentur.
502 1816 654 1882 Proxime
677 1816 721 1881 ad
743 1838 854 1882 verum
877 1817 1017 1881 accessit
1035 1815 1192 1895 Ro‘ellius,
1214 1819 1273 1900 qui
1296 1818 1400 1886 scribi

239 1925 357 1990 voluit:
392 1947 463 2007 pro
492 1924 618 2008 patrii
648 1925 847 1989 sermonis
875 1923 1098 2004 brevitate3
1131 1945 1243 1989 verum
1270 1946 1313 1991 ne
1337 1926 1400 1993 hoc

240 2032 373 2117 quidem
395 2039 484 2097 recte
507 2031 637 2110 dicitur,
662 2032 735 2096 sed:
775 2053 844 2115 pro
873 2032 1010 2115 patria
1038 2033 1236 2098 sermonis
1263 2034 1400 2100 breri-

238 2146 339 2205 tate.
384 2139 533 2204 Patrium
556 2147 628 2203 erat
650 2138 909 2203 Lacedaemoniis
932 2139 1022 2204 brevi
1046 2159 1194 2205 sermone
1216 2142 1316 2222 uti.¹)

325 2245 403 2330 Cap.
425 2249 475 2327 32,
493 2251 511 2311 3
531 2245 578 2328 (in
603 2248 752 2311 oratione
770 2246 805 2311 T.
828 2246 973 2324 Quinctii
989 2245 1112 2311 Nabidi
1135 2248 1399 2332 respondentia:

238 2354 333 2419 Nam
362 2353 458 2438 quid
485 2355 613 2419 minus
636 2354 879 2420 conveniret
902 2374 1018 2435 quam
1041 2374 1123 2433 eos,
1158 2356 1227 2438 qui
1250 2377 1326 2439 pro
1348 2357 1400 2422 li·
1435 2378 1495 2395 Ι

155 2462 407 2548 (403)bertate
447 2460 612 2526 Graecia
651 2461 849 2526 adversus
888 2459 1122 2544 Philippum
1159 2472 1495 2544 gereremusfi

238 2568 408 2649 bellnm,
439 2590 524 2633 cum
547 2575 719 2653 tyranno
743 2568 970 2633 instituere
998 2568 1242 2651 amicitiam,
1272 2578 1310 2635 et
1339 2579 1495 2657 ty!

146 2674 149 2678 ’
238 2697 364 2741 ranno
382 2697 513 2759 quam,
531 2677 599 2760 qui
616 2697 799 2761 umquam
816 2676 913 2754 luit,
938 2676 1220 2741 saevissimo-
1238 2679 1279 2742 in
1296 2700 1399 2745 suos.
1419 2711 1495 2735 -a

239 2783 293 2850 Sic
318 2783 476 2864 ed.·blog.
500 2791 534 2849 et
556 2785 592 2862 B,
621 2785 722 2869 idque
744 2783 1030 2848 Weissenbornius
1055 2786 1235 2863 revocavit3
1272 2786 1495 2852 Gronof

239 2893 310 2957 vius
334 2893 500 2976 ceterique
524 2899 707 2971 tenuerant,
742 2891 830 2973 quod
853 2893 887 2955 in
910 2890 1100 2974 vulgaribus
1124 2891 1295 2959 codicibus
1320 2898 1385 2959 scri

238 2999 328 3063 bitur
346 3008 380 3063 et
399 3001 432 3063 in
450 2999 647 3063 editionibus
666 3006 742 3064 ante
759 2999 1000 3080 Moguntinam:
1025 3006 1064 3063 et
1085 3007 1258 3080 tyranno
1282 3004 1495 3083 quam)

239 3108 309 3188 qui
331 3128 516 3190 umquam
540 3107 780 3185 saevissimo,
805 3107 926 3172 omisso
950 3103 1037 3169 fuit.
1089 3105 1152 3170 Sed
1176 3106 1293 3172 addito
1317 3120 1495 3192 quo-f

238 3234 302 3296 que
331 3214 430 3278 verbo
460 3215 566 3280 oratio
590 3214 766 3279 manifesto
790 3215 908 3279 vitiosa
932 3220 991 3278 est.
1042 3214 1125 3278 Nam
1148 3216 1296 3296 positum
1322 3219 1495 3283 sim-f

246 3394 467 3411 ——l—

307 3539 442 3589 quoque
460 3523 629 3577 traditum
645 3523 808 3579 Romanis
827 3524 964 3577 audivit
983 3542 1057 3579 esse
1073 3528 1100 3576 st
1115 3525 1179 3585 (boc
1194 3525 1283 3592 vulgo
1298 3526 1399 3590 abacti,
1425 3540 1495 3569 A

307 3623 408 3674 quum
427 3608 467 3660 ab
485 3613 590 3673 terra,
609 3610 768 3664 omnibus
787 3609 880 3662 circa
894 3609 1072 3677 hostibus,
1091 3609 1180 3664 nihil
1196 3612 1271 3679 spei
1287 3619 1400 3680 esset,
1434 3629 1495 3655 ν·

307 3708 322 3744 a
345 3693 428 3744 mari
453 3710 587 3761 quoque
610 3699 687 3748 toto
712 3712 746 3748 se
768 3694 1013 3761 interclusum,
1037 3694 1225 3748 cedendum
1243 3697 1456 3755 fortunat
1484 3696 1495 3719 ““

306 3783 402 3830 ratus
422 3782 474 3832 cet.
515 3778 592 3832 Nihil
617 3780 732 3833 omnino
757 3779 820 3832 duri
838 3779 923 3833 babet
944 3780 1100 3833 omnibus
1119 3780 1215 3834 circa
1233 3780 1452 3839 hostibuff
1481 3777 1495 3809 ²

304 3878 368 3930 pro:
396 3863 487 3931 quod
512 3880 627 3918 omnes
645 3865 737 3918 circa
755 3864 872 3918 hostes
891 3869 1002 3929 orant;
1030 3865 1078 3917 vix
1096 3864 1194 3918 credas
1214 3867 1353 3936 cuiquam
1371 3869 1452 3923 iu
1487 3890 1495 3896 ·

305 3953 428 4001 mentem
446 3949 569 4014 venisse,
599 3949 640 4003 sic
658 3949 713 4002 hoc
733 3949 822 4017 accipi
839 3965 936 4016 posse:
965 3965 1066 4016 quum
1090 3949 1204 4003 omnia
1229 3950 1438 4008 hostibus

306 4039 429 4086 essent.
468 4033 592 4102 [Rectius
611 4039 706 4087 tamen
723 4033 844 4087 fortasse
862 4031 1020 4087 Gronovius
1037 4033 1252 4104 hostilibus]

266 4114 289 4181 ¹)
309 4113 427 4182 [Eodem
447 4135 505 4187 cap.
525 4117 541 4186 ᾗ
559 4120 576 4172 b
593 4119 624 4173 in
641 4118 698 4172 his:
725 4135 799 4173 eum
824 4134 896 4172 essa
919 4135 1019 4187 spero
1040 4120 1203 4173 necessario
1230 4119 1417 4176 addendum

306 4206 348 4253 est
366 4219 428 4265 me,
456 4208 485 4256 nt
511 4209 559 4256 aut
581 4220 643 4257 eum
663 4201 796 4270 Siesbyeo
819 4203 958 4257 scribatur
980 4219 1054 4256 enm
1077 4220 1128 4256 me
1152 4211 1297 4259 essesut
1317 4208 1411 4275 (qno-

306 4285 380 4338 niam
400 4287 538 4341 inMest
556 4288 815 4357 respexissem:
834 4304 884 4341 me
902 4305 973 4342 eum
991 4304 1072 4342 esse.
1111 4286 1197 4358 1863]
1406 4290 1412 4301 ’
