2994 5108
699 453 740 514 97
1166 469 1229 525 mn
1248 470 1296 526 u1.

138 637 316 701 sententiae
349 640 509 714 retracto,
545 640 579 700 et
611 636 701 702 verbi
735 639 882 722 pravitas
911 637 1006 720 (nihil
1036 646 1086 705 est
1115 641 1200 706 enim
1228 641 1296 707 ad-

136 742 246 810 ferre
269 743 496 829 praeiudicium
519 741 581 825 rei)
606 750 640 809 et
662 744 802 824 codices,
832 747 866 810 in
889 746 1008 830 quibus
1032 748 1191 829 omnibus,
1214 771 1296 834 quo·

136 872 212 917 rum
241 851 376 935 quidem
404 851 515 935 alique
542 857 594 916 est
616 852 798 918 auctoritas
822 853 1043 935 (MRPLlHl,
1074 856 1165 938 cet),
1194 859 1296 942 scrip·

136 965 209 1024 tum
245 965 299 1027 est
331 957 502 1039 auferri3
542 980 742 1045 quamquam
776 961 865 1044 quod
897 961 961 1026 hoc
993 963 1101 1047 ipsum
1133 965 1296 1030 Weissen-

135 1065 278 1133 bornius
317 1069 350 1132 in
390 1067 535 1133 editione
569 1067 799 1132 Teuhnsriona
838 1070 961 1150 tonuit,
999 1068 1152 1136 Hertzius
1186 1077 1296 1137 autem

137 1173 233 1239 iude:
263 1175 460 1240 neminem
488 1174 770 1260 praeiudioium
798 1178 859 1241 rei
886 1184 1009 1242 tantae
1032 1177 1196 1244 auferre
1220 1177 1296 1245 effe-

134 1281 198 1362 cit,
228 1304 295 1349 non
324 1283 431 1349 minus
454 1303 554 1368 quam
576 1282 737 1349 adferre
760 1285 913 1349 vitiosum
937 1291 1003 1365 est;
1031 1307 1108 1351 nom
1132 1286 1296 1352 auferre

135 1388 422 1472 praeiudicium
455 1391 483 1455 is
518 1391 648 1456 demum
682 1391 746 1475 dici
775 1399 900 1476 potest,
934 1394 990 1474 qui
1018 1394 1124 1458 victor
1146 1416 1166 1458 a
1187 1394 1296 1460 iudice

135 1496 283 1562 discedit
310 1520 385 1563 cum
409 1500 575 1565 sententia
598 1499 661 1564 sibi
684 1500 725 1564 ad
748 1520 817 1565 rem
840 1506 958 1582 postea
980 1500 1189 1565 iudicandam
1211 1502 1296 1581 utili,

136 1606 231 1670 cuius
258 1605 343 1670 nihil
372 1606 477 1671 simile
506 1606 537 1671 h.
561 1607 581 1670 l.
605 1607 744 1690 cogitari
772 1613 893 1690 potest.
949 1607 1001 1690 (In
1024 1608 1131 1673 alters
1153 1607 1296 1673 editione

136 1711 425 1779 Weissenbornius
449 1714 596 1799 scripsit:
627 1721 802 1779 ceterum
824 1716 1184 1780 minime-rerum
1207 1737 1296 1781 esse

137 1820 426 1904 praeiudioium
470 1826 594 1887 tontae
637 1823 696 1887 rei
742 1820 912 1901 auferri,
958 1822 1073 1888 relicto
1114 1844 1168 1903 eo,
1208 1821 1297 1907 quod

134 1927 279 1993 maxime
313 1949 449 2012 pravum
478 1935 562 2009 erat,
595 1930 676 1994 mire
709 1937 870 2013 praeterea
903 1931 1063 1994 minime
1097 1937 1131 1995 et
1162 1951 1296 1995 verum

136 2034 333 2119 distractis.)
390 2035 479 2119 [Alis
505 2036 609 2103 nihilo
637 2037 776 2103 meliora
804 2039 836 2101 in
865 2037 966 2101 tertia
993 2037 1137 2102 editione
1162 2045 1293 2103 secutus

135 2140 214 2226 est]
248 2144 344 2210 Viam
365 2145 435 2209 veri
457 2144 642 2210 inveniendi
666 2144 812 2211 ostendit
834 2146 1101 2228 antiquissimum
1122 2146 1296 2229 vestigium

138 2252 175 2316 in
198 2251 271 2318 cod.
294 2251 330 2317 M
353 2258 534 2333 servatum,
564 2253 598 2317 in
622 2273 686 2336 quo
711 2273 732 2317 a
753 2254 859 2337 prima
880 2273 978 2317 manu
1001 2275 1067 2318 non
1090 2255 1294 2333 neminem,

139 2358 203 2425 sed
241 2360 391 2425 nemini
432 2361 592 2445 scriptum
626 2365 692 2439 est,
732 2360 822 2442 quod
856 2360 964 2425 altera
997 2381 1115 2425 manus
1148 2361 1181 2424 in
1215 2358 1296 2424 illud

136 2467 290 2532 mutarit.
348 2465 488 2551 Scripsit
516 2467 643 2532 Livius:
679 2464 866 2533 Ceterum
888 2505 931 2512 —
954 2469 1109 2548 etenlm,
1143 2470 1296 2533 maiore

32 2644 40 2660 ‚
136 2596 240 2641 cura
273 2575 489 2660 occupatis
524 2576 684 2655 animis,
718 2597 852 2641 verum
881 2598 982 2657 esse,
1015 2575 1296 2661 praeiudioium

137 2688 265 2749 tsntae
293 2686 352 2749 rei
381 2684 468 2745 haut
496 2682 601 2764 llerl‚
629 2683 774 2749 -sibi
804 2683 970 2768 placere
999 2690 1059 2749 cet.
1115 2684 1165 2748 Ex
1187 2684 1295 2763 haut,

136 2790 231 2876 quod
259 2792 293 2856 in
321 2791 394 2857 cod.
418 2791 596 2876 archetypo
612 2790 725 2856 ‘scribi
754 2790 889 2857 solitum
918 2813 990 2858 esse
1020 2792 1054 2856 M
1082 2799 1116 2857 et
1137 2791 1162 2854 P
1187 2798 1296 2856 osten·

135 2899 232 2980 dunt,
256 2899 435 2983 saepissime
460 2906 568 2965 ortum
591 2906 642 2964 est
664 2905 733 2964 aut
756 2898 807 2981 (ut
830 2901 862 2963 in
886 2899 911 2962 P
935 2921 961 2963 c.
985 2903 1036 2980 43,
1059 2905 1078 2962 4
1102 2903 1172 2962 aut
1193 2898 1296 2962 inul-

29 3005 32 3010 ’
140 3013 234 3087 tum,
257 3006 344 3088 VIII,
369 3010 418 3087 33,
441 3010 481 3070 22
504 3009 537 3072 in
560 3007 655 3071 Mml
677 3006 764 3070 Pm.1
792 3005 1001 3072 aufrustro
1023 3027 1083 3090 pro
1104 3006 1204 3071 haut
1225 3004 1296 3088 fn).

226 3114 334 3199 Atque
372 3113 422 3179 hae
462 3115 596 3199 quidem
636 3122 704 3178 tres
743 3135 880 3198 prorsus
920 3120 1017 3178 certae
1051 3115 1296 3180 emendationes

136 3228 234 3303 sunt3
268 3222 350 3289 illud
374 3220 538 3287 difficilius
561 3222 604 3288 ad
627 3222 908 3307 persuadendum,
937 3221 1025 3304 quod
1049 3224 1082 3286 in
1103 3222 1166 3286 hoc
1189 3223 1296 3306 capite

137 3352 244 3414 supra
278 3328 296 3413 ἓ
330 3333 365 3410 2,
404 3329 461 3395 ubi
496 3329 619 3394 editur:
660 3333 795 3396 oratio
835 3328 915 3394 fuit
953 3330 1147 3412 precibus
1181 3351 1297 3413 quam

137 3439 277 3522 iurgio
302 3437 465 3516 similis,
499 3436 707 3503 scribendum
730 3437 813 3519 dico,
848 3437 1126 3520 quemadmodum
1148 3439 1297 3521 primum,

139 3551 181 3611 ut
202 3544 341 3627 videtur,
368 3547 403 3610 in
425 3545 570 3611 editione
592 3546 797 3612 Ascensisna
820 3566 848 3609 a.
876 3549 956 3609 1513
980 3547 1169 3611 coniectura
1190 3568 1297 3611 emon-

138 3655 256 3720 datum
279 3659 345 3719 est:
370 3655 553 3732 similior,
576 3655 730 3719 retractis
754 3653 883 3732 litteris,
906 3674 977 3735 quae
1000 3662 1136 3738 propter
1158 3675 1297 3737 sequens

137 3763 300 3828 orantis
335 3763 463 3827 omissae
498 3769 584 3827 sunt.
640 3763 724 3827 Nam
752 3761 841 3847 quod
874 3763 997 3844 magis
1027 3761 1133 3827 omitti
1163 3762 1292 3840 dicitur,
1311 3778 1367 3848 (81)

138 3868 267 3936 h'ustrc
288 3890 429 3954 quaeras,
452 3869 509 3936 ubi
532 3870 641 3936 Livius
664 3871 697 3934 in
719 3869 780 3934 teli
804 3869 965 3935 orationis
987 3869 1095 3935 forma
1117 3869 1296 3949 (adiunctis

141 3980 293 4062 proxime
316 3977 489 4061 adipsum
512 3977 709 4043 adiectirum
732 3977 830 4042 rebus
854 3977 1067 4061 comparatis)
1090 3978 1138 4041 its
1161 3977 1297 4056 dixerit3

141 4084 243 4152 habet
271 4088 360 4151 enim
382 4085 453 4150 haec
475 4086 610 4151 licentia
633 4107 708 4151 suas
732 4107 863 4163 causas,
894 4106 971 4150 suos
996 4085 1085 4149 lines.
1136 4085 1298 4166 Equidem

139 4215 184 4260 ne
207 4194 248 4260 de
272 4193 387 4258 XXIII
409 4194 542 4277 quidem
566 4198 616 4272 43,
650 4199 687 4256 13
711 4201 770 4257 aut
793 4191 940 4269 XXVIII,
965 4198 1016 4270 44,
1041 4198 1059 4255 9
1082 4193 1301 4275 suspicionem

137 4301 291 4368 excludo.
348 4300 508 4384 (XXXVI,
542 4307 589 4385 17,
621 4300 752 4367 3solus
775 4300 846 4366 cod.
870 4299 954 4383 Mog.
979 4307 1066 4364 recte
1089 4301 1299 4383 inexsupe-

1053 4419 1070 4470 7
