2994 5108
211 474 273 530 Lib.
292 473 380 528 XXII.
762 462 824 523 292

300 645 378 730 Cap.
406 650 454 725 13,
485 650 518 709 6:
549 667 619 729 por
641 644 862 708 Allifanum
891 643 1205 730 Calatinumque
1234 653 1274 714 et
1297 645 1374 713 Ca·

213 753 345 818 lenum
380 774 519 837 agrum
549 751 744 834 (Hannibal)
777 753 817 816 in
851 772 1033 836 campum
1060 752 1277 819 Stellatem
1305 755 1374 822 de-

128 875 199 943 (238)
217 861 385 927 scendit.
442 862 543 926 Recte
571 860 774 925 intellectum
802 865 852 924 est
879 882 997 944 nuper,
1032 860 1218 926 Calatinum
1247 882 1374 947 agrum,

213 973 271 1054 qui
299 971 388 1034 ultra
410 969 608 1034 Vulturnum
636 981 764 1033 amnem
795 967 837 1031 ad
860 967 1029 1033 meridiem
1049 990 1163 1035 versus
1188 971 1269 1035 situs
1291 979 1375 1051 erat,

212 1080 247 1143 in
279 1078 343 1144 hoc
376 1079 492 1142 itinere
520 1076 741 1141 Hannibalem
774 1077 937 1160 attingere
966 1076 1057 1142 nullo
1086 1076 1184 1143 modo
1213 1080 1375 1162 potuisse.

214 1185 278 1251 Sed
314 1184 402 1269 quod
431 1184 715 1249 Weissenbornius
745 1184 856 1249 Stierii
892 1185 1115 1251 coniecturam
1150 1186 1322 1267 (Zeitschr.
1351 1186 1375 1252 f.
1431 1226 1434 1231 -

214 1294 244 1358 d.
274 1292 514 1358 Alterthumsm
552 1296 633 1357 1852
668 1314 699 1356 n.
731 1291 786 1374 26)
820 1299 951 1358 secutus
985 1290 1217 1359 Caiatinum
1251 1296 1375 1378 posuit,

213 1403 283 1485 ipse
312 1402 429 1479 sensit,
465 1401 566 1466 etiam
596 1399 759 1465 Caiatiam
786 1399 917 1482 longius
947 1401 990 1465 ad
1020 1400 1189 1466 meridiem
1210 1408 1378 1468 remotam

213 1530 286 1574 esse
315 1529 376 1573 nec
404 1509 534 1573 itineris
561 1509 724 1573 rationem
752 1514 919 1586 constare3
953 1515 986 1572 et
1015 1508 1109 1572 aliud
1136 1508 1239 1573 multo
1262 1511 1377 1593 aptius

212 1638 331 1682 nomen
366 1617 513 1701 ipsorum
546 1616 696 1682 codicum
726 1614 808 1697 (PC)
842 1616 980 1698 vestigia
1011 1615 1187 1682 manifesta
1220 1615 1377 1698 offerunt,

211 1727 246 1790 in
281 1725 401 1808 quibus
435 1731 499 1789 est:
542 1746 611 1807 per
654 1724 852 1789 alifanum
892 1723 1189 1807 allifanumque
1230 1730 1271 1790 et
1306 1732 1377 1790 cet.

213 1833 398 1915 Scripserat
420 1833 521 1915 igitur
543 1832 652 1896 Livius
674 1852 741 1896 nna
762 1831 877 1896 littera
900 1852 915 1893 s
939 1831 1027 1913 plus:
1057 1852 1127 1915 per
1149 1831 1380 1899 Allifanum

213 1937 545 2023 Callifanumque
574 1947 632 2005 aut
660 1939 702 2020 (si
731 1940 783 2003 cni
811 1939 847 2002 id
870 1938 979 2022 aptius
1001 1938 1146 2019 ridetur,
1181 1937 1381 2007 Callifarum

213 2049 313 2113 situm
335 2070 400 2112 non
423 2068 569 2131 prorsus,
591 2054 628 2111 ut
650 2048 776 2131 opinor,
799 2053 927 2113 certum
950 2045 1179 2127 coniectanti):
1201 2068 1274 2131 per
1291 2045 1381 2114 Oal·

212 2155 382 2219 lifanum
410 2154 730 2239 Allifanumque,
760 2156 941 2221 eorundem
970 2153 1166 2238 oppidorum
1194 2155 1380 2222 vicinorum

213 2262 400 2327 nominibus
424 2263 616 2341 coniunctis,
641 2283 713 2345 qna
741 2265 842 2328 etiam
866 2261 953 2340 VIII,
978 2266 1027 2342 25,
1050 2267 1071 2326 4
1095 2263 1349 2346 coniunguntur.

302 2369 400 2452 *Cap
435 2375 489 2446 14,
533 2375 571 2434 14
606 2370 654 2450 (in
689 2371 838 2436 oratione
867 2370 909 2435 Μ.
940 2370 1076 2436 Minucii
1105 2368 1142 2448 Q.
1172 2370 1270 2436 Fabii
1297 2369 1382 2437 belli

213 2477 349 2560 gerendi
370 2478 533 2542 rationem
553 2478 780 2560 exagitantis):
805 2477 998 2543 Stultitia
1021 2484 1082 2544 est
1103 2477 1284 2545 sedendo
1307 2487 1382 2546 eut

213 2585 318 2648 rotis
341 2584 544 2648 debellari
569 2586 734 2651 credere
758 2607 894 2669 posse,
917 2587 1066 2651 armari
1089 2587 1230 2669 copias
1256 2607 1384 2670 opor-

215 2697 286 2769 tet,
311 2692 574 2757 deducendas
597 2694 636 2756 in
661 2714 822 2775 aequum,
845 2699 888 2758 ut
910 2694 970 2758 vir
994 2714 1077 2759 curn
1100 2695 1186 2759 viro
1211 2714 1383 2777 congre-

215 2799 354 2863 diaris.
395 2800 503 2868 Posui.
529 2801 650 2865 omissa
667 2799 867 2865 Alschefskii
890 2803 1115 2884 perversitate,
1140 2822 1213 2866 eam
1237 2801 1383 2885 scriptu-

213 2929 298 2986 ram,
334 2929 406 2992 quse
435 2909 533 2991 vulgo
558 2909 866 2988 circumferebatur,
896 2909 1084 2974 coniectura
1106 2908 1239 2989 adiuta,
1268 2915 1306 2973 ut
1329 2910 1383 2973 in-

214 3015 327 3099 tellegi
355 3024 521 3099 utcunque
545 3023 674 3100 posset,
709 3017 742 3079 in
772 3037 838 3099 qua
865 3023 975 3080 tamen
1005 3016 1055 3097 (ut
1083 3017 1233 3083 omittam
1263 3016 1383 3100 copias

213 3124 275 3189 hoc
309 3124 382 3188 loco
415 3126 621 3191 incommode
656 3146 715 3208 pro
749 3124 908 3188 militibus
943 3122 1231 3205 commemoratas)
1270 3146 1383 3208 neque

216 3297 360 3305 -.—-.——.
375 3299 396 3303 --
422 3299 443 3304 ..

283 3393 395 3446 Livium
427 3397 457 3448 in
491 3396 683 3465 superioribus
715 3395 886 3463 significatio
915 3401 969 3461 est3
1002 3413 1092 3464 neque
1125 3395 1173 3448 vis
1200 3394 1286 3448 Fabii
1311 3411 1384 3451 oum

284 3478 434 3546 prudentia
457 3482 536 3547 quasi
560 3481 646 3535 animi
669 3481 789 3548 qualitas
814 3481 907 3548 aliqua
926 3482 1083 3549 comparari
1100 3485 1208 3549 potest3
1235 3496 1383 3549 quumque

285 3570 313 3615 et
337 3579 371 3615 ex
394 3570 454 3617 tota
478 3567 617 3620 sententia
640 3571 669 3619 et
693 3583 728 3619 ex
752 3566 820 3634 ipsis
839 3565 930 3618 verbis
950 3566 1178 3633 (prudentiam
1197 3566 1382 3635 extemplo

285 3676 318 3684 -
345 3651 581 3704 constantiam
613 3649 786 3704 hauddum
817 3652 995 3718 expertus)
1023 3649 1202 3705 manifestum
1230 3650 1281 3716 sit,
1313 3666 1383 3720 qum

285 3733 360 3786 inter
384 3752 413 3786 se
437 3735 580 3787 cimmeria
598 3734 768 3799 referantur,
797 3754 830 3789 ea
855 3735 1063 3788 contrariorum
1087 3736 1191 3790 relatio
1214 3734 1329 3790 tollitur
1352 3742 1384 3793 et

284 3818 467 3886 perturbatur
489 3819 545 3871 illis
571 3838 639 3872 non
664 3822 738 3872 vim.
780 3820 835 3873 Sed
859 3819 934 3888 quod
953 3819 1111 3874 Gronovius
1135 3825 1279 3890 praterea
1296 3820 1382 3877 duc·

284 3903 372 3955 toris
391 3903 478 3958 scribi
497 3904 566 3967 vult,
586 3904 661 3971 quod
680 3905 750 3956 nulli
770 3906 930 3973 superiores
949 3904 1104 3959 dictatores
1124 3906 1190 3969 sint,
1209 3905 1385 3975 quibuscum

285 3986 389 4041 Fabius
408 3990 566 4056 comparari
584 3989 684 4057 possit,
702 4007 760 4042 non
778 3996 847 4058 puto
867 3992 1056 4044 necessarium
1071 4008 1139 4046 esse.
1162 3989 1284 4045 Novus
1303 3992 1385 4047 euim

286 4071 407 4124 dictator
426 4074 465 4124 sic·
485 4073 590 4127 dicitur
608 4091 697 4142 nuper
715 4080 839 4135 creatus,
868 4079 900 4128 ut
923 4075 1004 4128 simul
1027 4076 1118 4130 subsit
1136 4075 1309 4144 significatio
1329 4095 1385 4148 pro

286 4156 347 4209 aliia
375 4159 584 4226 magistratibus
614 4159 767 4213 substituti.
814 4158 841 4228 [ξ
865 4164 881 4212 b
906 4178 941 4214 ex
963 4177 1012 4225 ec,
1040 4161 1117 4228 quod
1139 4163 1169 4215 in
1187 4162 1209 4215 P
1229 4162 1385 4220 scribitur:

285 4240 740 4311 Flaminiasempronioqne‚
763 4243 794 4297 fit
814 4245 899 4299 duce
924 4246 1193 4315 haudquaquam
1212 4246 1386 4306 Flaminii

286 4323 552 4394 Semproniique
572 4328 689 4381 simili.
729 4327 816 4396 leba]
