2994 5108
213 471 276 527 Lib.
295 472 341 526 IX.
762 463 825 522 210
906 477 910 486 '

214 666 277 728 que
299 646 336 709 vi
358 647 531 730 quisquam
554 648 605 727 fit3
630 649 687 714 sed
709 655 747 713 nt
768 647 871 726 ficret,
894 647 1004 711 Livius
1027 652 1147 725 tamen,
1170 665 1374 730 quamquam

212 754 246 818 in
280 752 462 820 clarissimo
492 757 605 840 populi
628 757 769 822 Romani
797 758 1013 840 imperatore¹
1030 754 1131 819 etiam
1159 755 1306 838 corporis
1335 755 1371 819 in

212 863 301 927 omni
334 883 453 944 genere
485 864 676 930 firmitatem
704 866 794 930 fama
822 864 1022 929 celebratam
1051 861 1374 928 commemorandam

211 978 363 1054 putaret,
397 971 546 1056 profecto
581 995 647 1038 non
682 974 884 1052 dubitasset,
919 994 961 1037 an
997 971 1124 1036 multa
1161 970 1369 1037 exercita·

211 1079 321 1143 tione
348 1080 414 1144 vini
437 1081 567 1162 cibique
590 1083 825 1166 capacissimos
849 1081 1022 1160 evasisset3
1056 1100 1162 1162 neque
1186 1081 1273 1145 enim
1295 1087 1368 1146 tam

210 1187 310 1251 foeda
331 1189 523 1254 exercitatio
546 1190 580 1253 in
602 1198 745 1256 mentem
766 1190 918 1255 venisset.
974 1189 1113 1253 Poterat
1140 1188 1286 1254 editores
1309 1187 1371 1253 ad·

210 1316 343 1360 monere
372 1297 494 1362 citatus
517 1319 537 1362 a
559 1297 831 1364 Drakenborchio
854 1297 1016 1377 Zonaras,
1051 1298 1108 1379 qni
1131 1296 1208 1376 VII,
1239 1299 1280 1361 26
1303 1294 1368 1362 Pa-

209 1404 329 1487 pirium
347 1404 519 1470 Cursorem
542 1407 747 1490 appellatum
769 1406 886 1472 scribit
909 1412 954 1468 διά
974 1432 1002 1467 τε
1023 1413 1070 1481 τὴν
1093 1409 1147 1476 ἴξιν
1168 1402 1214 1487 (ἦν
1230 1412 1285 1487 γὰρ
1303 1410 1370 1487 ὁρο-

207 1513 366 1595 μικώτατος)
390 1521 434 1576 καὶ
456 1520 501 1576 διὰ
523 1522 570 1590 τὴν
587 1520 702 1591 ἄσκησιν
718 1522 765 1592 τὴν
780 1521 828 1577 τοῦ
844 1520 954 1596 δρόμου.
1004 1514 1121 1596 Itaque
1138 1513 1200 1579 Dio
1220 1511 1369 1593 Cassius,

209 1640 305 1702 quem
335 1622 478 1687 Zonaras
507 1624 671 1706 sequitur,
706 1625 848 1707 primum
877 1622 961 1686 Livii
993 1622 1094 1687 verba
1127 1623 1175 1687 sic
1208 1621 1372 1688 distincta

207 1729 347 1812 legerat:
395 1732 675 1815 victoremque
719 1752 840 1797 cursu
886 1731 1058 1795 omnium
1102 1731 1238 1795 aetatis
1285 1751 1368 1796 snae

207 1833 338 1902 fuisse
366 1837 503 1904 lerunt
531 1862 599 1905 seu
623 1839 716 1922 (nom
755 1845 796 1904 et
819 1839 902 1920 seu)
925 1839 1073 1903 virium
1095 1839 1131 1902 vi
1155 1859 1225 1904 seu
1248 1859 1369 1905 exer·

207 1946 409 2011 citatione
443 1948 585 2028 multa,
620 1949 703 2021 cibi
737 1948 904 2031 vinique
932 1947 1101 2011 eundem
1131 1948 1368 2031 capacissi-

205 2076 314 2119 mum.
351 2053 592 2138 [clr.xxvl11‚
612 2061 662 2136 20,
681 2061 715 2121 3:
740 2055 1147 2140 corporum—multa
1165 2056 1368 2121 exercita·

205 2163 317 2228 tione
346 2162 596 2247 pernicium]
652 2163 780 2249 (Neque
802 2163 968 2248 profecto,
998 2170 1036 2228 ut
1057 2163 1120 2227 hoc
1143 2162 1280 2243 addam,
1309 2162 1366 2228 Li·

204 2271 275 2335 vius
303 2293 483 2355 pronomen
513 2272 695 2354 eundem,
731 2294 796 2357 qno
829 2293 921 2338 novae
955 2273 1003 2336 rei
1037 2271 1208 2336 adiunctio
1239 2270 1366 2356 signifi·

204 2385 314 2456 catur,
344 2380 377 2444 in
406 2380 569 2446 decimum
596 2382 706 2447 locum
728 2382 924 2462 reiecisset.)
975 2379 1102 2445 Deinde
1124 2401 1190 2444 non
1213 2380 1367 2459 virium

203 2487 240 2549 vi
275 2487 366 2552 illam
401 2490 605 2554 celeritatem
641 2511 760 2555 cursus
797 2488 948 2554 effectam
976 2488 1089 2560 Livius
1117 2493 1270 2572 putarat,
1304 2486 1366 2553 ssd

203 2614 361 2660 crurum.
412 2597 450 2661 In
479 2619 591 2663 eornm
619 2599 651 2662 vi
682 2606 715 2664 et
742 2597 861 2688 robore
890 2598 1000 2681 posita
1029 2603 1079 2661 est
1107 2600 1161 2668 ἕξις
1182 2597 1243 2661 riri
1267 2601 1366 2678 opopa·

202 2711 327 2767 κωτάτου.
385 2704 602 2788 [Rectissime
637 2711 894 2771 commemorata
920 2706 1070 2770 universe
1100 2704 1242 2788 pedum
1276 2725 1368 2789 per·

201 2813 393 2893 nicitate,
422 2813 558 2879 dubium
580 2814 722 2896 relinqui
746 2812 965 2895 significatur,
997 2820 1107 2878 utrum
1130 2813 1297 2877 natinari
1321 2833 1366 2878 an

202 2905 435 3007 exercitatione
459 2943 498 2987 ea
521 2923 699 3005 pernicitas
723 2929 820 3006 parta
843 2919 946 3003 sit.]¹)

166 3100 168 3104 ,
288 3029 366 3114 Cap.
393 3036 445 3110 18,
479 3036 514 3094 ll
547 3030 594 3112 (in
623 3033 868 3116 comparatione
891 3029 1070 3094 Alexandri
1099 3033 1133 3092 et
1156 3029 1273 3112 populi
1296 3029 1367 3095 Ro-

200 3139 298 3218 mani,
328 3138 385 3203 ubi
409 3139 449 3203 de
471 3140 631 3203 varietate
655 3139 795 3203 fortunae
819 3138 956 3221 agitur):
993 3137 1097 3213 Quin
1119 3143 1163 3201 tu
1186 3136 1370 3203 hominis

201 3266 285 3310 cum
314 3245 472 3311 homine
502 3253 540 3311 et
569 3248 682 3312 ducis
712 3267 795 3311 cum
819 3246 917 3310 duce
940 3245 1151 3310 fortunam
1174 3265 1261 3309 cnm
1284 3243 1367 3311 for·

201 3360 299 3418 tuna
328 3352 507 3419 confers?
550 3354 670 3419 Mirum
699 3361 765 3433 est,
808 3375 907 3436 quam
936 3355 1052 3418 inanes
1081 3352 1259 3418 verborum
1289 3355 1370 3419 soni

199 3461 364 3525 interdum
393 3483 488 3526 aures
517 3468 715 3545 praetereant
743 3468 801 3528 aut
829 3463 938 3545 potius
962 3462 1083 3526 litterae
1106 3461 1231 3540 oculos,
1264 3464 1369 3546 quasi

200 3571 364 3634 sententia
385 3570 473 3634 insit.
514 3571 696 3635 Hominis
725 3571 933 3635 fortunam
963 3591 1048 3633 cum
1077 3568 1255 3634 hominis
1278 3568 1372 3636 for·

200 3684 298 3742 tuna
321 3678 504 3743 conferre
527 3678 606 3760 quid
630 3681 682 3757 sit,
713 3699 824 3743 omnes
847 3684 977 3756 norunt,
1001 3698 1129 3761 proque
1152 3697 1191 3741 eo
1214 3676 1373 3743 naturali

200 3784 342 3867 quadam
376 3786 534 3851 orationis
568 3787 729 3852 brevitate
759 3793 792 3851 et
820 3785 899 3868 suga
927 3785 1069 3868 genetivi
1096 3783 1178 3849 nudi
1201 3786 1368 3870 praeposi·

198 3894 281 3957 tioni
305 3893 444 3959 subiecti
468 3895 641 3960 substitui:
665 3895 836 3960 hominis
860 3894 1065 3959 fortunam
1088 3914 1175 3971 cum
1197 3892 1364 3958 homins

201 4072 426 4081 *—

226 4170 249 4237 1)
270 4170 528 4238 [andBadhamus
546 4190 599 4240 pro
619 4172 880 4240 capacissimum
899 4171 986 4225 scribi
1004 4171 1094 4224 voluit
1110 4172 1356 4241 parcissimum,

267 4258 385 4321 erravit3
408 4275 473 4310 nam
495 4259 553 4311 vini
577 4259 723 4325 copiosum
746 4275 828 4310 nsum
846 4258 875 4310 in
893 4256 1007 4325 Papirio
1026 4256 1204 4311 celebratum
1223 4258 1358 4313 sermoni·

266 4341 317 4394 bns
336 4347 365 4395 et
387 4342 461 4394 sama
478 4343 571 4407 luisse,
590 4343 642 4395 Dio
663 4343 773 4396 Cassius
792 4340 936 4409 ostendit]
