2994 5108
220 500 282 556 Lib.
301 499 376 555 vm.
768 488 828 550 186

220 674 315 738 valde
343 672 506 757 suspicor,
541 673 667 737 Livium
696 673 880 756 scripsisse:
923 672 1069 756 quibus
1104 672 1212 736 usuri
1239 671 1378 739 adver·

221 804 286 848 sus
319 783 539 847 Romanum
577 780 729 845 bellum
761 781 936 846 fuerant.
997 780 1108 847 Etiam
1141 783 1175 846 in
1207 780 1378 849 Vindobo-

220 893 314 956 nensi
342 890 425 955 Livii
461 889 572 955 codice
607 888 783 974 aliquoties
812 912 872 974 pro
900 890 1049 974 longiore
1076 889 1180 957 futuri
1207 891 1378 977 participii

219 999 325 1064 forma
357 998 540 1064 breviorem
573 997 711 1082 perfecti
747 997 964 1064 substitutam
991 1019 1077 1079 esse,
1112 1000 1377 1067 commemorabo

221 1108 264 1173 ad
286 1106 386 1187 XLII,
411 1111 461 1187 25,
486 1108 551 1189 4.¹)

306 1213 384 1299 Cap.
409 1222 445 1295 4,
478 1220 495 1279 3
525 1215 573 1297 (11
602 1217 751 1282 oratione
773 1217 872 1281 Annii
895 1214 1000 1281 Setini
1027 1217 1179 1301 praetoris
1202 1215 1290 1301 apud
1313 1215 1379 1281 La·

134 1323 341 1405 (151)111ο1);
388 1323 457 1388 Sin
502 1331 636 1389 autem
676 1324 839 1390 tandem
876 1323 1088 1390 libertatis
1128 1323 1379 1390 desiderium

220 1434 425 1499 remordet
453 1433 623 1511 1111111,
652 1432 686 1496 11
709 1432 855 1498 foedus
878 1436 953 1512 est,
982 1433 1015 1497 si
1038 1432 1217 1498 societas
1241 1454 1379 1519 1111-

220 1542 280 1606 tio
314 1540 417 1605 iuris
452 1546 528 1618 est,
568 1541 601 1604 si
642 1541 971 1623 consanguineos
1004 1561 1074 1606 nos
1108 1541 1380 1608 Romanorum

221 1671 320 1730 esse,
355 1649 461 1733 quod
495 1648 588 1712 olim
622 1648 815 1731 pudebat,
849 1669 953 1714 nunc
989 1649 1164 1731 gloriari
1191 1649 1308 1728 licet,
1344 1650 1379 1715 si

220 1757 390 1824 socialis
419 1757 504 1821 illis
529 1756 737 1822 exercitus
760 1757 793 1820 is
816 1763 895 1836 est,
925 1778 1000 1841 quo
1024 1758 1220 1823 adiuncto
1244 1757 1378 1844 dupli·

220 1873 312 1931 cent
344 1867 451 1931 vires
485 1887 593 1945 suas,
628 1886 740 1949 quem
774 1885 991 1930 secernere
1026 1866 1073 1931 ab
1107 1887 1150 1931 se
1184 1865 1379 1933 consules

219 1974 342 2040 bellis
370 1975 555 2058 propriis
584 1972 784 2056 ponendis
814 1973 1102 2058 sumendisque
1126 1973 1277 2053 nolint,
1307 1993 1380 2039 cnr

219 2105 295 2148 non
329 2083 461 2147 omnia
490 2081 726 2165 aequantur?
766 2103 835 2146 cur
874 2103 951 2148 non
991 2082 1097 2146 alter
1136 2081 1183 2146 ab
1216 2080 1380 2149 Latinis

220 2190 362 2256 consul
387 2190 525 2271 datum
554 2190 622 2255 ubi
645 2211 738 2274 pars
761 2190 922 2269 virium,
951 2190 1009 2254 ibi
1032 2195 1072 2256 11
1093 2190 1257 2272 imperii
1279 2211 1380 2275 pars

219 2301 300 2364 est?
333 2299 406 2364 Duo
436 2300 470 2363 in
499 2299 549 2364 his
577 2299 697 2363 menda
724 2304 809 2362 sunt.
865 2298 960 2363 Prius
983 2298 1094 2379 arguit
1116 2298 1182 2362 iam
1206 2297 1380 2365 dissensus

218 2408 525 2493 interpretantium3
555 2428 631 2472 nam
655 2407 790 2483 allisio,
814 2412 852 2471 ut
874 2427 934 2489 ego
958 2406 1128 2490 descripsi,
1150 2406 1251 2471 verba
1272 2406 1379 2472 inter·

218 2520 383 2599 pungunt:
408 2516 441 2579 si
464 2517 639 2580 societas
663 2515 836 2598 aequatio
858 2515 962 2579 iuris
985 2520 1055 2593 est,
1079 2512 1250 2581 manifesto
1268 2521 1380 2597 recte;

219 2645 298 2688 nam
324 2624 359 2688 id
386 2625 490 2708 ipsum
521 2625 574 2705 agi
597 2623 721 2688 Annius
751 2622 847 2702 dicit,
881 2622 997 2689 foedus
1029 2629 1063 2687 et
1086 2622 1242 2703 societas,
1278 2645 1383 2707 quam

219 2753 293 2796 cum
315 2732 470 2796 Romanis
495 2732 605 2796 Latini
627 2732 781 2811 habeant,
804 2732 888 2796 sitne
910 2752 1037 2814 reapse,
1059 2730 1147 2815 quod
1168 2731 1197 2795 is
1220 2732 1382 2814 postulat,

216 2841 298 2905 iuris
329 2841 489 2925 aequatio,
521 2848 557 2905 ut
580 2840 689 2905 Latini
711 2840 917 2922 Romanique
941 2861 1033 2923 aequo
1056 2840 1127 2903 iure
1150 2840 1224 2903 sint.
1276 2841 1384 2925 Atqui

217 2956 287 3013 tum
318 2970 451 3032 prorsus
482 2968 580 3031 prave
609 2946 753 3013 foedus
777 2954 811 3012 et
834 2948 1012 3012 societas
1036 2947 1236 3012 divelluntur
1259 2953 1294 3012 et
1317 2971 1381 3033 per

217 3079 251 3122 se
274 3057 338 3123 hoc
361 3058 507 3140 ponitur:
543 3058 574 3120 si
603 3056 745 3120 foedus
769 3063 848 3135 est,
883 3057 976 3139 quasi
999 3056 1062 3120 hoo
1085 3056 1125 3121 de
1148 3053 1282 3120 foedere
1308 3078 1380 3122 om·

219 3167 295 3230 nino
320 3165 454 3230 dubium
479 3166 534 3242 sit,
564 3171 681 3228 contra
704 3166 874 3229 societatis
896 3170 1026 3229 tantum
1049 3164 1097 3227 vis
1120 3170 1154 3228 et
1176 3163 1378 3245 significatio

218 3280 391 3354 quaretur.
436 3272 501 3335 Alii
525 3277 635 3335 autem
659 3274 706 3337 sic
728 3274 979 3356 interpungunt:
1015 3273 1049 3336 si
1071 3270 1217 3337 foedus
1241 3280 1314 3353 est,
1345 3275 1380 3340 si

216 3381 416 3459 10111111,
442 3380 617 3461 aequatio
641 3381 742 3445 iuris
766 3387 842 3460 est;
877 3381 910 3443 in
934 3401 998 3463 quo
1022 3380 1162 3463 primum
1184 3383 1376 3448 necessario

244 3649 266 3715 ¹)
286 3647 302 3718 ξ
324 3651 355 3702 10
378 3667 445 3704 vera
469 3657 512 3704 est
529 3650 649 3719 Dukeri,
674 3651 830 3705 cautissimi
852 3628 989 3718 hominis,
1014 3652 1178 3706 coniectura
1196 3655 1379 3722 reponentis:

284 3735 432 3788 utsatis
466 3736 641 3790 ducerent
674 3736 824 3790 Romani
857 3737 1051 3791 victoriam
1084 3736 1313 3793 Samnitibus
1341 3766 1378 3779 ·-

284 3820 466 3889 eripuisse
484 3838 536 3889 pro
556 3838 597 3888 eo,
621 3821 697 3891 quod
715 3822 743 3875 in
762 3822 908 3877 codicibus
928 3828 983 3877 est:
1001 3851 1035 3861 -
1053 3823 1254 3890 victoriam,
1273 3842 1379 3893 quam

285 3904 511 3960 Samnitibus
534 3936 569 3946 -
594 3908 833 3976 eripuissent3
858 3925 924 3961 nam
946 3925 1036 3976 neque
1064 3908 1157 3962 satis
1182 3908 1272 3964 duco
1297 3910 1377 3965 vio·

283 3992 414 4045 teriam
438 3992 571 4045 Latinum
602 3997 645 4046 est
675 4010 766 4061 neque
791 3994 875 4047 ullam
900 3994 1048 4048 victoriam
1066 3993 1187 4048 Romani
1211 3994 1266 4064 ipsi
1291 3995 1380 4050 habs·

283 4076 361 4144 bant,
386 4095 441 4145 qua
459 4077 587 4130 contenti
605 4083 706 4146 essent,
731 4079 780 4132 sed
797 4079 923 4132 victoriae
942 4080 1122 4148 ereptionem.
1165 4079 1239 4134 Satis
1256 4079 1294 4133 iis
1313 4097 1378 4137 esse

283 4159 424 4216 Samnites
442 4163 578 4216 volebant
595 4161 732 4229 effecisse,
756 4181 791 4217 ns
809 4162 949 4218 Samnites
968 4166 1128 4232 vincerent3
1153 4181 1210 4219 non
1228 4166 1377 4235 postulare

284 4246 393 4314 debere,
412 4252 444 4301 11
462 4249 547 4300 etiam
565 4249 752 4303 vincerentur.
786 4249 968 4304 Memorabile
986 4250 1041 4304 hoo
1059 4254 1103 4303 est
1121 4250 1280 4320 exemplum
1300 4268 1377 4307 erro-

281 4332 319 4385 ris
338 4331 580 4402 (eripuissent)
594 4334 630 4387 'in
647 4334 707 4388 cod.
726 4334 881 4403 archetypo
899 4335 1098 4405 interpolando
1117 4335 1260 4391 occultati.
