3000 5116
698 465 759 527 373
1124 477 1187 532 Lib.
1207 478 1306 533 XXVI.

146 653 222 710 tn
253 646 440 712 discursu
467 647 671 713 bominum
700 648 1002 731 adfingentium
1024 670 1128 714 vana
1153 650 1308 715 auditis

145 762 277 823 totam
299 755 439 822 urbem
460 757 655 822 concitat.
707 754 904 840 [Scriptura
926 777 1026 839 quam
1047 757 1232 822 Weissenb.
1257 778 1308 822 se·

146 871 243 930 cutus
271 870 338 929 est:
373 884 490 947 quam
523 863 630 945 quod
658 864 838 928 adlatum
868 871 972 943 erat,
1006 885 1151 930 cursus
1180 864 1308 929 horni-

145 994 253 1053 num‚
285 972 404 1037 miram
431 971 534 1037 habet
563 972 822 1037 orationem-
853 971 992 1038 Omnino
1023 993 1131 1056 neque
1162 993 1307 1039 cursus

77 1105 78 1108 ¹
144 1080 350 1147 hominum
382 1077 689 1162 adfingentium
722 1088 812 1144 recte
846 1079 967 1145 dicitur
1000 1101 1107 1162 neque
1136 1081 1164 1145 is
1191 1080 1307 1145 urbem

145 1186 316 1270 concitat]
358 1184 390 1269 (ἓ
413 1191 434 1250 2
456 1185 636 1253 admodum
662 1187 883 1270 probabiliter
905 1188 1095 1271 Ussingius:
1131 1187 1210 1252 Sub
1241 1188 1306 1253 Ca-

145 1297 237 1362 sino
260 1301 322 1361 cet.
370 1294 505 1376 1863.).

233 1401 314 1487 Cap.
340 1407 388 1482 11,
411 1406 446 1468 5:
478 1402 663 1468 Minuere
691 1404 814 1469 etiam
837 1425 947 1487 spem
970 1405 1058 1468 eius
1083 1402 1307 1485 (Hannibalis)

145 1518 189 1578 et
209 1512 309 1591 aliae,
337 1530 461 1595 parva
483 1531 715 1594 magnaque,
738 1532 816 1592 res;
838 1531 979 1594 magna
1003 1510 1089 1588 illa,
1113 1512 1221 1592 quod
1245 1519 1306 1576 cet.

143 1618 251 1684 Prave
279 1618 464 1701 geminatur
490 1619 525 1682 iu
553 1618 669 1684 eadem
697 1640 734 1684 re
762 1620 884 1684 etiam
906 1654 950 1663 -
971 1625 1026 1698 et3
1060 1619 1158 1683 nimis
1179 1618 1307 1684 infinite

146 1726 269 1792 dicitur
301 1724 406 1806 alia,
440 1725 591 1791 subiecta
624 1725 681 1791 illa
709 1727 882 1792 divisione:
917 1747 1044 1810 parva
1070 1747 1305 1808 magnaque.

146 1833 381 1900 Scribendum:
414 1833 599 1900 Minuere
627 1835 751 1900 etiam
775 1856 884 1919 spem
908 1836 995 1900 eius
1018 1834 1057 1897 ΙΙ
1081 1833 1181 1915 (duae)
1204 1834 1305 1913 aliae,

143 1963 273 2027 parva
299 1962 538 2025 magnaque,
568 1963 644 2008 res.
701 1943 797 2020 Quod
825 1943 858 2007 ΙΙ
886 1942 1100 2020 scriberetur,
1130 1941 1307 2024 aliquoties
1361 1941 1365 1948 '

144 2052 187 2116 ex
220 2051 251 2116 ii
278 2049 342 2132 (ei)
370 2048 494 2115 factum
527 2050 622 2129 duo,
656 2051 813 2134 exemplis
843 2050 990 2116 ostendit
1016 2049 1306 2115 Drakenborchius

143 2159 189 2224 ad
210 2157 364 2236 XXXVI,
391 2162 449 2236 43,
479 2162 527 2222 11.
579 2157 617 2223 In
640 2158 809 2237 XXXVII,
842 2162 892 2238 38,
921 2163 940 2222 7
964 2180 1024 2241 pro
1049 2165 1168 2223 etant
1191 2158 1229 2222 hi
1254 2157 1307 2238 (et

143 2272 282 2332 tamen
314 2287 384 2349 per
418 2264 472 2346 se)
505 2266 685 2355 inmultis
719 2266 985 2349 (recentioribus)
1020 2267 1114 2331 codd.
1146 2269 1307 2349 scriptum

144 2373 233 2440 duo.
277 2373 341 2439 Hic
362 2374 530 2438 contrario
554 2395 667 2439 errore
690 2396 730 2439 ex
752 2374 784 2438 II
806 2374 931 2440 factum
954 2376 999 2454 ei,
1023 2375 1108 2457 et.¹)

231 2480 310 2566 Gap.
337 2485 391 2561 13,
422 2485 471 2546 15.
518 2480 613 2557 Quod
642 2481 764 2547 editur:
800 2484 840 2547 in
872 2503 1039 2548 carcerc
1070 2489 1139 2548 aut
1167 2483 1215 2548 ad
1238 2504 1306 2566 pa·

140 2590 224 2656 lum
260 2588 480 2673 deligatus,
515 2610 650 2672 pravam
684 2589 787 2655 habet
823 2591 1061 2656 diiunctionem
1096 2592 1193 2656 nnius
1230 2613 1307 2674 sup·

139 2698 246 2783 plicii.
296 2697 346 2762 Ex
368 2718 417 2777 eo,
439 2697 530 2782 quod
550 2699 584 2763 in
607 2697 633 2763 P
657 2698 829 2763 scribitur:
859 2701 898 2764 in
921 2716 1127 2764 carcerem
1150 2708 1219 2764 aut
1242 2720 1306 2781 pa-

139 2807 231 2888 lum,
254 2806 337 2872 latet
358 2806 474 2889 ipsum,
497 2806 585 2889 quod
608 2807 804 2887 requiritur:
828 2808 867 2870 in
891 2828 1054 2872 carcere
1077 2807 1125 2871 ad
1149 2808 1217 2886 (at)
1242 2827 1306 2889 pa-

139 2914 231 2980 lum.
279 2911 402 2997 (1863.)

229 3019 309 3105 Cap.
343 3026 398 3102 14,
427 3025 457 3087 6.
512 3021 540 3085 E
570 3023 736 3105 scriptura
770 3021 796 3085 P
825 3024 1095 3106 iussuprocos
1129 3021 1214 3086 effici
1250 3022 1305 3086 de-

137 3129 214 3209 bet,
244 3129 333 3217 quod
360 3151 462 3213 quum
484 3129 755 3196 Weissenbornio
784 3132 818 3194 in
841 3136 984 3196 mentem
1007 3131 1166 3209 venisset,
1195 3136 1306 3193 tamen

137 3258 208 3303 non
249 3239 370 3316 tenuit,
409 3238 526 3303 iussu
565 3238 860 3320 proconsulum
894 3238 981 3320 (edd.
1018 3238 1304 3320 proconsulis).

137 3343 239 3422 Quod
260 3344 402 3411 Flaccus
427 3350 483 3426 12,
512 3350 530 3410 5
560 3367 647 3411 unus
676 3347 884 3426 nominatur,
913 3345 996 3411 nihil
1025 3345 1175 3411 adhunc
1198 3347 1306 3411 locum

136 3453 245 3532 valet,
275 3453 332 3519 ubi
355 3453 468 3518 Livius
498 3459 613 3536 aperte
642 3451 759 3536 §let
778 3475 807 3556 c.
835 3459 888 3533 15,
922 3461 935 3517 l
961 3462 1139 3537 utrumque
1168 3477 1306 3539 procon-
1380 3525 1383 3531 ,

137 3560 248 3628 sulem
281 3567 433 3664 agentem
460 3560 604 3641 inducit;
638 3561 772 3641 deinde,
800 3569 838 3626 ut
861 3583 962 3645 saepe,
995 3561 1091 3628 finita
1113 3566 1306 3628 narratione

136 3689 168 3735 c.
195 3673 245 3748 16,
270 3675 285 3734 l
310 3670 570 3753 discrepantiam
593 3675 766 3735 auctorum
790 3670 964 3752 significat.
1011 3671 1135 3752 (1863.)

166 3936 192 4006 ¹)
211 3937 278 4009 (lap.
300 3940 345 4007 12,
370 3943 402 3994 15
425 3957 489 3994 cnm
506 3939 621 3995 Dnlrero
645 3941 823 3995 scribendum
847 3947 906 3995 cst:
935 3942 1064 3995 litterae
1083 3969 1116 3980 -
1135 3941 1305 4014 Numidis,
1383 3971 1389 3982 ·

208 4024 394 4094 proposita
423 4026 582 4080 mercede
616 4043 688 4080 earn
718 4028 780 4096 (pro
811 4027 890 4092 iam,
926 4032 990 4079 orto
1018 4044 1052 4080 ex
1079 4028 1306 4096 mercedeam)

207 4107 386 4178 professis
412 4126 566 4180 operam,
594 4111 733 4167 dantur.
775 4110 847 4166 Iam
870 4112 942 4166 nihil
964 4112 1011 4165 hic
1035 4112 1106 4178 agit5
1132 4115 1305 4180 'pronomine

208 4210 307 4250 carere
325 4196 418 4250 oratio
437 4197 543 4266 nequit.
585 4193 638 4265 [De
657 4202 709 4252 est
728 4203 795 4267 post
813 4196 928 4252 iussus
947 4199 976 4250 in
996 4196 1011 4266 §
1033 4199 1064 4249 17
1083 4197 1213 4252 addendo
1233 4200 1307 4253 nihil

208 4296 281 4349 opus
298 4286 344 4335 est
361 4279 440 4352 dici]
