2994 5108
190 487 254 542 Lib.
271 483 326 541 vlf
741 473 803 535 164

191 662 281 724 recte
303 665 492 742 poneretur,
516 658 546 723 si
566 658 601 722 id
624 655 833 740 significaret,
856 655 946 740 qnod
968 658 1082 722 statim
1104 650 1352 736 subiiceretur),

192 772 317 832 rectum
351 767 429 847 erit,
463 765 781 850 interrogationibus
816 766 864 831 sic
894 756 1126 850 descriptioni
1146 760 1352 829 terminatis:

193 872 319 951 Quid?
354 875 387 940 si
416 882 459 940 tu
486 895 562 939 non
589 873 756 954 tuleris,
791 874 897 959 quod
925 874 1175 941 commodum
1197 875 1259 936 est
1279 889 1353 954 po·

191 984 288 1067 pulo
312 984 513 1067 accipere,
547 1002 659 1047 nemo
683 983 777 1061 erit,
811 983 878 1065 qui
899 981 1029 1048 ferat?
1068 980 1180 1047 Illud
1202 979 1237 1044 si
1259 977 1354 1060 quis

192 1091 413 1174 patricius,
448 1093 481 1156 si
504 1091 661 1174 quis—
684 1087 883 1156 Claudius
905 1090 1079 1156 diceret:
1113 1089 1194 1154 Aut
1216 1087 1355 1154 omnia

193 1200 374 1282 aecipite
408 1206 481 1264 aut
513 1198 618 1263 nihil
650 1195 755 1278 fero,
795 1200 885 1281 quis
917 1204 1114 1278 vestrum,
1153 1194 1353 1274 Quirites,

192 1307 343 1372 ferret?
366 1307 470 1372 Paulo
493 1315 569 1372 ante
594 1304 624 1389 (ξ
645 1310 694 1386 11,
716 1305 773 1371 ubi
795 1307 921 1372 tribuni
943 1307 1006 1372 civi
1028 1306 1070 1372 de
1092 1304 1190 1390 plebe
1210 1302 1356 1388 roganti,

192 1422 239 1494 ut,
263 1435 346 1498 quas
369 1414 504 1499 probet,
538 1416 727 1497 rogationes
749 1416 914 1499 accipere,
948 1436 1031 1498 quas
1054 1411 1233 1498 improbet,
1266 1410 1356 1476 anti·

193 1545 297 1608 quare
324 1522 438 1603 liceat,
474 1520 675 1607 respondere
696 1521 878 1606 finguntur)
901 1523 971 1588 haec
993 1518 1224 1605 interrogandi
1243 1518 1358 1586 forma

193 1632 391 1697 coniunctivi
412 1631 517 1697 modi:
551 1637 594 1695 tn
616 1629 662 1695 de
684 1629 827 1697 fenore
848 1667 892 1678 -
914 1631 1072 1711 iubeas,
1100 1636 1140 1695 et
1161 1629 1237 1695 hoc
1257 1648 1355 1713 por·

193 1741 299 1805 tenti
321 1761 398 1805 non
416 1738 855 1819 fiat—,uti—videas?
875 1760 941 1805 uno
959 1739 1057 1805 modo
1069 1738 1218 1820 intellegi
1230 1742 1356 1822 potest,

194 1854 231 1913 ut
254 1869 328 1913 cum
351 1848 569 1913 admiratione
592 1851 626 1911 et
648 1847 889 1930 improbatione
912 1846 1111 1932 proferatur.
1158 1845 1224 1912 Sed
1244 1866 1358 1931 neque

192 1978 252 2040 per
286 1978 321 2021 se
354 1956 496 2021 tribunis
530 1953 672 2038 superbe
700 1955 898 2038 negantibus
926 1956 1097 2021 convenire
1125 1955 1258 2020 videtur
1284 1953 1360 2019 baec

193 2065 369 2130 admiratio
398 2069 432 2129 et
459 2062 642 2146 indignatio
669 2083 776 2145 neque
803 2066 838 2128 in
866 2085 939 2129 eam
967 2070 1045 2147 apte
1066 2062 1284 2128 includuntur
1307 2081 1360 2141 ea,

194 2194 267 2256 quae
288 2170 417 2256 Appius
447 2191 487 2236 ex
519 2192 578 2236 suo
601 2171 724 2236 iudicio
748 2172 952 2238 intermiscet
974 2179 1007 2238 et
1030 2171 1182 2254 adiungit
1205 2168 1258 2252 (et
1280 2168 1361 2234 boc

193 2281 379 2362 portenti
409 2300 486 2344 non
514 2278 594 2344 fiat
623 2277 711 2359 cet).
766 2279 854 2362 Apta
880 2281 951 2344 haec
979 2285 1077 2345 erunt
1105 2285 1139 2344 et
1167 2276 1358 2358 commoda,

193 2389 221 2452 si
251 2388 365 2451 sedate
389 2388 436 2451 sic
457 2386 682 2470 proferentur,
714 2392 753 2450 ut
782 2408 874 2471 paene
902 2387 1059 2470 ambigua
1085 2388 1174 2452 inter
1200 2385 1360 2453 tribunos

195 2500 229 2559 et
261 2493 405 2578 Appium
439 2496 548 2560 oratio
583 2495 626 2558 sit
666 2491 713 2575 (et
753 2495 801 2560 ita
833 2496 1016 2574 inducitur,
1055 2496 1169 2579 posito
1202 2495 1360 2578 inquit:

194 2603 304 2680 nein,
333 2602 470 2666 heisst
493 2601 562 2683 esl:
597 2601 695 2682 Non,
723 2602 867 2687 inquit,
896 2604 1055 2683 licebit,
1082 2609 1123 2665 nt
1145 2602 1192 2668 de
1214 2600 1361 2669 fenore

195 2716 316 2794 atque
340 2711 461 2793 agris,
486 2709 593 2793 quod
616 2708 665 2772 ad
686 2714 1014 2794 vos—pertinet,
1037 2711 1195 2790 iubeas,
1219 2716 1260 2775 et
1281 2710 1361 2777 boe

194 2819 378 2901 portenti
414 2839 494 2882 non
528 2815 608 2881 fiat
635 2818 678 2880 in
706 2814 805 2879 urbe
833 2815 1024 2895 Romana,
1056 2813 1182 2878 uti-
1204 2819 1360 2888 videas.

196 2925 285 3006 (Non
312 2924 429 2990 licebit
456 2924 527 2989 baec
556 2925 621 2989 duo
651 2944 822 3006 separare,
851 2922 993 2988 alterum
1020 2925 1083 2990 tibi
1112 2925 1243 3010 plebeio
1269 2947 1361 2992 com-

193 3034 344 3112 modum,
379 3033 521 3098 alterum
543 3032 619 3112 tibi,
647 3037 685 3095 ut
708 3029 872 3108 omnibus,
902 3030 1137 3116 intolerabile.)
1188 3034 1283 3100 Duas
1304 3036 1360 3101 lit·

193 3148 282 3204 teras
305 3142 508 3224 transposui.
554 3137 584 3220 (§
611 3143 649 3202 17
672 3145 752 3203 nota
774 3143 864 3203 recte
889 3139 1060 3222 explenda,
1085 3148 1123 3207 ut
1145 3142 1219 3208 fiat:
1250 3142 1362 3209 hand

178 3260 267 3330 ,pro
302 3247 426 3313 dubio
456 3246 622 3312 consule
651 3267 753 3324 esse,
781 3267 848 3310 non
876 3247 1099 3329 consulem3
1133 3270 1241 3333 neque
1271 3251 1362 3316 enim

195 3354 317 3419 dicitur
352 3354 504 3419 absolute
533 3376 603 3437 pro
631 3352 737 3417 haud
767 3353 904 3431 dubio,
934 3361 971 3419 nt
1000 3357 1044 3420 sit
1076 3356 1186 3423 haud
1217 3357 1361 3437 dubie;

195 3461 402 3541 candidatus,
427 3464 519 3526 cuius
544 3468 635 3526 certa
658 3482 733 3543 spes
757 3467 823 3539 est,
857 3484 928 3545 pro
963 3461 1070 3529 haud
1105 3465 1227 3531 dubio
1263 3478 1362 3533 con·

195 3567 280 3633 sule
321 3575 382 3633 est
421 3567 640 3650 (habetur),
678 3588 742 3631 non
783 3590 855 3651 pro
894 3568 1002 3635 haud
1043 3572 1168 3638 dubio
1210 3576 1364 3641 consul

195 3679 286 3740 ests
312 3675 419 3757 1861.)

283 3780 360 3867 Cap.
395 3789 452 3863 41,
493 3791 512 3847 4
552 3782 601 3866 (in
635 3783 750 3848 eadem
786 3785 965 3867 oratione):
1006 3787 1061 3851 De
1100 3787 1365 3872 indignitate

196 3893 300 3956 satis
324 3891 479 3957 dictum
502 3897 577 3970 est;
607 3893 757 3955 etenim
780 3891 962 3974 dignitas
985 3894 1033 3958 ad
1055 3895 1244 3963 homines
1266 3920 1365 3982 per·

194 4000 320 4076 tinet;
354 3999 451 4081 quid
480 4000 525 4063 de
555 3997 830 4081 religionibus
858 4005 981 4083 atque
1013 4004 1236 4087 auspiciis,
1271 4028 1367 4092 quae

195 4106 365 4188 propria
405 4106 574 4171 deorum
611 4107 901 4171 immortalium
940 4113 1196 4195 contemptio
1232 4119 1366 4199 atque

194 4213 349 4276 iniuria
376 4220 453 4292 est,
487 4214 655 4295 loquar?
688 4215 772 4279 Mire
796 4236 897 4279 causa
920 4217 1070 4295 additur,
1100 4241 1158 4284 cur
1181 4222 1265 4287 satis
1291 4223 1366 4291 die-

194 4324 265 4382 tum
294 4320 334 4384 de
363 4320 558 4401 indignitate
583 4322 641 4399 sit,
677 4342 749 4404 quac
783 4344 889 4407 neque
924 4325 1002 4388 addi
1030 4349 1179 4411 unquam
1207 4328 1300 4398 solet
1329 4335 1367 4399 in
