2994 5108
211 455 273 513 Lib.
292 454 339 512 VL
760 444 821 507 162

213 629 303 713 quis
330 628 602 695 -tributum
636 630 754 697 daret
788 635 858 695 aut
890 629 955 694 ius
989 628 1035 694 de
1068 628 1247 713 pecunia
1281 648 1374 694 cre·

213 735 302 803 dita
325 735 493 817 diceret,
522 739 619 823 quasi
641 745 818 824 utrumque
841 737 988 803 eiusdem
1011 737 1055 803 sit
1077 757 1117 803 ao
1137 757 1205 803 non
1227 736 1375 803 alterum

212 845 292 911 civis
326 866 408 910 onus
435 843 587 925 ferentis,
621 847 764 913 alterum
792 847 1008 929 magistratus
1037 845 1194 929 cogentis.
1248 844 1373 930 Itaque

212 953 247 1019 in
268 960 411 1019 mentem
433 954 523 1019 venit
545 953 657 1039 (1861)
680 955 883 1021 tributum
904 955 1136 1038 imperaret.
1186 952 1294 1021 Multo
1317 958 1376 1020 est

211 1060 343 1127 facilius
368 1068 402 1127 et
423 1084 550 1127 verum:
582 1069 652 1128 aut
673 1065 735 1130 ius
752 1099 795 1110 —
812 1063 1032 1129 diceretur.
1065 1060 1216 1128 Alterum
1232 1061 1373 1130 verbum

212 1155 333 1255 prioris
354 1169 461 1237 forma
483 1171 579 1254 oepit.
626 1169 734 1253 1875.)

212 1324 216 1336 .
299 1277 378 1363 (lap.
403 1283 458 1358 32,
488 1282 521 1360 6,
551 1279 615 1345 etsi
641 1280 760 1375 mirurn
787 1278 932 1358 videtur,
959 1278 1164 1345 notissimam
1184 1300 1299 1346 vocem
1320 1279 1374 1346 al·

212 1392 286 1453 tera
312 1409 379 1453 non
401 1387 508 1452 minus
530 1394 612 1453 nota
633 1391 857 1470 permutatam
881 1407 969 1467 esse,
1003 1391 1114 1452 tauron
1141 1408 1238 1454 nemo
1268 1386 1373 1454 fidem

210 1494 324 1577 faciet,
353 1495 481 1561 Livium
503 1517 564 1579 pro
588 1501 703 1561 corta
724 1495 878 1575 victoria,
908 1494 1038 1579 deque
1060 1495 1179 1578 agitur,
1212 1495 1374 1562 claram

212 1603 352 1685 dixisse3
385 1603 456 1668 haec
483 1610 535 1669 est
557 1604 657 1685 enim,
686 1603 868 1669 certissimo
891 1602 1051 1687 loquendi
1073 1624 1152 1684 usu,
1181 1624 1256 1687 quae
1277 1602 1376 1671 fama

212 1719 247 1778 et
275 1711 481 1779 sermonibus
504 1711 706 1793 celebratur3
739 1732 862 1797 neque,
897 1709 988 1795 quod
1021 1710 1092 1776 dies
1121 1716 1156 1776 et
1182 1710 1291 1777 clarus
1319 1712 1374 1777 di-

124 1827 198 1905 Ι(186)
217 1821 319 1902 citur,
348 1820 417 1886 sole
446 1821 590 1900 lucente,
619 1826 653 1886 et
680 1825 804 1901 certus,
833 1842 936 1905 quum
962 1818 1020 1884 lux
1043 1818 1145 1885 dubia
1166 1839 1237 1886 esse
1260 1819 1375 1903 desiit,

211 1929 287 1995 ideo
316 1929 352 1994 in
380 1928 453 1994 aliis
481 1929 581 1994 rebus
608 1928 678 1993 haec
707 1928 872 1995 adiectiva
893 1932 1142 1995 commutantur
1163 1933 1223 1993 aut
1243 1929 1374 2014 promi·

167 2124 171 2130 ,
212 2058 289 2103 soue
312 2037 475 2102 dicuntur.

297 2142 377 2228 (lap.
413 2148 473 2225 33,
514 2148 549 2208 8:
607 2144 815 2210 exercitus
860 2143 1078 2210 Tusculum
1123 2144 1287 2227 ductus;
1330 2144 1375 2212 L.

212 2251 434 2339 Quinctius
474 2258 514 2318 et
548 2251 629 2318 Ser.
661 2251 871 2338 Sulpicius
904 2288 948 2298 -
981 2251 1141 2318 duxere.
1196 2249 1374 2321 Clausae

210 2368 353 2445 portas
381 2359 549 2426 Tusculi
578 2361 830 2446 Latinosque
859 2359 930 2446 (qui
957 2360 1074 2426 urbem
1095 2368 1252 2446 ceperant
1274 2362 1375 2446 oppi-

212 2468 381 2554 danosque
414 2469 448 2533 in
484 2490 593 2534 arcem
628 2468 870 2554 compulerant)
900 2504 944 2516 —
971 2469 1064 2534 hino
1096 2452 1256 2536 moenia
1291 2470 1377 2536 Tu·

212 2577 317 2644 sculi
341 2577 449 2643 tueri
472 2578 622 2657 vident,
645 2577 765 2644 illinc
782 2598 912 2643 arcem
933 2598 1180 2662 oppugnare.
1214 2578 1278 2644 Vix
1294 2577 1374 2645 fieri

211 2692 330 2771 potest,
347 2691 385 2751 ut
402 2708 470 2752 non
486 2685 652 2751 Tusculi
670 2692 747 2771 post
764 2691 906 2771 portas
926 2686 1137 2752 subditicium
1155 2687 1207 2753 sit.
1242 2684 1376 2771 (1861.)

297 2793 376 2881 (lap.
402 2801 452 2877 34,
484 2801 517 2861 1:
559 2794 719 2872 Quanto
749 2795 875 2878 magis
903 2830 946 2840 —
973 2794 1206 2880 tranquilla
1235 2797 1378 2862 omnia

210 2902 313 2970 foris
342 2912 473 2986 erant,
503 2910 619 2970 tanto
648 2904 688 2968 in
716 2902 816 2968 urbo
844 2903 908 2967 vis
936 2910 1096 2987 patrum
1119 2903 1158 2968 in
1182 2902 1269 2969 dies
1293 2905 1375 2970 mi·

212 3015 412 3100 seriesque
450 3012 586 3099 plc'bis
626 3010 880 3078 crescebant.
941 3009 1113 3077 Ablativus
1153 3012 1241 3096 apud
1280 3033 1376 3078 cre·

212 3144 326 3188 scere
359 3124 523 3188 rationem
558 3142 623 3186 non
656 3120 772 3201 habet,
806 3126 898 3185 ortus
929 3141 968 3185 ex
997 3120 1168 3205 superiore
1197 3127 1373 3206 quanto,

212 3231 484 3314 scribendumque
518 3235 687 3295 tantum.
742 3229 846 3294 Recta
879 3227 987 3293 forma
1021 3233 1171 3294 servatur
1199 3251 1226 3295 c.
1251 3233 1307 3312 38,
1339 3235 1375 3314 5,

211 3337 268 3402 ubi
295 3339 328 3402 in
356 3361 422 3404 uno
452 3344 485 3403 et
514 3339 618 3403 altero
649 3337 762 3403 codice
791 3336 978 3425 recentiore,
1001 3336 1127 3401 factum
1155 3343 1206 3403 est
1233 3343 1374 3421 tanto,

212 3451 254 3526 et,
283 3447 413 3511 inversa
435 3447 578 3526 ratione,
607 3447 649 3525 V,
675 3449 729 3525 10,
761 3448 795 3508 5:
831 3450 1023 3527 quantum
1057 3444 1374 3531 augebatur—,

212 3560 328 3620 tanto
351 3555 502 3620 maiore
525 3561 597 3633 cet,
620 3559 653 3618 et
675 3552 810 3633 XXXII,
835 3556 863 3633 5,
886 3556 916 3617 2.
962 3551 1084 3635 (1861.)

298 3662 376 3746 Cap.
401 3666 456 3743 36,
485 3666 504 3725 8
528 3660 583 3744 (de
605 3663 750 3746 quinque
773 3660 915 3727 tribunis
938 3661 1061 3745 plebis,
1091 3662 1158 3746 qui,
1188 3682 1208 3727 a
1229 3666 1372 3746 patrum

212 3771 364 3855 partibus
387 3776 528 3849 stantes,
556 3768 685 3854 legibus
708 3769 843 3834 Liciniis
866 3769 1146 3852 intercedebant):
1175 3775 1219 3834 ut
1240 3769 1372 3838 ferme

281 4045 335 4098 nis
357 4048 537 4112 ceperant;
563 4044 603 4097 sic
621 4043 695 4096 enim
715 4042 818 4097 dicitnr
835 4041 907 4109 (Liv.
927 4042 948 4111 I,
967 4045 1008 4111 38,
1027 4041 1073 4111 IV,
1092 4043 1134 4111 56,
1152 4040 1188 4110 X,
1205 4043 1247 4111 39,
1264 4039 1374 4112 XXVI,

280 4133 322 4197 34,
345 4129 457 4197 XXXV,
475 4132 517 4197 40,
535 4129 675 4196 XXXVII,
695 4130 736 4196 57,
755 4128 813 4196 XL,
832 4131 874 4197 29,
893 4128 965 4197 XLI,
987 4132 1026 4198 13,
1044 4128 1129 4196 XLV,
1147 4130 1181 4183 43
1199 4130 1227 4182 et
1244 4129 1288 4196 44,
1307 4126 1370 4184 Cio.

280 4232 332 4284 pro
350 4215 435 4269 domo
453 4216 496 4282 49,
524 4215 593 4283 128),
617 4232 785 4284 quamquam
808 4214 893 4268 otiam
912 4232 996 4285 ager
1014 4217 1052 4270 ab
1071 4213 1272 4269 Antiatibus
1290 4230 1374 4285 oap-

280 4305 334 4355 tus
354 4306 437 4355 etex
456 4299 660 4355 Tiburtibus
677 4301 824 4370 reperitur.
