2994 5108
218 475 282 530 Lib.
299 473 382 528 XLV.
767 461 828 520 7⁶24

219 648 305 730 (cod.
338 645 597 731 prohibitio)
630 651 830 729 praestare
863 642 1027 708 fuimus.
1072 641 1260 708 Barbarum
1282 666 1372 728 pro·

133 765 204 834 (odai
222 755 350 821 hibiti
373 754 525 820 fuimus
548 774 609 838 pro
631 752 741 838 proh.
767 773 920 833 sumus;
950 750 1079 816 accedit
1107 752 1239 835 ineptus
1263 753 1373 819 verbo-

217 886 292 929 rum
325 863 406 929 ordo
440 862 529 947 (prot
563 869 760 945 praestare
794 859 903 944 proh.
938 860 988 941 s).
1035 859 1254 926 scribendum
1286 883 1372 927 esse:

217 979 423 1057 praestare
450 971 718 1055 nequivimus,
750 969 819 1033 dixi
842 966 962 1052 Opuso.
985 967 1018 1032 11
1040 991 1071 1052 p.
1095 972 1154 1032 221
1189 970 1238 1045 (et
1260 971 1374 1038 adseu-

219 1101 275 1147 sus
309 1087 361 1145 est
394 1078 605 1162 Kreyssigius
634 1078 754 1143 Annot.
784 1100 815 1160 p.
842 1076 927 1157 110).
971 1077 1088 1156 Miror,
1124 1098 1184 1142 cur
1211 1079 1374 1145 Weissen-

218 1189 355 1254 boruius
380 1186 484 1252 multo
516 1186 647 1269 lougius
682 1206 702 1251 s
736 1184 847 1251 codice
877 1184 1045 1250 discedere
1078 1186 1235 1252 maluerit
1264 1187 1374 1272 (prm-

218 1303 329 1362 stare
359 1317 438 1360 nou
467 1292 700 1379 potuimus).
744 1294 915 1360 Librarius
938 1293 993 1358 hic
1017 1315 1103 1378 saepe
1125 1296 1160 1359 iu
1181 1296 1291 1361 verbis
1314 1318 1374 1362 ne-

218 1404 334 1489 quivi
368 1409 402 1468 et
435 1403 578 1486 quievi
607 1401 722 1485 lapsus
753 1411 818 1482 est;
852 1401 907 1467 bic
934 1423 982 1467 ne
1012 1402 1134 1468 excidit
1168 1406 1375 1487 precedente

184 1557 188 1564 ,
217 1534 268 1578 re.
313 1511 403 1590 (Alia
424 1510 522 1575 buius
546 1508 657 1575 mendi
681 1509 831 1594 exempla
853 1509 1005 1594 colligam
1027 1510 1114 1577 iufra
1135 1513 1178 1578 ad
1202 1533 1231 1577 c.
1257 1517 1308 1592 37,
1331 1514 1373 1594 2.)

217 1619 309 1685 Infra
331 1617 348 1701 ἐ
373 1623 412 1682 16
436 1639 502 1683 uon
523 1619 721 1683 inaniora
742 1619 914 1700 ingenia
937 1641 957 1684 a
978 1619 1070 1685 Livio
1093 1620 1263 1704 appellata
1284 1630 1375 1706 puto,

217 1728 276 1795 sed
298 1728 487 1805 vaniora,
512 1726 601 1809 quod
623 1726 823 1792 vocabulum
845 1727 888 1791 ad
912 1727 1101 1811 superbiam
1124 1738 1159 1793 et
1180 1731 1374 1795 iactantiam

219 1835 468 1920 significandam
490 1835 602 1918 aptius
625 1833 721 1915 est.¹)

305 1943 384 2026 Cap.
421 1947 471 2022 24,
507 1946 526 2005 2
561 1949 594 2008 et
629 1947 647 2007 3
682 1942 730 2023 (iu
764 1943 881 2008 eadem
915 1943 1094 2025 oratioue):
1129 1945 1374 2013 Voluntatis

217 2059 374 2118 nostrae
397 2053 538 2116 taeitae
560 2050 676 2116 velut
699 2051 819 2116 litem
852 2053 1048 2117 aestimari
1077 2055 1232 2119 vestris
1265 2055 1376 2120 inter

217 2159 580 2240 vossermonibus
614 2159 752 2240 audio,
782 2159 819 2224 P.
843 2159 879 2225 C.
901 2161 1074 2226 Favisse
1107 2183 1181 2226 nos
1215 2165 1304 2246 regi
1337 2172 1376 2229 et

216 2269 338 2335 illum
360 2269 525 2334 vincere
548 2267 760 2349 maluisse3
796 2268 887 2335 ideo
921 2268 1032 2334 bello
1060 2271 1376 2354 persequendos

218 2399 307 2443 esse
342 2375 526 2441 credunt.
571 2374 655 2440 Alii
686 2385 868 2441 vestrum
895 2378 1081 2443 voluisse
1115 2379 1278 2460 quidem
1305 2402 1375 2446 nos

217 2484 310 2561 hoc,
343 2505 421 2549 nou
454 2490 591 2548 tamen
626 2485 675 2549 ob
708 2485 748 2549 id
781 2485 893 2551 bello
926 2487 1246 2570 persequendos
1276 2510 1374 2555 esse.

216 2593 323 2659 Nimis
347 2593 428 2657 dure
452 2612 472 2656 a
493 2594 648 2657 vestris
682 2594 943 2658 sermonibus
977 2595 1141 2660 transitur
1168 2595 1212 2659 ad
1242 2599 1376 2663 tert-iam

217 2722 393 2786 personam
420 2701 454 2763 iu
488 2700 673 2780 credunt3
696 2721 757 2764 nec
784 2709 873 2766 recte
902 2702 980 2767 huic
1006 2702 1133 2767 infinite
1156 2705 1268 2786 posito
1293 2706 1377 2786 (siue

218 2811 300 2875 certi
334 2809 474 2873 subiecti
507 2808 692 2890 notatione)
727 2809 901 2873 subiicitur
931 2813 1089 2876 contrarii
1118 2815 1248 2894 generis
1278 2816 1378 2898 signi-

216 2918 327 2984 ficatio
351 2917 463 2998 (alii).
500 2915 715 2981 Scribendum
735 2927 799 2981 est:
823 2917 989 2983 Favisse
1007 2940 1077 2984 nos
1101 2923 1188 3003 regi
1206 2955 1259 2993 -,
1286 2924 1377 2988 ideo

216 3027 327 3094 bello
367 3025 677 3108 persequendos
719 3046 808 3090 esse
849 3027 1031 3092 credunt
1069 3029 1143 3093 alii
1177 3039 1378 3113 vestrum,

217 3137 304 3215 clii,
348 3134 534 3199 voluisse
579 3133 740 3214 quidem
780 3156 849 3198 uos
893 3135 983 3215 hoc,
1019 3147 1265 3202 nontamen
1315 3150 1377 3206 cet.

216 3243 417 3328 [Heusinger
449 3242 529 3304 iam:
565 3240 655 3319 alii,
690 3240 763 3305 alii
798 3241 1005 3325 vestrum]
1051 3244 1133 3309 Tum
1156 3268 1217 3329 pro
1247 3248 1379 3314 vellet

241 3486 265 3548 ¹j
283 3484 325 3537 De
345 3485 396 3552 §4
424 3502 501 3541 recte
521 3488 681 3543 Gronovius
709 3490 849 3543 iudicarit.
885 3489 932 3546 Ne
951 3510 1001 3560 pro
1030 3493 1152 3547 nedum
1172 3497 1270 3565 aliquo
1291 3501 1379 3554 modo

283 3571 313 3623 ia
331 3574 473 3626 sententia
487 3582 613 3627 extremo
632 3576 695 3628 loco
715 3576 825 3630 adiecta
843 3578 911 3644 poni
929 3584 1032 3646 potest,
1051 3586 1084 3632 ut
1101 3582 1175 3649 apud
1189 3582 1307 3638 Livium
1327 3585 1379 3651 III,

283 3657 325 3719 52,
353 3658 418 3709 θοι
445 3660 519 3727 apud
539 3659 701 3715 Ciceronem
728 3678 778 3729 pro
805 3662 889 3716 domo
914 3666 956 3729 55,
985 3666 1043 3731 139,
1073 3665 1102 3718 in
1129 3666 1319 3736 interposita,
1348 3681 1381 3725 ut

283 3740 310 3792 h.
329 3741 346 3793 l.
365 3742 421 3807 (ut,
440 3762 479 3797 ue
496 3746 550 3812 -),
569 3747 645 3800 nullo
671 3746 770 3812 modo,
798 3765 849 3800 nec
877 3749 1017 3803 sementia
1041 3756 1120 3803 recte
1142 3750 1274 3806 efficitur.
1314 3756 1379 3811 Duo

283 3825 339 3880 dici
357 3838 499 3897 poterant,
529 3840 591 3884 aut:
621 3838 658 3886 ut
685 3833 724 3884 ab
743 3841 868 3886 neutra
894 3843 994 3901 parte
1021 3837 1172 3904 gratiam
1192 3839 1379 3907 iniremus,

283 3910 409 3965 nedum
438 3915 478 3967 ab
506 3923 667 3985 utraque,
696 3922 753 3984 aui,
783 3917 858 3985 quod
880 3917 976 3972 Livius
1005 3919 1087 3973 dixit:
1115 3927 1151 3973 ut
1177 3923 1219 3976 ab
1247 3934 1381 3982 neutra

282 4003 381 4063 parte
408 4017 454 4067 gr.
482 4000 535 4066 iu,
564 4003 602 4055 ab
631 4002 740 4055 altere
767 4003 874 4055 etiam
900 4031 933 4041 -
960 4006 1151 4073 periculum
1177 4019 1286 4063 esset.
1327 4011 1381 4080 §8

283 4081 529 4139 Weissenboruius
549 4088 718 4139 seutentiam
737 4088 872 4156 eorrupit,
901 4088 994 4143 delebo
1014 4091 1217 4160 aliquando,
1243 4097 1293 4149 cui
1313 4115 1381 4152 con·

282 4170 399 4220 erarium
419 4177 462 4222 est
481 4187 626 4237 semper,
655 4171 790 4241 deceptus
813 4172 1024 4244 aKreyssigi03
1051 4176 1080 4230 iu
1099 4177 1197 4232 codice
1217 4180 1257 4234 sic
1279 4185 1380 4237 scribi·

282 4257 342 4304 tur:
362 4264 394 4306 et
412 4255 588 4321 improbos
607 4256 699 4310 cives
719 4269 753 4312 et
771 4259 961 4325 aliquando
980 4266 1013 4314 et
1030 4262 1199 4330 imperita
1216 4267 1380 4323 multitu·

283 4334 394 4390 dinem
413 4356 546 4407 semper
564 4350 615 4394 oet.
