2994 5108
703 478 764 539 163
1182 491 1244 546 Lib.
1263 491 1309 548 Vi

152 659 303 743 solent,
336 663 405 746 qui
433 682 456 726 a
483 662 569 728 suis
598 661 855 744 desciscunt,
890 664 1003 747 capti
1031 668 1071 728 et
1094 668 1314 749 stupentes

149 770 294 852 animi,
328 769 502 837 vocibus
531 769 683 836 alienis
712 771 751 836 id
779 770 908 850 modo,
943 771 1049 855 quod
1078 771 1184 837 domi
1212 793 1313 857 prae-

150 883 315 964 ceptum
339 885 441 960 erat,
463 879 762 945 intercessioni
786 900 866 944 suae
889 880 1214 963 praetendebant.
1250 879 1313 957 Qui

148 993 323 1072 precepta
360 986 404 1053 ab
438 986 514 1053 aliis
547 992 708 1072 tanquam
742 988 869 1053 dictata
900 987 1094 1054 haesitantes
1128 988 1311 1072 proferunt,

148 1116 219 1162 non
247 1095 366 1161 alienis
393 1094 529 1161 vocibus
551 1096 747 1180 loquuntur,
781 1096 840 1162 sed
862 1097 930 1161 suis
952 1096 1106 1176 vocibus,
1141 1095 1313 1162 sententiis

151 1203 282 1269 alienis.
327 1203 367 1268 In
389 1203 527 1270 oedibus
551 1204 669 1269 deinde
688 1203 762 1283 (MP
780 1203 912 1286 Klock.)
937 1225 1003 1270 non
1025 1203 1194 1271 vocibus
1217 1204 1314 1270 alie-

148 1312 214 1378 nis
231 1311 398 1392 scribitur,
421 1312 481 1378 aed
496 1311 724 1379 vocalienis
741 1311 799 1394 (Ll
818 1320 890 1378 voc
916 1313 1083 1394 alienis,
1108 1313 1148 1377 de
1171 1313 1263 1378 Harl.
1285 1319 1312 1393 1,

148 1426 303 1503 tacetur3
344 1420 403 1486 sed
434 1442 477 1486 ne
510 1420 551 1487 de
584 1420 763 1506 archetypo
798 1420 983 1501 dubitetur,
1016 1421 1179 1487 accedunt
1211 1423 1313 1487 etiam

159 1528 366 1595 deteriorum
388 1528 528 1609 indicia,
562 1550 700 1595 vocum
723 1529 873 1594 alienis
896 1529 991 1595 Voss.
1023 1537 1056 1611 1,
1084 1529 1147 1610 La,
1179 1530 1255 1595 Lov.
1288 1535 1314 1611 l,

150 1657 290 1706 vocem
320 1636 468 1702 alienis
491 1636 585 1703 Voss.
609 1640 643 1717 2,
672 1637 750 1704 Lov.
775 1641 803 1718 3,
830 1637 869 1702 fr.
893 1638 1030 1703 Harerc.
1053 1660 1139 1703 man.
1166 1637 1206 1720 l).
1261 1637 1311 1702 Ne

150 1750 327 1831 stupens
366 1745 489 1811 animi
528 1745 661 1828 quidem
700 1745 907 1811 dubitatione
947 1753 1055 1828 caret3
1094 1767 1172 1810 nam
1204 1767 1310 1830 neque

149 1851 269 1920 Cicero
292 1852 526 1937 nequeLivius
543 1874 650 1937 neque
668 1854 844 1938 quisquam
862 1855 1009 1920 eiusdem
1032 1855 1140 1920 aetatis
1159 1855 1193 1918 in
1210 1875 1311 1937 prosa

149 1963 304 2028 oratione
322 1960 424 2047 (apud
437 1961 625 2026 Lucretium
648 1967 699 2027 est
721 1962 842 2027 animi
865 1961 993 2045 fallit)
1016 1964 1200 2046 genetivum
1217 1960 1311 2026 illum

149 2069 263 2136 verbis
285 2071 439 2136 adiunxit
460 2070 525 2135 nisi
546 2070 603 2151 iis,
633 2091 707 2153 quae
735 2070 977 2137 dubitationem
1000 2077 1034 2136 et
1055 2070 1311 2136 sollicitudinem

152 2177 354 2262 significant.
398 2178 556 2244 Meudum
577 2179 679 2262 igitur
700 2179 824 2260 subest,
847 2180 935 2261 quod
959 2180 1006 2244 sic
1028 2180 1109 2243 mihi
1130 2178 1311 2244 tollendum

148 2285 297 2368 ridetur,
337 2291 376 2351 ut
409 2287 590 2352 scribatur:
630 2289 741 2370 capti
776 2293 816 2352 et
850 2294 1081 2371 stupentes,
1121 2286 1259 2349 animis
1293 2304 1311 2346 a

149 2414 243 2459 roe-o
265 2393 427 2476 allonis,
455 2394 496 2460 id
517 2394 631 2460 modo
654 2402 716 2461 cet.
770 2396 863 2480 Ipsos
887 2397 1015 2462 animos
1038 2417 1059 2460 a
1080 2395 1203 2474 verbis,
1237 2415 1310 2479 quae

149 2509 321 2589 praecepta
349 2504 440 2570 domi
467 2509 575 2584 erant,
610 2503 803 2569 dissensisse
827 2504 938 2569 Livius
963 2503 1135 2588 significat.
1193 2501 1310 2586 [Video

149 2633 245 2692 esse,
279 2613 336 2696 qui
369 2613 549 2696 coniungat
581 2611 745 2677 vocibus
778 2613 902 2677 animi
935 2612 1083 2677 alienis
1117 2616 1151 2676 et
1179 2616 1312 2676 enarret

149 2721 413 2806 expertibus,
447 2741 517 2804 ego,
548 2720 628 2805 quid
656 2721 699 2785 sit
730 2741 803 2785 vox
832 2721 954 2785 animi
984 2741 1144 2805 expers,
1183 2718 1311 2799 nescio;

151 2827 305 2895 ordinem
334 2809 508 2894 verborum
536 2850 603 2894 non
630 2829 737 2893 minus
761 2828 893 2893 obstare
916 2848 1014 2911 quam
1036 2849 1133 2893 usum
1156 2828 1309 2892 adiectiri

149 2937 320 3003 alienus
342 2936 514 3002 Livianum
537 2934 666 3019 scio.]¹)

239 3043 319 3131 Gap.
342 3049 393 3126 40,
418 3049 457 3109 12
480 3051 514 3110 et
539 3049 577 3109 13
600 3043 647 3126 (in
670 3046 819 3111 oratione
841 3045 924 3129 App.
948 3043 1078 3109 Claudii
1102 3041 1212 3108 Crassi
1235 3064 1310 3108 con-

148 3160 206 3220 tra
238 3153 392 3220 tribunos
425 3158 459 3218 et
490 3153 680 3235 rogationes
713 3152 872 3235 Licinias)
905 3174 1088 3237 pronomen
1121 3150 1240 3231 illud,
1273 3155 1311 3215 ut

148 3283 240 3328 nunc
272 3261 379 3327 oratio
412 3261 669 3345 interpungitur,
704 3269 738 3328 et
765 3263 873 3347 ipsum
900 3263 1058 3326 vitiosum
1086 3259 1160 3344 (pro
1190 3259 1242 3342 id)
1272 3265 1305 3324 et
1322 3268 1394 3341 (137)

149 3368 228 3437 loco
251 3390 354 3455 pravo
376 3371 523 3455 positum
545 3367 593 3452 (in
615 3369 678 3436 fine
700 3370 982 3453 interrogationis,
1006 3369 1063 3433 ubi
1086 3375 1157 3433 tum
1181 3369 1310 3434 demum

180 3589 205 3657 ¹)
224 3588 343 3658 caper,
357 3591 383 3658 6,
401 3590 450 3645 ubi
468 3590 579 3646 codices
596 3590 713 3647 habent:
733 3590 791 3660 qui
809 3589 994 3646 crederent
1012 3589 1199 3659 duobusne,
1218 3589 1310 3644 editur

223 3679 317 3729 autem
339 3676 578 3732 arecentioribus
601 3676 747 3746 (Bekkero,
770 3675 942 3745 Kreyssigio,
963 3676 1072 3743 Weiss,
1090 3676 1229 3743 Hertzio):
1252 3675 1311 3743 qui

221 3761 416 3829 crederent,
435 3761 570 3816 duobus
587 3779 685 3830 nnnc,
704 3761 883 3817 scribendum
903 3768 963 3816 erat
981 3779 1043 3816 cnm
1060 3763 1207 3817 Doniatio:
1231 3759 1310 3823 buti

221 3846 426 3902 crederent?
455 3847 631 3905 duobusne
652 3875 686 3886 —
708 3847 958 3916 impertituros
975 3849 1044 3917 -t,
1072 3848 1126 3903 hoc
1149 3853 1205 3902 est:
1237 3845 1310 3914 Quid

221 3931 356 3988 creditis?
387 3933 535 3989 duobusne
560 3960 596 3971 -
621 3932 837 4003 impertituros?
874 3932 972 4003 Neque
1004 3934 1078 3988 enim
1105 3934 1252 4003 quisquam
1279 3932 1310 3986 in

220 4017 382 4074 huiusmodi
417 4019 640 4090 interrogatione
675 4024 705 4074 et
738 4019 780 4072 rei
810 4019 983 4074 incredibilis
1015 4017 1221 4088 significatione
1252 4017 1309 4086 qui

222 4103 372 4172 adverbio,
394 4106 470 4174 quod
487 4107 603 4162 modum
621 4103 774 4175 significat,
796 4122 863 4159 naus
881 4110 924 4159 est
942 4104 1013 4173 (Qui
1036 4105 1199 4171 creditis,
1224 4103 1307 4158 duo·

221 4190 283 4245 bus
299 4207 390 4246 nuno
407 4190 460 4261 -).
500 4191 618 4246 Duobus
636 4190 728 4245 modis
747 4190 863 4258 dieitur,
885 4193 946 4244 aut:
968 4191 1020 4245 An
1042 4191 1201 4259 creditis,
1224 4190 1307 4244 duo·

220 4275 330 4332 busin
346 4275 496 4332 locis—t
506 4278 548 4345 (ut
562 4277 731 4344 adiungatur
739 4277 925 4344 interrogatio
935 4276 1134 4346 superioribus)
1144 4281 1205 4331 aut:
1224 4273 1310 4344 Quid

220 4361 389 4418 creditis?
408 4361 588 4419 duobusne
605 4362 640 4417 in
657 4362 746 4416 locis
762 4361 820 4416 —t
1088 4436 1089 4440 ἵ

1029 4464 1077 4518 11*
