2994 5108
237 501 300 557 Lib.
319 501 368 556 III.
787 490 848 551 100

237 674 340 755 deri;
364 694 464 757 quum
487 694 505 734 0
528 672 753 738 intercidisset
775 671 817 739 ob
839 672 1079 758 precedentem
1101 671 1257 752 vocalem,
1279 677 1399 739 natum

237 783 458 866 potuerint.
490 779 575 864 [Iam
591 781 770 864 Deeringio
793 781 827 845 15
844 787 989 847 mentem
1005 787 1150 861 venerat,
1173 779 1317 847 fortasse
1334 778 1399 846 de·

238 890 406 956 5555155
429 889 529 955 scribi
553 887 695 972 debere]
745 888 819 954 Dici
842 895 954 955 autem
977 895 1140 974 oportet
1161 888 1202 955 de
1225 909 1274 969 ea,
1296 908 1400 972 quam

237 997 378 1082 logicam
406 997 626 1083 appellamus,
659 998 875 1077 necessitate,
909 1003 1057 1078 constat,
1091 998 1153 1063 etsi
1181 996 1335 1082 exempla
1363 997 1401 1062 in

237 1107 352 1171 lexicis
392 1127 465 1170 cum
506 1105 591 1170 alius
629 1106 759 1189 generis
792 1104 873 1171 locis
908 1103 1166 1188 confunduntur,
1206 1105 1242 1170 in
1274 1103 1401 1190 quibus

239 1213 457 1298 significatur,
486 1213 567 1298 quid
589 1214 788 1298 requiratur.
840 1211 905 1279 Sed
927 1213 1001 1292 illa,
1031 1234 1130 1296 quam
1153 1211 1243 1295 dico,
1273 1211 1401 1297 signifi·

239 1323 341 1402 catio,
369 1328 489 1406 praeter
516 1320 627 1387 Plauti
656 1322 753 1387 Poen.
782 1321 825 1400 V,
869 1325 903 1401 2,
941 1326 982 1386 70
1017 1328 1050 1386 55
1078 1319 1157 1387 Cist.
1187 1320 1247 1401 IV,
1284 1324 1321 1401 2,
1357 1326 1397 1387 51

239 1439 272 1495 55
294 1430 425 1496 Lueret.
448 1429 481 1508 Ι,
510 1434 588 1510 778,
618 1437 669 1495 551
697 1430 797 1495 otiam
825 1428 913 1514 apud
936 1426 1126 1495 Ciceronem
1156 1429 1195 1494 de
1218 1428 1345 1494 Invent.
1370 1427 1397 1509 1,

238 1544 279 1604 47
297 1547 331 1604 55
348 1542 399 1618 84,
417 1536 509 1603 Verr.
523 1538 559 1617 V,
581 1542 633 1618 71,
653 1537 696 1602 ad
707 1538 775 1602 Att.
789 1537 859 1619 VH,
879 1542 928 1617 17,
953 1541 982 1618 2,
995 1537 1083 1618 XIII,
1097 1543 1125 1618 6,
1139 1543 1167 1618 3,
1179 1535 1271 1621 apud
1290 1536 1399 1603 Hora·

239 1649 321 1713 tium
346 1646 414 1712 Sat.
439 1645 480 1724 11,
511 1650 545 1724 6,Ι
570 1650 620 1725 52,
649 1647 738 1730 apud
759 1645 903 1711 Plinium
925 1646 1044 1730 Paneg.
1069 1650 1097 1710 5.
1147 1644 1276 1710 Eodem
1298 1642 1399 1710 modo

238 1755 360 1820 dicitur
389 1754 534 1819 debere
562 1775 629 1818 555
656 1753 762 1819 solum
785 1753 874 1838 apud
896 1753 1085 1819 Lucretium
1107 1753 1225 1837 saepius
1249 1751 1294 1835 (I,
1323 1755 1400 1833 232,
1434 1772 1438 1778 ·

238 1866 312 1941 290,
342 1866 413 1942 545,
443 1861 501 1942 ΠΙ,
531 1865 602 1942 758,
630 1861 684 1941 IV,
714 1861 800 1943 652),
824 1862 1004 1927 sedetiam
1028 1860 1117 1945 apud
1141 1858 1333 1926 Ciceronem
1358 1859 1401 1926 de

238 1972 315 2054 imp.
328 1970 439 2055 Pomp.
453 1974 493 2034 28
518 1977 551 2036 55
573 1970 721 2053 apertius
733 1968 825 2035 Verr.
840 1969 899 2050 III,
917 1973 956 2034 39
976 1975 1010 2034 et
1021 1968 1076 2048 IV,
1100 1974 1151 2048 65,
1174 1989 1235 2052 pro
1246 1967 1332 2033 Mur.
1345 1970 1401 2048 20,

239 2099 300 2163 555
329 2077 398 2142 Μ11.
424 2083 479 2156 51,
508 2077 659 2157 15551,
689 2081 744 2157 06,
778 2077 898 2142 Parad.
923 2082 978 2157 22,
1008 2076 1097 2161 apud
1124 2076 1269 2141 Plinium
1290 2075 1401 2162 Epist

240 2185 310 2265 VII,
335 2190 385 2267 20,
411 2190 439 2265 6,
464 2185 550 2266 VIII,
581 2190 609 2265 6,
637 2184 700 2266 1.¹)
751 2185 906 2249 Mendum
929 2184 1024 2263 idem,
1056 2182 1144 2268 quod
1165 2183 1243 2249 hinc
1267 2184 1402 2267 sustuli,

240 2294 363 2359 insidet
384 2296 417 2357 in
442 2291 609 2359 Ciceronis
633 2300 715 2359 orat.
739 2314 799 2378 pro
823 2293 910 2359 dom.
935 2297 963 2372 5,
993 2297 1042 2372 11,
1073 2291 1132 2357 sed
1155 2291 1220 2357 alio
1244 2296 1403 2374 anctum;

240 2422 317 2467 nam
335 2422 395 2485 pro
414 2423 464 2480 eo,
483 2401 573 2486 quod
591 2400 716 2466 editur:
741 2406 855 2466 certe
880 2400 1068 2466 55555155
1092 2420 1252 2466 causam
1269 2401 1403 2466 susei-

241 2530 343 2594 pere,
368 2517 477 2574 certe
503 2515 672 2575 senatus
698 2508 859 2593 aliquid
884 2508 1054 2574 consilii
1076 2528 1223 2593 capere
1246 2508 1403 2593 potuit,

242 2616 451 2682 scribendum
486 2623 550 2680 est:
586 2622 701 2682 55555
736 2623 918 2682 senatum
953 2610 1112 2699 aliquid
1141 2615 1311 2681 consilii
1340 2636 1405 2682 ea·

241 2747 338 2809 pere
369 2726 566 2808 oportuit.
618 2723 679 2806 (De
703 2746 820 2808 quum
845 2761 884 2768 —
908 2724 1029 2790 simul
1051 2725 1085 2788 in
1107 2724 1170 2788 hoc
1192 2722 1265 2791 1555
1290 2724 1406 2809 posito

241 2833 335 2898 valde
358 2832 473 2898 dubito
498 2854 687 2917 vereorque,
712 2855 752 2897 55
776 2854 894 2914 quum
916 2853 937 2897 a
959 2832 1047 2897 mala
1069 2852 1168 2896 manu
1192 2829 1296 2913 sit.)¹)

328 2939 406 3025 Cap.
432 2944 487 3020 52,
517 2945 546 3019 2,
577 2941 635 3005 ubi
663 2943 697 3004 in
727 2939 895 3005 codicibus
918 2940 1014 3005 bonis
1038 2961 1199 3006 consensu
1223 2939 1401 3006 scribitur:

242 3052 503 3133 sciturosque
550 3050 635 3113 sine
681 3050 885 3113 restituta
932 3053 1141 3131 potestate
1182 3047 1320 3133 redigi
1361 3050 1402 3115 in

242 3157 501 3224 concordiam
524 3178 588 3221 res
612 3163 826 3240 nequeant,
849 3154 974 3221 frustra
992 3155 1145 3220 mendum
1164 3156 1404 3241 interpolando

242 3265 402 3331 occultari
426 3263 714 3348 (sciturosque,
738 3263 842 3348 quod
864 3262 1095 3348 nequeant),
1119 3262 1246 3347 pridem
1269 3266 1404 3333 ostendi

242 3372 362 3456 Opuso.
386 3371 486 3436 Acad.
511 3371 542 3435 II
573 3376 699 3455 5235.
742 3372 937 3437 Medicinam
965 3392 1030 3437 555
1053 3371 1270 3455 reperiebam.
1312 3372 1401 3440 Eam

241 3480 483 3563 Bezzenberger
512 3477 628 3544 afferre
659 3487 797 3545 conatus
828 3484 892 3561 est,
927 3480 984 3563 qui
1012 3479 1197 3544 tribuniciae
1220 3483 1404 3565 potestatis

242 3586 530 3671 significationem,
561 3609 633 3669 555
661 3586 776 3654 abesse
811 3588 980 3673 nequiret,
1007 3588 1041 3650 in
1063 3588 1303 3672 interrogativa
1327 3611 1405 3657 ora-

244 3697 343 3761 tionis
367 3696 472 3760 sornra
495 3696 601 3760 inesse
625 3695 706 3760 vidit
728 3702 762 3760 et
785 3697 831 3761 sie
856 3696 953 3760 simul
976 3695 1151 3779 expedivit,
1180 3718 1248 3780 qua
1270 3699 1404 3764 ratione

271 3881 295 3946 ¹)
315 3880 435 3949 [Eodem
453 3881 537 3935 modo
557 3881 656 3936 Graeoe
674 3882 791 3950 ponitur
809 3890 845 3934 35
860 3881 966 3951 (115515.
985 3881 1044 3935 155.
1065 3883 1124 3948 291,
1142 3881 1329 3939 Demosthen.
1340 3883 1404 3955 XX,

310 3966 364 4033 84),
392 3983 450 4020 non
472 3967 563 4021 solum
585 3978 670 4034 51555.
716 3967 834 4021 Paulum
851 3967 1021 4034 Manutium,
1049 3968 1141 4020 virum
1165 3969 1326 4038 egregium,
1354 3973 1405 4041 qni

310 4053 413 4106 abusus
432 4069 488 4105 uno
508 4052 644 4107 55515555
663 4052 735 4118 loeo,
754 4053 802 4106 ubi
820 4069 922 4122 55555
941 4057 985 4106 555
1002 4053 1118 4120 115555,
1136 4069 1195 4123 555
1208 4053 1308 4124 leges
1322 4055 1405 4114 11551

310 4155 421 4206 posse,
456 4138 540 4191 etiam
566 4156 619 4206 555
649 4143 810 4207 55555555
838 4137 895 4192 (1151
920 4154 1004 4207 55555
1030 4138 1130 4192 statuit
1158 4136 1206 4206 (ad
1233 4138 1289 4196 Cic.
1318 4142 1404 4213 epist

311 4222 347 4275 ad
365 4223 423 4274 Art.
443 4222 478 4287 II,
496 4225 520 4287 3,
542 4227 553 4274 1
574 4229 602 4274 55
619 4222 667 4288 ΙΠ,
689 4224 727 4288 15,
746 4221 781 4287 4),
800 4241 857 4276 555
874 4227 944 4292 puto
963 4222 1260 4294 55555515115511555]

268 4306 378 4375 ’1)055.
399 4309 439 4369 51,
465 4309 564 4376 12555
588 4306 629 4359 Et
652 4307 782 4361 leniter
805 4313 854 4362 aut
872 4308 1050 4362 scribendum
1069 4307 1135 4364 Sed
1156 4310 1293 4366 leniter
1311 4311 1405 4382 (1861)

311 4397 362 4447 aut
379 4398 490 4447 tautum
507 4393 644 4449 leniter.
