2994 5108
223 495 285 550 Lib.
304 494 431 549 uxxnu
768 489 831 552 490

223 667 356 745 viciuos,
380 666 437 731 sed
460 675 571 732 tamen
593 673 691 738 terris
715 671 960 738 continentibus
984 671 1071 753 (cum
1094 668 1265 748 Romanis)
1288 669 1377 734 iuno·

224 780 275 839 tos
299 773 355 853 (-
377 773 508 840 dativus
531 779 618 842 enim
641 786 691 845 est
713 780 869 845 iunctis
890 780 962 860 -);
987 779 1126 845 Romani
1148 777 1280 860 longius
1302 797 1377 860 pro·

134 896 209 965 (391)
228 883 333 966 gressi
377 882 476 947 etiam
515 888 597 949 mari
636 889 797 971 separatis
836 889 871 953 id
910 886 1105 952 beneficium
1143 886 1377 969 praestiterant.

224 991 421 1056 Hominibus
445 994 612 1058 autemid
635 1002 822 1078 praestatur,
845 1016 911 1061 non
935 993 1038 1078 (apud
1054 994 1172 1059 Latius
1189 990 1378 1074 loquentes)

223 1099 336 1176 terris,
371 1099 458 1180 quod
492 1101 525 1164 in
561 1102 695 1185 vulgata
729 1105 896 1188 scriptura
927 1103 981 1186 (ex
1009 1102 1087 1167 edit.
1110 1099 1211 1183 Meg.)
1241 1099 1377 1164 dicitur:

223 1207 355 1270 terris
384 1210 619 1273 continenti
648 1212 809 1277 iunctis.
866 1211 981 1294 Neque
1011 1210 1097 1276 enim
1126 1207 1215 1290 apud
1243 1206 1379 1271 Latinos

223 1323 292 1380 tam
315 1315 418 1380 libere
441 1337 540 1398 quam
563 1317 650 1400 apud
672 1340 733 1383 uos
756 1326 853 1384 terrae
876 1339 936 1403 pro
958 1317 1089 1402 populis
1113 1312 1357 1394 dicebantur.¹)

310 1421 388 1505 Cap.
413 1426 467 1503 34,
498 1427 515 1487 3
539 1423 587 1505 (in
610 1425 859 1492 condicionibus
882 1447 902 1491 a
925 1426 961 1490 T.
986 1424 1138 1503 Quinctio
1163 1422 1262 1487 dictis
1284 1421 1379 1485 Anti·

223 1530 298 1595 cohi
319 1531 407 1612 regis
430 1531 577 1613 legatis):
614 1533 845 1599 abstineret
867 1531 1077 1615 (Antiochus)
1100 1530 1249 1595 liberis
1278 1529 1380 1594 civi·

223 1638 384 1703 tatibus
408 1658 453 1702 ne
476 1660 661 1723 umquam
683 1637 910 1707 lacesseret
933 1640 1067 1705 armis.
1106 1636 1304 1718 SicB(uam
1328 1636 1379 1701 ed.

222 1744 308 1828 Meg.
333 1745 437 1811 multa
458 1745 511 1809 hic
534 1747 635 1812 verba
658 1748 804 1828 omittit),
829 1770 869 1813 ex
891 1769 956 1832 qno
974 1745 1144 1812 Beldrerus
1166 1743 1254 1824 fecit,
1277 1743 1380 1827 gemi-

222 1860 303 1918 nata
325 1853 454 1918 littera:
487 1874 561 1919 neu
584 1876 777 1937 umquam,
794 1855 900 1940 idque
922 1854 1131 1938 Kreyssigius
1154 1859 1189 1917 et
1209 1851 1381 1916 Weissen-

222 1961 358 2025 bornius
387 1967 572 2026 tenuerunt.
630 1962 693 2028 Sed
723 1985 909 2046 umquam
932 1963 975 2027 ab
998 1962 1060 2026 hac
1082 1959 1188 2025 forma
1211 1958 1381 2024 condicio·

222 2091 299 2133 num
333 2068 652 2151 praescribendarunr
683 2072 716 2135 in
744 2069 887 2136 vetando
915 2090 979 2134 non
1007 2070 1115 2133 nunus
1143 2067 1288 2131 alienum
1318 2072 1380 2143 est,

223 2198 322 2260 quam
353 2177 380 2239 si
408 2177 442 2240 in
471 2178 637 2241 contrario
665 2177 800 2243 iubendi
829 2197 949 2259 genere
978 2175 1083 2242 addes
1108 2193 1269 2257 semper
1293 2172 1380 2254 (ab-

222 2284 423 2364 stineret).
486 2283 699 2350 Detrahenda
732 2291 806 2350 erat
838 2284 951 2350 littera
984 2283 1048 2363 (ιι),
1081 2289 1119 2347 ut
1153 2280 1262 2346 fieret:
1303 2301 1382 2345 neu

223 2413 337 2474 quam
364 2391 604 2455 lacesseret.
649 2392 804 2475 Polybius
828 2391 967 2474 (XVIII,
998 2393 1038 2454 30
1061 2391 1162 2467 init.):
1199 2396 1308 2450 πόλεων
1329 2397 1381 2467 μέν

221 2509 276 2562 τῶν
304 2504 460 2579 αὐτονόμων
488 2504 647 2576 ἀπέχεσθαι
675 2505 720 2562 καὶ
748 2506 848 2578 μηδένα
879 2499 954 2579 (scr.
980 2518 1052 2562 cum
1082 2495 1215 2561 Reiskio
1243 2493 1380 2575 μηδεμιᾷ)

222 2617 358 2687 πολεμεῖν.
411 2606 514 2670 Paulo
537 2605 623 2671 infra
646 2606 677 2688 (ἕ
701 2606 748 2686 5),
779 2606 836 2671 nbi
859 2607 969 2689 agItur
992 2605 1032 2668 de
1056 2608 1218 2668 conventu
1242 2602 1382 2668 Graecire

221 2716 366 2797 gentium
391 2715 634 2794 civitatumque,
664 2714 773 2778 editur
795 2734 881 2777 nunc
905 2734 922 2777 e
946 2713 987 2776 B:
1023 2731 1150 2793 eoque
1174 2711 1381 2774 maturius

221 2821 514 2905 peragebatur,
550 2821 653 2901 quod
683 2821 852 2885 decreto
876 2819 1009 2884 decem
1032 2820 1259 2900 legatorum
1284 2818 1381 2881 civi·

220 2935 329 2992 tates
350 2928 592 2991 nominatim
616 2927 1010 3009 pronuntiabantur3
1034 2932 1133 2989 antea
1156 2944 1196 2988 ex
1219 2923 1270 2988 ed.
1291 2924 1380 3007 Meg.

220 3034 438 3098 retinebatur:
474 3033 638 3097 decreta
667 3034 696 3097 d.
721 3035 741 3097 l.
774 3035 970 3098 civitates
999 3054 1098 3096 nom.
1130 3034 1382 3115 pronuntia·

220 3142 328 3205 baut.
385 3141 448 3206 Sed
477 3128 559 3203 nihil
589 3147 640 3204 est
663 3142 861 3205 civitates
885 3141 1169 3223 pronuntiare,
1204 3146 1293 3202 esset
1318 3139 1382 3202 ali·

220 3248 315 3328 quid,
345 3250 371 3312 si
396 3248 587 3311 adderetur:
623 3268 707 3328 quae
736 3246 878 3311 liberae
908 3253 1060 3325 esseut,
1090 3266 1172 3327 quae
1196 3245 1295 3309 aliis
1319 3254 1382 3311 at-

219 3355 479 3419 tribueretur
512 3354 758 3418 darenturve
794 3363 852 3418 aut
888 3353 1049 3418 eiusmodi
1079 3352 1215 3435 aliquid.
1276 3353 1383 3418 Recte

221 3460 402 3538 CreveriuS,
425 3461 570 3525 nondum
594 3461 725 3540 cognita
748 3461 870 3524 codicis
894 3460 919 3523 B
944 3462 1119 3542 scriptura,
1143 3459 1276 3524 viderat
1299 3462 1382 3524 scri-

220 3567 361 3631 bendum
386 3590 471 3632 esse:
506 3568 612 3651 quod
641 3568 812 3630 decreta
840 3566 974 3631 decem
1003 3567 1233 3647 legatorum
1259 3566 1301 3628 ln
1325 3569 1383 3632 ci-

219 3677 373 3738 vitates
402 3675 641 3738 nominatim
665 3673 1050 3757 pronuntiabantur,
1102 3672 1383 3756 Praepositiouem

220 3782 328 3845 hausit
357 3781 543 3864 praecedens
571 3780 682 3844 littera
711 3800 738 3840 ιιι
768 3780 845 3859 (vid.
870 3780 913 3843 ad
936 3780 1062 3857 XXIII,
1094 3783 1129 3851 9,
1161 3783 1179 3842 2
1204 3787 1238 3843 et
1262 3780 1384 3857 XXIV,

220 3893 249 3966 7,
273 3892 292 3950 4
315 3911 345 3970 p.
370 3892 431 3950 274
454 3887 545 3967 not).
597 3887 668 3950 Hoc
691 3886 800 3950 Livius
824 3885 996 3968 significat,
1020 3887 1183 3951 maturius
1207 3897 1383 3970 peractum

221 4016 292 4058 esse
317 4000 524 4071 conventum,
559 3994 648 4076 quod
677 4015 741 4056 non
771 3993 954 4074 generatim
982 3993 1071 4074 leges
1095 4014 1115 4056 a
1138 3993 1259 4076 legatis
1284 3996 1384 4060 dictae

220 4103 295 4177 sint,
320 4100 359 4163 de
383 4100 503 4182 quibus
526 4107 643 4182 postea
665 4098 708 4162 ad
732 4100 931 4180 singularum
956 4101 1127 4164 civitatum
1151 4101 1384 4167 condicionem

220 4212 253 4268 et
281 4208 399 4269 merita
427 4205 712 4271 accommodandis
742 4206 999 4288 disceptaretur,
1034 4208 1093 4271 sed
1117 4211 1317 4274 nominatim
1342 4210 1383 4273 de

252 4403 276 4465 ¹)
296 4402 414 4456 Aberrat
435 4405 476 4457 W.
496 4406 580 4458 etiam
599 4406 627 4458 in
646 4406 737 4466 altera
753 4405 882 4460 editione.
