2994 5108
699 442 759 503 421
1129 453 1192 508 Lib.
1210 452 1309 507 XXIX.

153 633 284 693 tantum
312 628 346 692 in
367 627 583 693 formularum
607 627 807 692 carminibus
830 627 995 691 interdum
1017 628 1154 705 retinet,
1187 649 1254 690 non
1276 627 1310 690 in

153 735 338 814 narrando,
373 736 438 800 dici
468 743 579 800 tamen
607 757 681 800 cum
710 735 820 817 aliqua
848 736 958 818 speeie
987 742 1114 818 posset,
1149 735 1177 797 si
1204 733 1309 798 ullum

153 849 243 909 esset
269 845 443 926 vestigium
464 844 561 909 huius
584 844 674 909 verbi
698 844 786 927 apud
809 844 1011 926 antiquiores
1034 844 1081 907 sic
1104 844 1182 925 poni
1206 842 1311 921 soliti3

155 951 214 1017 sed
236 952 364 1018 nullum
387 960 446 1019 est.
490 952 602 1017 Livius
625 953 795 1036 scripsisse
818 952 948 1017 videtur
970 950 1187 1029 deiectum3
1210 971 1249 1014 ex
1272 970 1311 1014 eo

153 1059 290 1140 lactum,
319 1068 356 1126 ut
378 1061 566 1144 saepissime,
595 1060 809 1137 delectum,
838 1067 908 1124 tum
931 1060 1173 1143 delegatum.
1219 1057 1307 1138 (De-
1325 1065 1397 1133 (343)

154 1168 261 1252 legit
281 1190 342 1253 pro
365 1169 525 1234 deiecit
546 1167 572 1231 P
596 1174 630 1233 et
653 1169 754 1232 ceteri
777 1167 896 1248 XXIII,
920 1172 971 1243 47,
997 1166 1040 1248 6.)

242 1274 321 1362 Cap.
346 1283 402 1357 24,
431 1282 466 1341 4:
501 1275 726 1360 periculum
755 1281 857 1354 erat,
887 1296 932 1339 ne
960 1311 1002 1320 -
1026 1277 1147 1340 timor
1177 1276 1217 1339 in
1247 1296 1312 1339 ex·

155 1385 329 1450 ercitum
356 1386 576 1463 incideret,
611 1407 657 1449 ne
689 1384 808 1449 simul
838 1405 921 1448 cum
949 1405 1043 1466 rege
1073 1389 1112 1446 et
1141 1381 1312 1447 Cartha·

155 1492 414 1575 giniensibus
437 1491 547 1558 foret
569 1492 816 1557 bellandum.
856 1492 946 1557 Nove
967 1499 1000 1555 et
1018 1492 1175 1555 inusitate
1195 1492 1313 1554 timor

156 1600 195 1664 in
234 1599 412 1684 aliquem
450 1601 632 1665 incidere
673 1600 796 1664 dicitur
831 1599 941 1683 (quasi
975 1620 1053 1664 casu
1088 1597 1220 1663 aliunde
1255 1599 1312 1663 ad·

155 1707 320 1790 veniens),
355 1730 422 1791 qua
455 1708 586 1774 dicendi
621 1708 796 1772 insolentia
832 1728 896 1789 quo
927 1708 1033 1770 minus
1061 1706 1188 1770 Livium
1217 1727 1313 1769 usum

155 1822 325 1900 putemus,
359 1817 494 1881 obstant
523 1817 624 1881 etiam
653 1815 798 1894 codices,
832 1817 865 1879 in
889 1814 1008 1897 quibus
1032 1822 1097 1879 est:
1132 1815 1168 1878 in
1200 1835 1313 1878 exer·

157 1924 243 1989 citu
276 1923 502 1989 incederet.
559 1923 744 2007 Scripserat
772 1924 896 1987 Livius:
932 1924 970 1987 in
1000 1924 1182 1987 exercitu
1211 1923 1313 1986 insi·

158 2031 274 2097 deret
295 2031 378 2114 (sich
400 2030 600 2112 festsetzen).
646 2032 689 2096 Et
711 2033 744 2096 in
767 2031 792 2094 P
817 2032 905 2094 etin
930 2031 1003 2095 aliis
1027 2031 1170 2112 antiquis
1194 2030 1313 2096 codici-

155 2139 220 2205 bus
243 2160 303 2224 pro
326 2140 489 2205 insideo
513 2140 741 2221 similibusque
764 2160 850 2223 sape
874 2139 1030 2203 scribitur
1053 2139 1231 2203 insedeo.

244 2245 323 2331 Cap.
349 2252 405 2328 25,
435 2252 470 2312 3:
505 2247 648 2313 Caelius
676 2255 718 2312 ut
749 2248 937 2311 abstinet
966 2268 1143 2324 numero,
1177 2248 1236 2310 ita
1264 2246 1313 2311 ad

156 2356 394 2421 immensum
421 2356 704 2421 multitudinis
734 2356 911 2438 speciem
940 2362 1072 2437 auget.
1130 2354 1184 2418 Sic
1205 2355 1245 2435 P,
1274 2376 1314 2418 ex

156 2482 222 2545 quo
250 2463 382 2527 videtur
408 2463 593 2529 faciendum
622 2466 681 2528 ita
708 2464 747 2527 in
776 2463 1021 2541 immensum,
1051 2483 1116 2544 quo
1140 2463 1238 2527 modo
1260 2484 1313 2527 ve-

155 2576 244 2636 teres
274 2570 465 2654 loquuntur.
522 2571 652 2637 Omissa
686 2571 921 2655 praepositione
957 2577 1033 2634 ante
1067 2572 1131 2650 im,
1165 2571 1314 2635 additum

155 2678 289 2745 videtur
311 2679 368 2744 ad.

243 2785 322 2871 (lap.
348 2792 398 2866 26,
423 2791 451 2851 5.
503 2787 598 2864 Quod
621 2789 655 2850 in
678 2787 849 2852 codicibus
872 2787 1028 2852 scribitur
1051 2794 1084 2850 et
1106 2808 1126 2851 a
1148 2788 1312 2853 Weissen-

156 2894 275 2960 bornio
305 2896 488 2979 repositum
517 2903 567 2960 est
595 2916 655 2959 nec
682 2902 793 2960 tamen
822 2894 917 2959 valde
942 2894 1139 2959 defenditur:
1175 2894 1312 2979 Scipio

158 3002 236 3067 dux
265 3005 417 3086 partim
438 3003 562 3067 iactis
585 3002 778 3080 for-tibae,
809 3004 957 3084 partim
982 3009 1125 3086 suapte
1148 3002 1313 3068 fortune

157 3110 331 3193 quadam
360 3112 519 3194 ingenti
548 3109 595 3176 ad
624 3112 875 3175 incrementa
897 3110 1038 3194 gloriae
1062 3111 1312 3191 celebratus,

155 3216 279 3283 salsum
309 3239 381 3284 esse
412 3226 445 3283 et
472 3220 552 3284 ordo
582 3219 817 3284 adiectirorum
839 3217 926 3301 apud
948 3240 1049 3282 uuum
1072 3219 1313 3283 substantivum

156 3326 353 3409 (fortune)
376 3348 476 3411 prave
500 3327 739 3391 cumulatorum
757 3326 902 3391 ostendit
918 3333 951 3390 et
968 3327 1205 3408 magnitudinis
1223 3329 1313 3392 notio

154 3432 235 3499 hinc
268 3434 377 3499 aliena
409 3434 499 3516 (nam
533 3434 645 3499 facta
678 3435 810 3499 fortia
844 3441 876 3497 et
910 3456 980 3498 sua
1013 3432 1180 3499 fortuna
1208 3458 1313 3517 quae·

156 3542 245 3608 dam
278 3543 363 3608 inter
398 3565 433 3608 se
466 3542 666 3624 referuntur)
702 3550 735 3606 et
769 3544 1021 3607 incrementa
1048 3544 1188 3625 gloriae
1217 3546 1312 3610 ulmis

154 3650 244 3715 nude
278 3652 433 3734 positum.
489 3649 606 3735 Itaque
641 3652 828 3733 superiores
862 3651 1019 3715 edebant:
1053 3653 1235 3734 ingentis
1263 3652 1313 3717 ad

153 3759 413 3823 incrementa
442 3759 601 3841 gloriae,
634 3781 701 3823 non
730 3762 836 3823 minus
865 3781 966 3842 pravo
995 3759 1168 3823 verborum
1199 3760 1312 3824 ordine

153 3886 218 3931 nec
246 3864 406 3930 adiectivo
436 3867 482 3945 ei,
518 3867 570 3931 oui
593 3868 785 3950 oportebat,
821 3867 1025 3932 substant-iro
1050 3868 1311 3948 accommodat03

151 3993 233 4039 nam
261 3972 464 4039 incrementa
485 3973 597 4057 gloriae
619 3976 765 4057 ingentia
788 3983 960 4054 notantur,
989 3997 1054 4038 uon
1083 3976 1224 4057 ingentis
1247 3977 1313 4039 iam

150 4101 217 4167 per
239 4101 277 4145 se
297 4081 410 4164 gloria
433 4082 642 4146 incrementa.
677 4082 815 4147 Videtur
833 4084 943 4147 Livius
961 4083 1145 4166 scripsisse:
1170 4091 1312 4167 suapte

150 4189 329 4255 fortuna
367 4188 542 4271 quadam
583 4188 621 4251 ln
655 4191 843 4273 ingentia
882 4191 1133 4254 incrementa
1171 4191 1312 4272 gloriae

150 4295 397 4365 celebratus
420 4295 471 4377 (ut
494 4296 614 4361 dicitur
637 4299 676 4361 in
699 4300 932 4363 immensum
956 4304 989 4362 ct
1011 4297 1154 4379 similia).
1183 4298 1313 4363 Hausta
