2994 5108
703 467 753 529 13·

140 653 306 740 tatibus
334 653 649 732 immisceamur,
687 659 859 718 caveant
887 673 947 737 pro
970 661 1117 720 carent
1146 653 1220 735 (nec
1248 676 1299 719 re-

141 761 333 828 formidavit
355 760 581 826 Alschefskius
603 760 725 845 sequi),
758 761 808 825 111
825 767 950 827 ¹autem
979 766 1036 841 21,
1071 768 1091 827 6
1114 763 1299 847 peccatis

141 892 205 954 pro
235 878 403 955 peccate
433 877 570 955 propter
597 870 815 935 imitamini
846 870 932 935 male
962 871 1166 936 intellectum
1189 877 1222 935 et
1243 870 1298 949 IV,

141 982 195 1057 54,
214 982 232 1042 9
251 976 586 1064 dicerentpropter
598 984 750 1044 essent.
774 976 873 1061 [Hinc
885 978 1018 1060 XXXII,
1032 984 1081 1060 30,
1093 984 1113 1044 8
1125 979 1298 1062 Bamberg.

141 1086 406 1154 adiuvissent
440 1109 501 1172 pro
532 1087 780 1153 adiuvarent
812 1069 854 1152 ob
882 1087 1043 1167 inisset,
1074 1087 1220 1167 XXXVI,
1251 1090 1299 1166 19,

142 1199 164 1258 9
194 1193 280 1278 Mog.
305 1198 572 1262 constitisset
598 1218 660 1280 pro
688 1196 933 1261 constiterit
961 1196 1003 1262 ob
1026 1194 1298 1281 preceperat]

142 1303 291 1368 Tertium
320 1304 488 1387 quoddam
515 1303 709 1369 mendorum
738 1325 842 1388 genus
870 1326 888 1369 1
912 1304 1024 1370 codice
1054 1304 1231 1388 archetypo
1255 1304 1297 1369 ad

140 1433 257 1477 omnes
280 1418 553 1497 propagatorum,
583 1411 683 1495 paulo
712 1411 795 1476 illud
818 1413 926 1477 minus
948 1412 1118 1496 frequens,
1148 1414 1295 1479 cernitur
1314 1420 1367 1488 (12)

141 1521 178 1584 in
206 1520 380 1586 verborum
408 1522 588 1586 vicinorum
610 1521 883 1605 transpositione;
912 1521 1189 1604 quemadmodum
1212 1523 1299 1587 enim

142 1629 179 1693 in
201 1628 264 1708 111,
301 1634 356 1709 55,
390 1631 465 1694 ain
501 1629 614 1695 codice
648 1627 827 1713 archetypo
856 1628 934 1693 fuit:
967 1628 1041 1695 hae
1074 1631 1178 1695 iuris
1211 1629 1299 1713 lege

141 1738 401 1822 interpretes
423 1760 482 1822 pro
507 1759 562 1816 eo,
596 1737 685 1822 quod
707 1743 797 1802 recte
821 1737 947 1803 editur:
981 1738 1056 1802 hac
1078 1738 1171 1821 lege
1194 1740 1299 1817 iqrie

141 1847 407 1929 interpretes,
426 1846 524 1910 sicin
542 1845 735 1930 prefatione
754 1845 864 1929 operis
882 1843 899 1929 ἓ
919 1849 937 1910 5
957 1846 985 1911 11
1003 1847 1162 1931 scriptum
1181 1846 1299 1911 habuit

142 1974 238 2018 sane:
257 1955 400 2038 prisea
418 1959 512 2019 tota
529 1952 602 2018 illa
618 1960 751 2019 mente
768 1953 842 2037 (pro
861 1953 940 2018 hoc:
963 1955 1100 2038 prisca
1115 1954 1192 2020 illa
1210 1960 1300 2020 tota

143 2061 299 2144 mente),
317 2061 407 2144 quod
423 2083 559 2146 prorsus
575 2060 701 2127 frustra
711 2061 995 2128 Weissenbornius
1015 2062 1188 2128 defendere
1201 2083 1298 2128 cona-

145 2175 215 2249 tur,
240 2191 347 2253 neque
373 2172 460 2235 enim
483 2192 664 2255 pronomen
687 2169 763 2234 illa
785 2170 827 2238 ab
851 2170 1012 2236 adiectivo
1030 2191 1090 2236 suo
1108 2179 1298 2256 separatum

143 2284 179 2343 et
196 2277 253 2343 alii
272 2278 432 2344 adiectivo
444 2279 488 2343 ad
500 2278 591 2343 aliud
603 2279 844 2344 substantivum
854 2281 1032 2363 pertinenti
1045 2280 1094 2344 ita
1105 2280 1299 2360 subiectum,

143 2392 191 2466 ut,
215 2388 369 2471 quoniam
392 2389 626 2453 terminatione
649 2408 714 2452 nou
737 2385 856 2466 differt,
880 2408 958 2452 casu
982 2410 1114 2472 quoque
1138 2409 1212 2453 oum
1236 2387 1298 2453 hoo

144 2495 357 2560 coniunctum
369 2502 514 2580 putetur,
526 2495 628 2560 ullam
639 2495 758 2579 recipit
771 2496 1031 2576 excusationem3
1044 2496 1196 2581 idemque
1208 2519 1300 2563 error

146 2604 181 2667 in
198 2602 251 2668 bis
270 2601 350 2668 loeis
370 2608 522 2668 versatus
540 2610 604 2669 est:
624 2603 666 2684 II,
689 2608 736 2684 15,
758 2608 775 2667 3
795 2603 996 2685 (hostibus
1021 2607 1159 2689 potius
1182 2626 1298 2689 quam

145 2717 291 2794 portas
323 2711 491 2794 regibus
520 2713 553 2776 in
576 2712 673 2792 ried,
701 2713 788 2792 Par,
817 2711 922 2777 Rhen.
945 2735 1004 2797 pro
1034 2734 1123 2778 uero:
1158 2722 1298 2797 portas

145 2840 263 2901 quam
284 2818 463 2902 regibus,
487 2820 575 2903 quod
592 2820 626 2884 in
643 2820 811 2887 codicibus
830 2819 1040 2886 inferioribus
1062 2827 1169 2886 estex
1189 2843 1299 2887 emen-

143 2927 289 3007 datione,
318 2932 356 2991 ut
378 2927 531 3009 videtur),
560 2928 692 3008 111,ro,
717 2933 735 2993 6
760 2929 923 3011 (quibus
947 2929 1026 2993 sibi
1050 2930 1082 2993 in
1105 2928 1208 3013 Med,
1224 2929 1296 2994 Par.

144 3056 221 3119 pro:
246 3035 326 3100 sibi
350 3036 519 3118 quibus),
541 3037 599 3116 III,
624 3041 711 3117 72,6
735 3036 901 3118 (vocatae
925 3037 1034 3101 valet
1056 3037 1089 3101 in
1111 3037 1206 3116 Med,
1223 3037 1297 3102 Par.

144 3165 221 3227 pro:
256 3144 384 3235 valet,
416 3145 598 3227 vocatae),
627 3144 696 3225 VII,
726 3149 775 3225 38,
807 3149 825 3208 9
854 3144 907 3226 (11
930 3151 1047 3210 aetate
1070 3145 1242 3210 haberet
1264 3147 1297 3210 in

144 3250 247 3333 Med,
281 3253 372 3332 Par,
406 3253 496 3318 Leid.
522 3258 555 3334 1,
588 3253 665 3317 Lov.
689 3257 724 3333 4,
758 3251 882 3331 Κ11111,
915 3254 949 3316 in
973 3253 1090 3318 1111111
1114 3262 1298 3319 correctum

142 3360 331 3439 haberet,
355 3368 393 3426 11
415 3361 560 3443 aetate),
584 3361 671 3440 VIII,
695 3366 724 3440 8,
744 3365 762 3424 3
780 3361 894 3442 (facti
918 3369 1033 3426 scuta
1060 3369 1151 3426 sunt
1167 3361 1294 3426 MPLl

144 3490 222 3552 pro:
256 3468 359 3533 facti
394 3475 495 3547 sunt,
528 3469 678 3551 scuta),
712 3469 805 3547 VIII,
842 3473 890 3547 12,
927 3473 964 3532 13
993 3468 1188 3550 (AEmilius
1217 3478 1297 3535 tum

142 3578 261 3641 cuius
290 3576 426 3650 fasces
457 3583 578 3641 erant
605 3578 639 3641 in
662 3576 758 3656 Med,
782 3577 866 3656 Par,
891 3576 1036 3653 Gaertn,
1060 3577 1136 3641 Lov.
1160 3583 1189 3656 4,
1211 3577 1296 3643 unde

142 3683 202 3748 alii
236 3684 325 3748 AEm.
360 3691 491 3749 tamen
526 3685 642 3750 cuius
675 3685 697 3750 f.
728 3708 765 3765 1.,
799 3685 856 3749 alii
889 3694 972 3749 tum
1005 3687 1175 3765 omittunt,
1208 3693 1297 3751 recte
1391 3700 1394 3705 '

144 3791 255 3857 editur
278 3794 396 3857 cuius
418 3792 531 3874 tum),
562 3792 654 3873 VIII,
684 3797 735 3870 24,
759 3792 858 3875 4(11
882 3799 1061 3857 ceterum
1083 3815 1158 3877 pro:
1189 3801 1297 3859 cete-

143 3922 230 3965 rum
253 3900 318 3983 ut),
340 3900 427 3980 VIII,
457 3904 507 3980 32,
537 3901 794 3984 9(adrersus
818 3900 981 3984 singula
1004 3922 1086 3983 quae
1109 3923 1182 3984 pro:
1213 3902 1295 3967 adv.
1336 3885 1337 3888 ¹

145 4028 229 4091 quae
252 4007 445 4092 singula),
475 4008 566 4087 VIII,
596 4012 655 4089 36,
688 4014 727 4074 10
750 4008 835 4091 (nec
858 4010 920 4072 ira
942 4009 1065 4092 magis
1089 4031 1205 4093 quam
1227 4033 1297 4094 pu-

144 4115 254 4181 blica
276 4103 481 4200 privatum
504 4117 799 4201 compendium,
827 4117 917 4200 quod
945 4139 1046 4181 unum
1073 4116 1296 4184 Alschefskius

145 4244 210 4288 non
233 4245 334 4290 ausus
358 4231 409 4291 111
431 4226 535 4309 sequi,
558 4246 659 4308 quum
682 4226 716 4291 iu
739 4225 857 4291 1111111
879 4224 956 4289 libri
978 4224 1038 4290 VII
1061 4231 1095 4289 et
1117 4225 1193 4290 vul
1215 4225 1297 4291 locis

147 4352 248 4414 prava
268 4332 425 4415 teneret),
454 4333 509 4411 IX,
538 4338 568 4413 4,
599 4333 743 4417 9111111
774 4340 882 4398 ut-
910 4334 970 4398 ita
998 4333 1113 4399 nobis
1142 4354 1218 4417 pro:
1253 4339 1297 4398 ut
