3000 5116
195 460 258 516 Lib.
275 459 358 515 XLV.
737 451 799 512 722

105 647 179 716 (600)
199 631 372 716 Grynaeum
394 633 473 711 haec,
497 654 569 717 quae
593 636 791 700 sententiam
812 635 935 705 habent
956 660 1092 722 prorsus
1116 642 1264 722 nullam,
1282 665 1353 710 ora·

191 740 313 805 tionem
339 742 529 822 (inesset)
552 743 720 807 vitiosam:
744 764 945 811 commune
969 747 1193 815 consilium
1218 753 1354 836 gentis

193 856 320 928 esset,
344 872 391 914 ne
415 849 641 933 improbum
663 850 807 934 vulgus
829 874 850 919 a
872 862 1020 921 senatu
1048 855 1283 935 aliquando
1309 855 1350 920 li·

191 957 393 1023 bertatem
416 958 577 1024 salubri
599 959 879 1026 moderatione
903 963 1041 1029 datam
1064 965 1115 1030 ad
1135 963 1350 1030 licentiam

192 1065 455 1150 pestilentem
488 1067 687 1133 traheret.
733 1068 850 1151 ltaque
884 1076 943 1135 aut
976 1071 1138 1138 nullum
1173 1093 1267 1138 esse
1296 1082 1350 1138 aut

117 1238 120 1243 ,
190 1195 236 1240 ne
260 1179 371 1239 esset
393 1175 494 1240 scribi
516 1175 647 1255 iubent;
676 1176 710 1241 id
733 1196 799 1241 non
821 1178 974 1245 videntur
996 1180 1287 1259 animadvertisse,
1308 1182 1349 1246 ri·

129 1279 133 1286 '
190 1280 298 1347 dicule
321 1283 437 1366 vulgus
461 1282 568 1363 (cuius
591 1283 836 1367 improbitas
859 1285 892 1351 h.
915 1286 936 1351 l.
960 1290 1042 1353 satis
1069 1289 1186 1373 inepte
1211 1310 1351 1356 comme·

190 1390 352 1473 moratur)
378 1391 442 1458 dici
464 1411 485 1456 a
508 1399 653 1457 senatu
676 1391 838 1477 (quiquis
857 1396 910 1473 sit,
928 1394 1059 1461 difficile
1076 1403 1128 1462 est
1145 1397 1346 1481 intellegere,

191 1522 292 1587 quum
325 1500 436 1565 nullus
470 1508 546 1565 ante
577 1499 783 1582 significatus
811 1503 867 1584 sit)
895 1503 1083 1569 libertatem
1112 1505 1158 1571 ad
1180 1505 1350 1572 licentiam

189 1610 337 1689 trahere,
377 1630 452 1674 nam
484 1607 672 1675 libertatem
704 1611 739 1675 in
770 1610 938 1677 licentiam
971 1611 1105 1679 trabere
1145 1634 1188 1679 ao
1221 1622 1344 1680 vertere

191 1719 271 1804 quid
294 1719 352 1798 sit,
381 1718 518 1796 seimus;
552 1716 594 1782 ab
617 1716 728 1801 aliquo
750 1718 940 1785 libertatem
964 1721 998 1785 in
1020 1720 1194 1788 licentiam
1216 1722 1347 1789 trahere

190 1827 273 1893 nihil
306 1833 357 1892 est
390 1826 532 1891 omnino.
590 1826 719 1906 Aderit,
754 1828 811 1909 qni
845 1849 897 1895 me
930 1851 1066 1913 prorsus
1100 1832 1261 1896 caeoutire
1296 1850 1347 1896 oc·

191 1937 321 2014 clamet,
344 1934 401 2016 qui
423 1955 490 1999 non
512 1934 640 1999 videam
664 1935 833 2017 coniungi:
868 1958 888 2002 a
911 1924 1056 2002 senatu
1081 1937 1238 2018 datam,
1262 1937 1343 2021 quod

190 2052 229 2110 ut
251 2044 356 2127 magis
380 2042 539 2121 eluceret,
573 2041 874 2124 Weissenbornius,
908 2067 1011 2129 quum
1043 2047 1078 2110 in
1111 2046 1230 2113 codice
1263 2055 1343 2112 esset

192 2154 428 2231 adsenator,
462 2151 594 2234 scripsit
627 2149 675 2216 ab
711 2159 859 2217 senatu
892 2152 1080 2219 Romano.
1137 2154 1264 2220 Verum
1296 2156 1342 2236 (nt

191 2263 341 2327 omittam
369 2279 486 2343 parum
514 2267 591 2342 apte
620 2260 651 2324 h.
674 2258 705 2338 l.,
728 2261 802 2344 quis
829 2260 1017 2326 libertatem
1045 2262 1192 2342 dederit,
1220 2265 1255 2328 in
1282 2285 1341 2329 me·

190 2367 500 2448 moriamrevocari)
513 2368 709 2452 interposita
727 2375 803 2433 ante
821 2368 1061 2435 libertatem
1079 2392 1144 2436 vox
1163 2370 1338 2455 aliquau-

192 2476 239 2545 do
263 2478 444 2543 certissime
463 2476 609 2559 pertinet
631 2475 673 2541 ad
697 2476 887 2543 traheret
909 2478 1091 2562 eodemque
1125 2487 1165 2544 nt
1185 2479 1342 2546 referatm

191 2606 212 2650 a
241 2591 397 2664 senatu,
427 2583 611 2649 inevitabili
643 2585 842 2650 necessitate
875 2587 972 2668 cogit.
1018 2586 1140 2652 Videat
1161 2609 1252 2653 nunc
1271 2586 1340 2653 mihi

191 2694 312 2778 aliquis
334 2695 495 2776 integram
517 2693 640 2758 codicis
658 2693 866 2776 scripturam,
890 2715 907 2759 e
931 2714 997 2776 qua
1015 2694 1229 2779 Kreyssigius
1251 2715 1339 2761 unum

189 2803 274 2868 illud
307 2801 531 2867 adsenator
564 2800 750 2879 adnotavit3
780 2808 831 2867 est
864 2808 975 2867 autem
1004 2801 1213 2869 huiusmodi:
1249 2824 1337 2869 com·

190 2933 301 2977 mune
326 2910 542 2975 consilium
566 2909 699 2992 gentis
723 2917 840 2975 esset
862 2909 1093 2993 improbum
1124 2913 1237 2994 vulgi
1270 2913 1337 2991 (non

191 3020 345 3103 vulgus)
387 3017 609 3083 adsenator
643 3017 865 3101 aliquando
904 3017 1149 3084 libertatem
1184 3019 1337 3085 salubri

190 3129 464 3194 moderationi
499 3127 634 3192 datum
657 3130 718 3189 cet.
766 3123 954 3209 Scripserat
978 3126 1107 3191 Livius:
1144 3145 1336 3193 commuue

107 3233 177 3308 (⁰9¹)
198 3238 415 3304 concilium
438 3236 571 3318 gentis
595 3254 702 3311 esse,
725 3232 993 3314 lnprobatn,
1017 3253 1060 3296 ne
1089 3236 1197 3316 ulgl
1220 3237 1337 3298 adron·

189 3353 292 3410 tator
325 3342 551 3426 aliquando
589 3340 828 3405 libertatem
867 3340 1024 3406 salubri
1064 3344 1334 3409 moderatione

98 3475 99 3479 ’
190 3455 324 3521 datam
359 3453 407 3517 ad
439 3450 653 3514 licentiam
687 3456 784 3531 pest.
820 3449 1015 3515 traheret.
1067 3449 1173 3517 Caret
1206 3459 1335 3517 senatus.

36 4572 145 4809 N

189 3563 345 3630 benevole
369 3561 493 3626 scilicet
516 3556 716 3621 Macedonia
739 3556 888 3622 libertati
913 3557 1104 3639 consulens,
1128 3581 1187 3639 ne,
1211 3563 1238 3626 ei
1260 3578 1334 3624 oon·

188 3694 285 3737 mune
309 3669 482 3735 concilium
504 3665 612 3749 gentis
636 3664 679 3728 sit
703 3662 849 3744 (comitia
872 3666 1139 3749 contionesque),
1165 3665 1332 3753 aliquando

189 3779 356 3865 popularis
378 3777 476 3840 homo
499 3773 615 3839 turbas
639 3772 792 3837 concitet.

275 3885 353 3970 Cap.
381 3889 428 3961 19,
455 3888 491 3948 11
518 3881 566 3964 (in
600 3881 749 3946 oratione
779 3878 895 3947 Stratii
922 3882 1043 3948 medici
1073 3884 1166 3967 apud
1187 3881 1328 3955 artuum

257 4160 383 4215 fuisset
401 4159 484 4227 suis,
504 4158 632 4213 exitum
651 4155 726 4210 eius
744 4157 931 4212 victoriam
947 4157 1112 4216 Romanis
1131 4160 1324 4216 adlaturum,

257 4247 325 4300 sibi
343 4246 550 4300 libertatem.
578 4241 658 4311 (cod.
671 4240 834 4295 Romanis
854 4242 1052 4299 adlaturum
1071 4245 1254 4301 crederent
1269 4237 1325 4295 ribi

258 4331 456 4385 adlaturum
484 4328 777 4385 sibilibertetem.
812 4326 945 4383 Metalli
969 4335 1022 4384 cet.
1060 4329 1325 4386 crederentesn·

256 4416 414 4486 perioribus
432 4415 582 4485 repetitum
600 4413 666 4467 alias
684 4413 781 4467 turbae
799 4413 942 4483 peperisse
959 4413 1092 4482 videtur.)
