2994 5108
738 440 818 522 ’446

210 668 283 710 rum
313 648 468 730 princeps
497 629 586 711 ducti
616 653 707 725 sunt,
735 647 801 710 iam
823 646 954 710 initium
978 644 1101 710 factum
1125 653 1198 710 erat
1219 646 1365 728 propriae

211 755 384 819 cuiusdam
412 755 507 820 labis.
563 756 610 819 Ac
647 754 910 819 coniunctionem
938 753 1070 836 quidem
1097 753 1184 818 hanc
1210 751 1366 837 labiaque

211 865 473 928 communionem
497 864 724 929 demonstrant
748 883 847 944 quum
865 862 990 926 lacunae
1009 860 1249 943 verborumque
1267 861 1367 927 omis-

210 973 317 1037 siones
355 972 435 1054 (quo
474 993 592 1055 genere
627 972 698 1035 vitii
726 970 777 1034 vel
805 971 945 1034 maxime
974 969 1126 1051 vulgares
1153 968 1366 1053 premuntur)

209 1081 321 1144 multae
350 1081 536 1163 partimque
564 1080 709 1161 insignes
732 1077 984 1161 Bambergensis
1014 1085 1047 1142 et
1069 1078 1252 1160 vulgarium
1275 1097 1367 1142 com·

209 1211 338 1266 munes,
368 1210 441 1271 quae
470 1209 510 1252 ex
540 1188 610 1252 solo
633 1187 825 1268 Moguntino
855 1187 991 1270 expletae
1021 1192 1112 1264 sunt,
1142 1183 1285 1250 velutin
1308 1182 1367 1248 XL

210 1297 324 1380 primis
348 1295 514 1379 capitibus
536 1295 613 1359 libri
636 1293 772 1359 XXXIV
794 1294 859 1359 hae:
889 1295 922 1358 in
945 1315 1016 1377 cap.
1041 1297 1069 1372 7,
1092 1297 1110 1357 2
1135 1292 1213 1373 (hic
1236 1293 1367 1357 Romae

209 1405 355 1468 infimo
378 1404 528 1486 generi,
553 1404 769 1486 magistris
791 1403 996 1478 vicorum),
1015 1423 1053 1466 c.
1080 1407 1127 1480 16,
1153 1405 1167 1464 1
1193 1407 1228 1465 et
1249 1403 1268 1463 2
1292 1399 1367 1479 (ubi

208 1513 284 1596 plus
308 1512 547 1596 quinquaginta
570 1531 666 1576 voces
690 1510 911 1591 omittuntur),
941 1531 967 1574 c.
994 1515 1042 1589 16,
1072 1514 1090 1574 5
1115 1510 1302 1591 (vinoque
1323 1513 1368 1572 et

209 1620 301 1684 cibo
325 1618 515 1698 curatos),
539 1641 565 1682 c.
586 1622 636 1693 21,
660 1619 749 1698 Stin
768 1616 995 1701 Hispania),
1019 1638 1046 1681 c.
1065 1621 1115 1696 27,
1139 1615 1368 1696 4(Dromon

209 1729 290 1811 ipsi
319 1730 498 1806 vocant),
528 1749 555 1790 c.
581 1731 636 1804 31,
666 1730 785 1790 4et6
817 1725 948 1806 (video
980 1731 1014 1789 et
1042 1723 1157 1806 eam),
1186 1744 1213 1788 c.
1239 1727 1294 1802 32,
1324 1728 1367 1787 12

210 1835 411 1916 (civibus),
446 1856 473 1899 c.
507 1839 562 1912 34,
596 1838 615 1896 2
645 1833 763 1914 (illud
796 1834 910 1898 modo
944 1854 989 1897 ne
1019 1832 1168 1913 fallat),
1202 1853 1228 1896 c.
1259 1834 1315 1909 36,
1346 1835 1366 1894 3

209 1942 518 2027 (praedatoriis),
546 1949 617 2006 tum
646 1941 764 2006 menda
787 1961 980 2021 erroresque
1003 1940 1116 2005 formae
1140 1940 1182 2005 ad
1205 1938 1368 2004 indicium

208 2052 392 2135 perspicuae
421 2056 454 2113 ct
476 2057 574 2114 certae
598 2049 768 2132 permulti,
797 2049 887 2113 velut
908 2048 1061 2127 XXXVI,
1092 2051 1148 2128 23,
1180 2054 1198 2113 7
1228 2054 1268 2112 et
1298 2068 1369 2112 cx·

208 2159 391 2243 pectatio
436 2159 632 2242 temporis
679 2179 739 2240 pro
785 2163 826 2221 et
870 2178 914 2221 ex
963 2158 1125 2221 ratione
1164 2155 1369 2239 temporis

209 2266 342 2346 (omisso
382 2267 414 2328 in
450 2265 685 2347 Bambergensi
724 2266 824 2329 etiam
859 2264 1015 2343 consul,
1057 2264 1145 2346 quod
1178 2265 1212 2328 in
1245 2263 1369 2327 ceteris
1428 2318 1433 2329 .

208 2372 383 2453 retinetur)
407 2380 466 2437 aut
489 2395 515 2437 c.
540 2377 590 2452 24,
621 2381 638 2438 5
663 2395 744 2457 qua
766 2375 981 2456 progressi
1005 2380 1120 2438 erant
1142 2394 1202 2457 pro
1225 2371 1293 2436 his:
1325 2371 1368 2435 iu

82 2540 86 2549 .
121 2501 192 2568 (364)
211 2501 291 2564 qua
314 2480 495 2545 aedificia
517 2488 632 2545 extra
654 2481 792 2546 urbem
816 2488 948 2560 erant,
977 2489 1010 2545 et
1032 2479 1268 2545 eiusdemmodi
1290 2500 1368 2562 per·

207 2587 322 2652 multa.
368 2587 486 2652 Nescio
510 2595 628 2667 tamen,
657 2610 699 2652 an
727 2589 808 2653 nihil
838 2588 879 2652 ad
909 2596 1014 2653 totam
1036 2610 1105 2652 rem
1128 2585 1368 2652 declarandam

207 2703 241 2761 et
264 2695 307 2759 ad
330 2695 584 2775 ostendendum,
615 2718 715 2779 quarn
744 2719 782 2760 ex
812 2697 934 2781 pusilla
956 2697 1081 2779 origiue
1104 2715 1309 2788 error—saepe
1333 2695 1367 2758 iu

208 2803 385 2887 archetypo
426 2803 678 2886 Barnbergensis
725 2813 758 2869 et
803 2805 982 2886 vulgarium
1027 2810 1117 2866 ortus
1156 2811 1367 2886 pervagetur,

207 2913 312 2994 magis
342 2912 549 2995 perspicuum
575 2914 618 2977 sit
641 2935 738 2994 quani
762 2913 849 2995 quod
873 2914 904 2974 in
929 2910 1074 2987 XXXIV,
1105 2915 1154 2989 57,
1184 2915 1204 2973 8
1231 2910 1366 2975 accidit.

205 3019 291 3083 Nam
314 3043 414 3101 quum
436 3019 547 3082 Livius
569 3022 772 3103 scripsisset,
807 3021 894 3101 quod
923 3020 956 3081 in
979 3019 1171 3101 Moguntino
1196 3024 1366 3082 servatum

207 3136 270 3191 est:
306 3149 350 3191 ex
374 3127 614 3191 FORMULA
637 3130 748 3202 iuris,
779 3151 817 3191 ex
841 3128 866 3191 F
890 3135 1003 3190 natum
1027 3135 1085 3204 est,
1115 3134 1152 3189 ut
1175 3126 1366 3209 saepissime,

206 3233 233 3297 E
257 3235 392 3316 duaeque
421 3235 539 3298 litterae
568 3237 746 3317 separatim
775 3242 935 3317 aoceptae,
966 3256 1025 3313 eo,
1055 3242 1125 3297 turn
1155 3257 1195 3297 ex
1224 3235 1366 3312 rmula,

207 3344 295 3425 quod
319 3343 476 3421 restabat,
505 3342 630 3406 factum
654 3350 703 3406 est
726 3343 843 3406 simul
867 3363 894 3420 a,
924 3342 1012 3425 quod
1036 3341 1094 3421 (ex
1119 3363 1162 3406 eo
1186 3342 1308 3406 simul
1332 3341 1366 3421 a)

207 3449 336 3513 codices
359 3449 503 3514 Palatini
533 3458 566 3514 et
594 3452 739 3534 quinque
763 3448 1024 3514 Drakenborchii
1047 3449 1188 3529 habent;
1223 3451 1367 3515 accessit

206 3558 323 3622 deinde
348 3558 542 3621 emendandi
566 3564 722 3634 conatuS,
753 3579 797 3620 ex
821 3579 931 3640 aquo
956 3557 1016 3636 (ex
1039 3557 1166 3639 equo),
1196 3557 1310 3622 deleto
1334 3579 1366 3637 ⁸3

206 3664 328 3728 codicis
352 3665 602 3745 Barnbergonsis
625 3665 796 3743 librariuS,
831 3671 868 3728 ut
898 3665 978 3729 alibi
1002 3687 1132 3747 quoque
1156 3665 1239 3730 facit
1261 3667 1366 3730 inter·

206 3771 298 3847 dum,
333 3795 391 3855 pro
428 3773 591 3854 corruptis
625 3795 762 3836 vacuum
799 3774 942 3855 spatium
970 3773 1114 3854 reliquit.
1171 3774 1281 3855 Atque
1311 3773 1365 3838 liic

204 3879 297 3942 locus
325 3885 435 3942 tamen
466 3880 561 3943 simul
593 3879 642 3943 vel
672 3902 756 3944 uuus
785 3881 864 3944 satis
894 3881 1095 3958 declararet,
1132 3881 1286 3964 vulgares
1311 3903 1365 3946 co·

205 3985 295 4049 dices
332 4009 398 4049 non
434 4008 472 4050 ex
501 3986 736 4068 Bambergensi
765 3989 838 4070 ipso
867 3997 957 4052 ortos
986 3989 1222 4072 degenerasse;
1255 4011 1366 4073 neque

205 4093 290 4156 enim
326 4114 364 4155 ex
398 4115 500 4159 vacuo
531 4096 638 4177 spatio
666 4095 723 4158 illa
752 4118 796 4160 ex
828 4118 871 4160 eo
902 4097 1020 4161 simul
1050 4119 1069 4160 a
1098 4106 1156 4162 aut
1187 4119 1233 4162 ex
1262 4120 1366 4180 equo

205 4199 324 4264 simul
352 4203 444 4264 nasci
468 4210 661 4285 potuerunt,
698 4204 753 4267 sed
782 4203 870 4268 idem
899 4204 1071 4269 declarant
1099 4205 1236 4288 (prater
1264 4208 1367 4272 omis-

205 4306 329 4369 sionem
360 4307 435 4371 libri
464 4308 619 4389 XXXIII)
654 4312 861 4393 apertissimo
889 4335 955 4376 non
984 4313 1081 4395 plura
1108 4315 1142 4377 in
1171 4315 1368 4398 vulgaribus
