<?xml version="1.0" encoding="UTF-8"?>
<!DOCTYPE html PUBLIC "-//W3C//DTD XHTML 1.0 Transitional//EN"
    "http://www.w3.org/TR/xhtml1/DTD/xhtml1-transitional.dtd">
<html xmlns="http://www.w3.org/1999/xhtml" xml:lang="en" lang="en">
 <head>
  <title>
</title>
<meta http-equiv="Content-Type" content="text/html;charset=utf-8" />
  <meta name='ocr-system' content='tesseract 3.04.00' />
  <meta name='ocr-capabilities' content='ocr_page ocr_carea ocr_par ocr_line ocrx_word'/>
</head>
<body>
  <div class='ocr_page' id='page_1' title='image "./emendationesliv00madvgoog_0362.png"; bbox 0 0 3000 5116; ppageno 0'>
   <div class='ocr_carea' id='block_1_1' title="bbox 689 457 1297 525">
    <p class='ocr_par' dir='ltr' id='par_1_1' title="bbox 689 457 1297 525">
     <span class='ocr_line' id='line_1_1' title="bbox 689 457 1297 525; baseline 0.002 -7"><span class='ocrx_word' id='word_1_1' title='bbox 689 457 750 518; x_wconf 86' lang='lat'>353</span> <span class='ocrx_word' id='word_1_2' title='bbox 1130 466 1193 522; x_wconf 71' lang='lat' dir='ltr'>Lib.</span> <span class='ocrx_word' id='word_1_3' title='bbox 1210 466 1297 525; x_wconf 83' lang='lat' dir='ltr'>XXV.</span> 
     </span>
    </p>
   </div>
   <div class='ocr_carea' id='block_1_2' title="bbox 136 635 1297 1049">
    <p class='ocr_par' dir='ltr' id='par_1_2' title="bbox 136 635 1297 1049">
     <span class='ocr_line' id='line_1_2' title="bbox 137 635 1297 729; baseline -0.007 -19"><span class='ocrx_word' id='word_1_4' title='bbox 137 643 354 729; x_wconf 86' lang='lat' dir='ltr'>stipendia</span> <span class='ocrx_word' id='word_1_5' title='bbox 386 642 584 708; x_wconf 83' lang='lat' dir='ltr'>facturos.</span> <span class='ocrx_word' id='word_1_6' title='bbox 641 640 727 705; x_wconf 88' lang='lat' dir='ltr'>Nam</span> <span class='ocrx_word' id='word_1_7' title='bbox 754 635 988 724; x_wconf 77' lang='lat' dir='ltr'><strong>paciscitur</strong></span> <span class='ocrx_word' id='word_1_8' title='bbox 1016 640 1206 724; x_wconf 89' lang='lat' dir='ltr'>pecunia,</span> <span class='ocrx_word' id='word_1_9' title='bbox 1240 639 1297 722; x_wconf 91' lang='lat' dir='ltr'>qui</span> 
     </span>
     <span class='ocr_line' id='line_1_3' title="bbox 138 749 1297 835; baseline -0.005 -17"><span class='ocrx_word' id='word_1_10' title='bbox 138 774 181 818; x_wconf 91' lang='lat' dir='ltr'>ea</span> <span class='ocrx_word' id='word_1_11' title='bbox 204 753 285 818; x_wconf 86' lang='lat' dir='ltr'>data</span> <span class='ocrx_word' id='word_1_12' title='bbox 305 750 432 835; x_wconf 88' lang='lat' dir='ltr'>aliquid</span> <span class='ocrx_word' id='word_1_13' title='bbox 456 751 536 816; x_wconf 91' lang='lat' dir='ltr'>emit</span> <span class='ocrx_word' id='word_1_14' title='bbox 558 756 617 824; x_wconf 85' lang='lat' dir='ltr'>aut</span> <span class='ocrx_word' id='word_1_15' title='bbox 639 755 763 828; x_wconf 78' lang='lat' dir='ltr'>servat3</span> <span class='ocrx_word' id='word_1_16' title='bbox 786 749 844 831; x_wconf 90' lang='lat' dir='ltr'>qui</span> <span class='ocrx_word' id='word_1_17' title='bbox 866 749 1009 833; x_wconf 90' lang='lat' dir='ltr'>pretium</span> <span class='ocrx_word' id='word_1_18' title='bbox 1032 755 1091 813; x_wconf 90' lang='lat' dir='ltr'>aut</span> <span class='ocrx_word' id='word_1_19' title='bbox 1113 749 1297 813; x_wconf 81' lang='lat' dir='ltr'>mercedem</span> 
     </span>
     <span class='ocr_line' id='line_1_4' title="bbox 137 856 1296 945; baseline -0.006 -19"><span class='ocrx_word' id='word_1_20' title='bbox 137 862 273 943; x_wconf 83' lang='lat' dir='ltr'>accipit,</span> <span class='ocrx_word' id='word_1_21' title='bbox 295 860 521 945; x_wconf 89' lang='lat' dir='ltr'>pecuniam.</span> <span class='ocrx_word' id='word_1_22' title='bbox 554 857 671 940; x_wconf 89' lang='lat' dir='ltr'>Itaque</span> <span class='ocrx_word' id='word_1_23' title='bbox 695 859 796 922; x_wconf 86' lang='lat' dir='ltr'>etiam</span> <span class='ocrx_word' id='word_1_24' title='bbox 818 857 965 936; x_wconf 87' lang='lat' dir='ltr'>XXXVI,</span> <span class='ocrx_word' id='word_1_25' title='bbox 989 861 1039 936; x_wconf 79' lang='lat'>32,</span> <span class='ocrx_word' id='word_1_26' title='bbox 1064 862 1079 921; x_wconf 97' lang='lat' dir='ltr'>l</span> <span class='ocrx_word' id='word_1_27' title='bbox 1106 877 1179 922; x_wconf 90' lang='lat' dir='ltr'>cum</span> <span class='ocrx_word' id='word_1_28' title='bbox 1202 856 1296 920; x_wconf 87' lang='lat' dir='ltr'><strong>codd.</strong></span> 
     </span>
     <span class='ocr_line' id='line_1_5' title="bbox 136 965 1215 1049; baseline -0.005 -15"><span class='ocrx_word' id='word_1_29' title='bbox 136 989 224 1035; x_wconf 86' lang='lat' dir='ltr'>rece.</span> <span class='ocrx_word' id='word_1_30' title='bbox 248 975 366 1033; x_wconf 87' lang='lat' dir='ltr'>contra</span> <span class='ocrx_word' id='word_1_31' title='bbox 386 967 501 1033; x_wconf 91' lang='lat' dir='ltr'>Bamb.</span> <span class='ocrx_word' id='word_1_32' title='bbox 525 965 733 1031; x_wconf 91' lang='lat' dir='ltr'>scribendum</span> <span class='ocrx_word' id='word_1_33' title='bbox 755 971 804 1030; x_wconf 89' lang='lat' dir='ltr'>est</span> <span class='ocrx_word' id='word_1_34' title='bbox 826 967 1047 1049; x_wconf 87' lang='lat' dir='ltr'>pecuniam.</span> <span class='ocrx_word' id='word_1_35' title='bbox 1093 965 1215 1047; x_wconf 83' lang='lat'>(1865.)</span> 
     </span>
    </p>
   </div>
   <div class='ocr_carea' id='block_1_3' title="bbox 596 1192 856 1275">
    <p class='ocr_par' dir='ltr' id='par_1_3' title="bbox 596 1192 856 1275">
     <span class='ocr_line' id='line_1_6' title="bbox 596 1192 856 1275; baseline 0 -1"><span class='ocrx_word' id='word_1_36' title='bbox 596 1193 689 1275; x_wconf 89' lang='lat' dir='ltr'><strong>Lib.</strong></span> <span class='ocrx_word' id='word_1_37' title='bbox 723 1192 856 1274; x_wconf 88' lang='lat' dir='ltr'>XXV.</span> 
     </span>
    </p>
   </div>
   <div class='ocr_carea' id='block_1_4' title="bbox 138 1324 1425 3030">
    <p class='ocr_par' dir='ltr' id='par_1_4' title="bbox 138 1324 1425 2922">
     <span class='ocr_line' id='line_1_7' title="bbox 229 1324 1298 1410; baseline -0.003 -18"><span class='ocrx_word' id='word_1_38' title='bbox 229 1327 309 1410; x_wconf 86' lang='lat' dir='ltr'>Gap.</span> <span class='ocrx_word' id='word_1_39' title='bbox 335 1332 363 1404; x_wconf 96' lang='lat' dir='ltr'>l,</span> <span class='ocrx_word' id='word_1_40' title='bbox 394 1331 421 1391; x_wconf 92' lang='lat'>1.</span> <span class='ocrx_word' id='word_1_41' title='bbox 472 1326 510 1390; x_wconf 94' lang='lat' dir='ltr'>In</span> <span class='ocrx_word' id='word_1_42' title='bbox 539 1326 611 1409; x_wconf 91' lang='lat' dir='ltr'>ipso</span> <span class='ocrx_word' id='word_1_43' title='bbox 634 1324 711 1389; x_wconf 91' lang='lat' dir='ltr'>libri</span> <span class='ocrx_word' id='word_1_44' title='bbox 735 1324 829 1389; x_wconf 84' lang='lat' dir='ltr'>initio</span> <span class='ocrx_word' id='word_1_45' title='bbox 852 1325 975 1389; x_wconf 83' lang='lat' dir='ltr'>insidet</span> <span class='ocrx_word' id='word_1_46' title='bbox 996 1325 1152 1389; x_wconf 91' lang='lat' dir='ltr'>mendum</span> <span class='ocrx_word' id='word_1_47' title='bbox 1174 1330 1208 1390; x_wconf 89' lang='lat' dir='ltr'>et</span> <span class='ocrx_word' id='word_1_48' title='bbox 1230 1345 1298 1389; x_wconf 92' lang='lat' dir='ltr'>ma·</span> 
     </span>
     <span class='ocr_line' id='line_1_8' title="bbox 138 1432 1425 1517; baseline -0.002 -16"><span class='ocrx_word' id='word_1_49' title='bbox 138 1436 298 1502; x_wconf 84' lang='lat' dir='ltr'>nifestnm</span> <span class='ocrx_word' id='word_1_50' title='bbox 322 1442 357 1501; x_wconf 88' lang='lat' dir='ltr'>et</span> <span class='ocrx_word' id='word_1_51' title='bbox 378 1455 478 1514; x_wconf 89' lang='lat' dir='ltr'>nunc,</span> <span class='ocrx_word' id='word_1_52' title='bbox 508 1435 634 1517; x_wconf 92' lang='lat' dir='ltr'>optimo</span> <span class='ocrx_word' id='word_1_53' title='bbox 656 1432 741 1497; x_wconf 93' lang='lat' dir='ltr'>libro</span> <span class='ocrx_word' id='word_1_54' title='bbox 765 1435 851 1496; x_wconf 86' lang='lat' dir='ltr'>viam</span> <span class='ocrx_word' id='word_1_55' title='bbox 873 1439 1094 1511; x_wconf 79' lang='lat' dir='ltr'>monstrante,</span> <span class='ocrx_word' id='word_1_56' title='bbox 1124 1433 1298 1499; x_wconf 87' lang='lat' dir='ltr'>emendata</span> <span class='ocrx_word' id='word_1_57' title='bbox 1423 1463 1425 1466; x_wconf 95' lang='lat'>·</span> 
     </span>
     <span class='ocr_line' id='line_1_9' title="bbox 141 1540 1299 1625; baseline -0.002 -17"><span class='ocrx_word' id='word_1_58' title='bbox 141 1544 250 1610; x_wconf 81' lang='lat' dir='ltr'>facile.</span> <span class='ocrx_word' id='word_1_59' title='bbox 284 1542 456 1608; x_wconf 84' lang='lat' dir='ltr'>Edebatur</span> <span class='ocrx_word' id='word_1_60' title='bbox 479 1543 579 1607; x_wconf 91' lang='lat' dir='ltr'>enim:</span> <span class='ocrx_word' id='word_1_61' title='bbox 604 1542 699 1605; x_wconf 88' lang='lat' dir='ltr'>Dum</span> <span class='ocrx_word' id='word_1_62' title='bbox 722 1540 805 1606; x_wconf 89' lang='lat' dir='ltr'>haec</span> <span class='ocrx_word' id='word_1_63' title='bbox 827 1543 867 1606; x_wconf 94' lang='lat' dir='ltr'>in</span> <span class='ocrx_word' id='word_1_64' title='bbox 886 1540 1299 1625; x_wconf 83' lang='lat' dir='ltr'>Africa—geruntur,</span> 
     </span>
     <span class='ocr_line' id='line_1_10' title="bbox 143 1649 1300 1734; baseline -0.002 -17"><span class='ocrx_word' id='word_1_65' title='bbox 143 1651 354 1725; x_wconf 78' lang='lat' dir='ltr'>Hannibal</span> <span class='ocrx_word' id='word_1_66' title='bbox 387 1651 427 1715; x_wconf 91' lang='lat' dir='ltr'>in</span> <span class='ocrx_word' id='word_1_67' title='bbox 458 1671 554 1733; x_wconf 81' lang='lat' dir='ltr'>agro</span> <span class='ocrx_word' id='word_1_68' title='bbox 583 1649 806 1714; x_wconf 89' lang='lat' dir='ltr'>Tarentino</span> <span class='ocrx_word' id='word_1_69' title='bbox 836 1655 1018 1714; x_wconf 86' lang='lat' dir='ltr'>aestatem</span> <span class='ocrx_word' id='word_1_70' title='bbox 1046 1653 1300 1734; x_wconf 84' lang='lat' dir='ltr'>consumpsit</span> 
     </span>
     <span class='ocr_line' id='line_1_11' title="bbox 140 1750 1299 1844; baseline -0.003 -19"><span class='ocrx_word' id='word_1_71' title='bbox 140 1780 215 1844; x_wconf 85' lang='lat' dir='ltr'>spe</span> <span class='ocrx_word' id='word_1_72' title='bbox 254 1780 326 1843; x_wconf 90' lang='lat' dir='ltr'>per</span> <span class='ocrx_word' id='word_1_73' title='bbox 364 1759 648 1842; x_wconf 83' lang='lat' dir='ltr'>proditionem</span> <span class='ocrx_word' id='word_1_74' title='bbox 687 1758 802 1822; x_wconf 87' lang='lat' dir='ltr'>urbis</span> <span class='ocrx_word' id='word_1_75' title='bbox 836 1750 1152 1822; x_wconf 84' lang='lat' dir='ltr'>Tarentinorum</span> <span class='ocrx_word' id='word_1_76' title='bbox 1191 1759 1299 1841; x_wconf 93' lang='lat' dir='ltr'>poti-</span> 
     </span>
     <span class='ocr_line' id='line_1_12' title="bbox 143 1865 1300 1951; baseline -0.002 -18"><span class='ocrx_word' id='word_1_77' title='bbox 143 1867 269 1933; x_wconf 80' lang='lat' dir='ltr'>unda.</span> <span class='ocrx_word' id='word_1_78' title='bbox 324 1867 510 1951; x_wconf 88' lang='lat' dir='ltr'>Ipsorum</span> <span class='ocrx_word' id='word_1_79' title='bbox 538 1867 704 1931; x_wconf 85' lang='lat' dir='ltr'>interim</span> <span class='ocrx_word' id='word_1_80' title='bbox 733 1865 1057 1930; x_wconf 84' lang='lat' dir='ltr'>Sallentinorum</span> <span class='ocrx_word' id='word_1_81' title='bbox 1092 1866 1300 1948; x_wconf 87' lang='lat' dir='ltr'>ignobiles</span> 
     </span>
     <span class='ocr_line' id='line_1_13' title="bbox 143 1973 1300 2057; baseline 0 -17"><span class='ocrx_word' id='word_1_82' title='bbox 143 1975 268 2040; x_wconf 86' lang='lat' dir='ltr'>urbes</span> <span class='ocrx_word' id='word_1_83' title='bbox 307 1974 355 2040; x_wconf 92' lang='lat' dir='ltr'>ad</span> <span class='ocrx_word' id='word_1_84' title='bbox 395 1996 480 2039; x_wconf 92' lang='lat' dir='ltr'>eum</span> <span class='ocrx_word' id='word_1_85' title='bbox 513 1973 762 2039; x_wconf 86' lang='lat' dir='ltr'>defecerunt.</span> <span class='ocrx_word' id='word_1_86' title='bbox 825 1974 933 2051; x_wconf 85' lang='lat' dir='ltr'>Quum</span> <span class='ocrx_word' id='word_1_87' title='bbox 972 1979 1161 2057; x_wconf 84' lang='lat' dir='ltr'>appareret,</span> <span class='ocrx_word' id='word_1_88' title='bbox 1201 1996 1300 2057; x_wconf 85' lang='lat' dir='ltr'>prave</span> 
     </span>
     <span class='ocr_line' id='line_1_14' title="bbox 142 2080 1390 2166; baseline 0.003 -20"><span class='ocrx_word' id='word_1_89' title='bbox 142 2083 257 2166; x_wconf 90' lang='lat' dir='ltr'>ipsos</span> <span class='ocrx_word' id='word_1_90' title='bbox 281 2081 534 2148; x_wconf 83' lang='lat' dir='ltr'>Sallentinos</span> <span class='ocrx_word' id='word_1_91' title='bbox 558 2082 632 2162; x_wconf 90' lang='lat' dir='ltr'>dici,</span> <span class='ocrx_word' id='word_1_92' title='bbox 659 2084 715 2166; x_wconf 91' lang='lat' dir='ltr'>qui</span> <span class='ocrx_word' id='word_1_93' title='bbox 739 2088 815 2147; x_wconf 89' lang='lat' dir='ltr'>ante</span> <span class='ocrx_word' id='word_1_94' title='bbox 838 2080 1013 2162; x_wconf 85' lang='lat' dir='ltr'>significati</span> <span class='ocrx_word' id='word_1_95' title='bbox 1036 2102 1101 2145; x_wconf 91' lang='lat' dir='ltr'>non</span> <span class='ocrx_word' id='word_1_96' title='bbox 1125 2089 1251 2160; x_wconf 85' lang='lat' dir='ltr'>essent,</span> <span class='ocrx_word' id='word_1_97' title='bbox 1280 2094 1390 2162; x_wconf 69' lang='lat' dir='ltr'>e(289t</span> 
     </span>
     <span class='ocr_line' id='line_1_15' title="bbox 144 2189 1328 2280; baseline 0 -25"><span class='ocrx_word' id='word_1_98' title='bbox 144 2190 288 2255; x_wconf 87' lang='lat' dir='ltr'>Rubenii</span> <span class='ocrx_word' id='word_1_99' title='bbox 321 2192 510 2256; x_wconf 88' lang='lat' dir='ltr'>coniectura</span> <span class='ocrx_word' id='word_1_100' title='bbox 538 2190 702 2256; x_wconf 83' lang='lat' dir='ltr'>Gronovio</span> <span class='ocrx_word' id='word_1_101' title='bbox 736 2189 879 2275; x_wconf 90' lang='lat' dir='ltr'>probata</span> <span class='ocrx_word' id='word_1_102' title='bbox 911 2210 1018 2273; x_wconf 86' lang='lat' dir='ltr'>nuper</span> <span class='ocrx_word' id='word_1_103' title='bbox 1046 2191 1204 2272; x_wconf 88' lang='lat' dir='ltr'>scriptum</span> <span class='ocrx_word' id='word_1_104' title='bbox 1235 2196 1300 2255; x_wconf 90' lang='lat' dir='ltr'>est:</span> <span class='ocrx_word' id='word_1_105' title='bbox 1326 2276 1328 2280; x_wconf 19' lang='grc' dir='ltr'>ι</span> 
     </span>
     <span class='ocr_line' id='line_1_16' title="bbox 143 2296 1301 2382; baseline 0.001 -20"><span class='ocrx_word' id='word_1_106' title='bbox 143 2297 332 2382; x_wconf 90' lang='lat' dir='ltr'>Ipsorum</span> <span class='ocrx_word' id='word_1_107' title='bbox 359 2300 525 2364; x_wconf 86' lang='lat' dir='ltr'>interim</span> <span class='ocrx_word' id='word_1_108' title='bbox 554 2319 599 2362; x_wconf 90' lang='lat' dir='ltr'>ac</span> <span class='ocrx_word' id='word_1_109' title='bbox 629 2298 962 2363; x_wconf 89' lang='lat' dir='ltr'>Sallentinorum.</span> <span class='ocrx_word' id='word_1_110' title='bbox 1015 2296 1079 2361; x_wconf 85' lang='lat' dir='ltr'>Sed</span> <span class='ocrx_word' id='word_1_111' title='bbox 1107 2297 1301 2363; x_wconf 91' lang='lat' dir='ltr'>Tarentino-</span> 
     </span>
     <span class='ocr_line' id='line_1_17' title="bbox 143 2405 1303 2489; baseline 0.001 -19"><span class='ocrx_word' id='word_1_112' title='bbox 143 2427 218 2470; x_wconf 88' lang='lat' dir='ltr'>rum</span> <span class='ocrx_word' id='word_1_113' title='bbox 248 2406 346 2472; x_wconf 80' lang='lat' dir='ltr'>nullae</span> <span class='ocrx_word' id='word_1_114' title='bbox 383 2407 517 2472; x_wconf 83' lang='lat' dir='ltr'>fuerunt</span> <span class='ocrx_word' id='word_1_115' title='bbox 545 2406 644 2472; x_wconf 89' lang='lat' dir='ltr'>urbes</span> <span class='ocrx_word' id='word_1_116' title='bbox 673 2411 794 2489; x_wconf 86' lang='lat' dir='ltr'>praeter</span> <span class='ocrx_word' id='word_1_117' title='bbox 823 2405 1003 2469; x_wconf 85' lang='lat' dir='ltr'>Tarentum</span> <span class='ocrx_word' id='word_1_118' title='bbox 1031 2405 1303 2485; x_wconf 91' lang='lat' dir='ltr'>(Sallentinorum</span> 
     </span>
     <span class='ocr_line' id='line_1_18' title="bbox 143 2512 1302 2599; baseline 0.001 -21"><span class='ocrx_word' id='word_1_119' title='bbox 143 2512 289 2580; x_wconf 84' lang='lat' dir='ltr'>fortasse</span> <span class='ocrx_word' id='word_1_120' title='bbox 324 2515 451 2598; x_wconf 84' lang='lat' dir='ltr'>aliquot</span> <span class='ocrx_word' id='word_1_121' title='bbox 479 2515 667 2581; x_wconf 89' lang='lat' dir='ltr'>Tarentinis</span> <span class='ocrx_word' id='word_1_122' title='bbox 700 2514 905 2597; x_wconf 89' lang='lat' dir='ltr'>paruerunt).</span> <span class='ocrx_word' id='word_1_123' title='bbox 967 2514 1146 2594; x_wconf 75' lang='lat' dir='ltr'>Praeterea,</span> <span class='ocrx_word' id='word_1_124' title='bbox 1180 2536 1302 2599; x_wconf 84' lang='lat' dir='ltr'>praece·</span> 
     </span>
     <span class='ocr_line' id='line_1_19' title="bbox 144 2621 1303 2705; baseline 0 -19"><span class='ocrx_word' id='word_1_125' title='bbox 144 2621 245 2687; x_wconf 88' lang='lat' dir='ltr'>dente</span> <span class='ocrx_word' id='word_1_126' title='bbox 284 2623 323 2687; x_wconf 93' lang='lat' dir='ltr'>in</span> <span class='ocrx_word' id='word_1_127' title='bbox 363 2643 460 2705; x_wconf 83' lang='lat' dir='ltr'>agro</span> <span class='ocrx_word' id='word_1_128' title='bbox 499 2622 743 2701; x_wconf 90' lang='lat' dir='ltr'>Tarentino,</span> <span class='ocrx_word' id='word_1_129' title='bbox 783 2622 1023 2687; x_wconf 91' lang='lat' dir='ltr'>subiiciendum</span> <span class='ocrx_word' id='word_1_130' title='bbox 1060 2629 1190 2687; x_wconf 87' lang='lat' dir='ltr'>tantum</span> <span class='ocrx_word' id='word_1_131' title='bbox 1229 2629 1303 2688; x_wconf 91' lang='lat' dir='ltr'>erat</span> 
     </span>
     <span class='ocr_line' id='line_1_20' title="bbox 145 2729 1302 2812; baseline 0.002 -18"><span class='ocrx_word' id='word_1_132' title='bbox 145 2729 261 2794; x_wconf 89' lang='lat' dir='ltr'>urbis</span> <span class='ocrx_word' id='word_1_133' title='bbox 283 2729 499 2812; x_wconf 76' lang='lat' dir='ltr'>potiunda,</span> <span class='ocrx_word' id='word_1_134' title='bbox 522 2751 589 2796; x_wconf 91' lang='lat' dir='ltr'>non</span> <span class='ocrx_word' id='word_1_135' title='bbox 612 2730 800 2796; x_wconf 89' lang='lat' dir='ltr'>addendum</span> <span class='ocrx_word' id='word_1_136' title='bbox 822 2730 1152 2794; x_wconf 53' lang='lat' dir='ltr'>Tarentinorum,</span> <span class='ocrx_word' id='word_1_137' title='bbox 1181 2732 1244 2796; x_wconf 89' lang='lat' dir='ltr'>Sed</span> <span class='ocrx_word' id='word_1_138' title='bbox 1269 2733 1302 2796; x_wconf 93' lang='lat' dir='ltr'>in</span> 
     </span>
     <span class='ocr_line' id='line_1_21' title="bbox 144 2836 1302 2922; baseline 0.002 -21"><span class='ocrx_word' id='word_1_139' title='bbox 144 2836 170 2901; x_wconf 93' lang='lat' dir='ltr'>P</span> <span class='ocrx_word' id='word_1_140' title='bbox 193 2836 354 2902; x_wconf 88' lang='lat' dir='ltr'>scribitur</span> <span class='ocrx_word' id='word_1_141' title='bbox 380 2838 420 2902; x_wconf 93' lang='lat' dir='ltr'>in</span> <span class='ocrx_word' id='word_1_142' title='bbox 448 2859 547 2920; x_wconf 84' lang='lat' dir='ltr'>agro</span> <span class='ocrx_word' id='word_1_143' title='bbox 570 2839 788 2904; x_wconf 87' lang='lat' dir='ltr'>talentino.</span> <span class='ocrx_word' id='word_1_144' title='bbox 840 2837 1027 2922; x_wconf 87' lang='lat' dir='ltr'>Scripserat</span> <span class='ocrx_word' id='word_1_145' title='bbox 1048 2839 1149 2919; x_wconf 86' lang='lat' dir='ltr'>igitur</span> <span class='ocrx_word' id='word_1_146' title='bbox 1173 2840 1302 2903; x_wconf 87' lang='lat' dir='ltr'>Livius:</span> 
     </span>
    </p>

    <p class='ocr_par' dir='ltr' id='par_1_5' title="bbox 145 2943 1304 3030">
     <span class='ocr_line' id='line_1_22' title="bbox 145 2943 1304 3030; baseline 0.001 -20"><span class='ocrx_word' id='word_1_147' title='bbox 145 2944 187 3010; x_wconf 89' lang='grc' dir='ltr'>Η.</span> <span class='ocrx_word' id='word_1_148' title='bbox 209 2946 252 3010; x_wconf 90' lang='lat' dir='ltr'>in</span> <span class='ocrx_word' id='word_1_149' title='bbox 280 2965 376 3028; x_wconf 80' lang='lat' dir='ltr'>agro</span> <span class='ocrx_word' id='word_1_150' title='bbox 400 2943 631 3011; x_wconf 89' lang='lat' dir='ltr'>Sallentino</span> <span class='ocrx_word' id='word_1_151' title='bbox 660 2952 841 3011; x_wconf 75' lang='lat' dir='ltr'>aestatem</span> <span class='ocrx_word' id='word_1_152' title='bbox 870 2947 1134 3029; x_wconf 86' lang='lat' dir='ltr'>consumpsit,</span> <span class='ocrx_word' id='word_1_153' title='bbox 1164 2968 1233 3030; x_wconf 92' lang='lat' dir='ltr'>spe</span> <span class='ocrx_word' id='word_1_154' title='bbox 1260 2981 1304 2990; x_wconf 95' lang='lat'>—</span> 
     </span>
    </p>
   </div>
   <div class='ocr_carea' id='block_1_5' title="bbox 148 3045 1306 3676">
    <p class='ocr_par' dir='ltr' id='par_1_6' title="bbox 148 3045 1306 3676">
     <span class='ocr_line' id='line_1_23' title="bbox 148 3045 1303 3137; baseline -0.002 -20"><span class='ocrx_word' id='word_1_155' title='bbox 148 3053 262 3119; x_wconf 88' lang='lat' dir='ltr'>urbis</span> <span class='ocrx_word' id='word_1_156' title='bbox 298 3052 611 3118; x_wconf 80' lang='lat' dir='ltr'>Tarentinorum</span> <span class='ocrx_word' id='word_1_157' title='bbox 646 3053 713 3135; x_wconf 90' lang='lat' dir='ltr'>(cui</span> <span class='ocrx_word' id='word_1_158' title='bbox 745 3045 786 3119; x_wconf 69' lang='lat' dir='ltr'>is¹</span> <span class='ocrx_word' id='word_1_159' title='bbox 808 3074 887 3137; x_wconf 86' lang='lat' dir='ltr'>ager</span> <span class='ocrx_word' id='word_1_160' title='bbox 920 3055 1045 3117; x_wconf 86' lang='lat' dir='ltr'>ricinus</span> <span class='ocrx_word' id='word_1_161' title='bbox 1080 3054 1164 3134; x_wconf 89' lang='lat' dir='ltr'>erat)</span> <span class='ocrx_word' id='word_1_162' title='bbox 1195 3055 1303 3137; x_wconf 89' lang='lat' dir='ltr'>poti-</span> 
     </span>
     <span class='ocr_line' id='line_1_24' title="bbox 149 3160 1303 3246; baseline 0 -21"><span class='ocrx_word' id='word_1_163' title='bbox 149 3161 274 3226; x_wconf 80' lang='lat' dir='ltr'>unda.</span> <span class='ocrx_word' id='word_1_164' title='bbox 330 3161 516 3245; x_wconf 90' lang='lat' dir='ltr'>Ipsorum</span> <span class='ocrx_word' id='word_1_165' title='bbox 544 3163 711 3227; x_wconf 89' lang='lat' dir='ltr'>interim</span> <span class='ocrx_word' id='word_1_166' title='bbox 734 3161 837 3246; x_wconf 91' lang='lat' dir='ltr'>(apud</span> <span class='ocrx_word' id='word_1_167' title='bbox 861 3183 944 3243; x_wconf 89' lang='lat' dir='ltr'>quos</span> <span class='ocrx_word' id='word_1_168' title='bbox 969 3161 1119 3241; x_wconf 88' lang='lat' dir='ltr'>sedebat)</span> <span class='ocrx_word' id='word_1_169' title='bbox 1144 3160 1303 3225; x_wconf 90' lang='lat' dir='ltr'>Sallen-</span> 
     </span>
     <span class='ocr_line' id='line_1_25' title="bbox 149 3268 1304 3354; baseline 0 -22"><span class='ocrx_word' id='word_1_170' title='bbox 149 3270 326 3335; x_wconf 87' lang='lat' dir='ltr'>tinorum</span> <span class='ocrx_word' id='word_1_171' title='bbox 348 3276 410 3335; x_wconf 85' lang='lat' dir='ltr'>cet.</span> <span class='ocrx_word' id='word_1_172' title='bbox 463 3268 541 3354; x_wconf 87' lang='lat' dir='ltr'>Oap.</span> <span class='ocrx_word' id='word_1_173' title='bbox 565 3274 595 3347; x_wconf 88' lang='lat'>8,</span> <span class='ocrx_word' id='word_1_174' title='bbox 628 3274 666 3333; x_wconf 81' lang='lat'>12</span> <span class='ocrx_word' id='word_1_175' title='bbox 695 3269 797 3333; x_wconf 89' lang='lat' dir='ltr'>tridui</span> <span class='ocrx_word' id='word_1_176' title='bbox 820 3271 905 3333; x_wconf 90' lang='lat' dir='ltr'>viam</span> <span class='ocrx_word' id='word_1_177' title='bbox 929 3291 949 3333; x_wconf 90' lang='lat' dir='ltr'>a</span> <span class='ocrx_word' id='word_1_178' title='bbox 971 3270 1114 3333; x_wconf 88' lang='lat' dir='ltr'>Tarento</span> <span class='ocrx_word' id='word_1_179' title='bbox 1138 3269 1304 3333; x_wconf 87' lang='lat' dir='ltr'>Hannibal</span> 
     </span>
     <span class='ocr_line' id='line_1_26' title="bbox 150 3376 1304 3460; baseline 0 -20"><span class='ocrx_word' id='word_1_180' title='bbox 150 3377 273 3442; x_wconf 83' lang='lat' dir='ltr'>afuisse</span> <span class='ocrx_word' id='word_1_181' title='bbox 301 3377 432 3442; x_wconf 89' lang='lat' dir='ltr'>dicitur.</span> <span class='ocrx_word' id='word_1_182' title='bbox 487 3377 591 3441; x_wconf 92' lang='lat' dir='ltr'>Paulo</span> <span class='ocrx_word' id='word_1_183' title='bbox 621 3382 698 3460; x_wconf 89' lang='lat' dir='ltr'>post</span> <span class='ocrx_word' id='word_1_184' title='bbox 728 3376 759 3458; x_wconf 61' lang='grc' dir='ltr'>(ἕ</span> <span class='ocrx_word' id='word_1_185' title='bbox 783 3377 816 3457; x_wconf 83' lang='grc'>6)</span> <span class='ocrx_word' id='word_1_186' title='bbox 840 3379 1006 3457; x_wconf 86' lang='lat' dir='ltr'>geminata</span> <span class='ocrx_word' id='word_1_187' title='bbox 1033 3378 1148 3442; x_wconf 89' lang='lat' dir='ltr'>littera</span> <span class='ocrx_word' id='word_1_188' title='bbox 1176 3378 1194 3438; x_wconf 90' lang='lat' dir='ltr'>d</span> <span class='ocrx_word' id='word_1_189' title='bbox 1225 3379 1304 3442; x_wconf 90' lang='lat' dir='ltr'>scri·</span> 
     </span>
     <span class='ocr_line' id='line_1_27' title="bbox 152 3481 1306 3567; baseline -0.001 -17"><span class='ocrx_word' id='word_1_190' title='bbox 152 3481 293 3551; x_wconf 87' lang='lat' dir='ltr'>bendum</span> <span class='ocrx_word' id='word_1_191' title='bbox 323 3491 420 3567; x_wconf 90' lang='lat' dir='ltr'>puto:</span> <span class='ocrx_word' id='word_1_192' title='bbox 455 3485 568 3562; x_wconf 83' lang='lat' dir='ltr'>Quod</span> <span class='ocrx_word' id='word_1_193' title='bbox 598 3483 756 3550; x_wconf 91' lang='lat' dir='ltr'>diutins</span> <span class='ocrx_word' id='word_1_194' title='bbox 786 3483 1035 3550; x_wconf 89' lang='lat' dir='ltr'>trahebatur</span> <span class='ocrx_word' id='word_1_195' title='bbox 1065 3485 1231 3565; x_wconf 89' lang='lat' dir='ltr'>bellum,</span> <span class='ocrx_word' id='word_1_196' title='bbox 1265 3491 1306 3549; x_wconf 91' lang='lat' dir='ltr'>et</span> 
     </span>
     <span class='ocr_line' id='line_1_28' title="bbox 153 3592 1305 3676; baseline 0.005 -24"><span class='ocrx_word' id='word_1_197' title='bbox 153 3592 368 3658; x_wconf 79' lang='lat' dir='ltr'>variabant</span> <span class='ocrx_word' id='word_1_198' title='bbox 395 3593 583 3657; x_wconf 87' lang='lat' dir='ltr'>secundae</span> <span class='ocrx_word' id='word_1_199' title='bbox 612 3592 871 3676; x_wconf 82' lang='lat' dir='ltr'>adversaeque</span> <span class='ocrx_word' id='word_1_200' title='bbox 902 3614 966 3658; x_wconf 90' lang='lat' dir='ltr'>res</span> <span class='ocrx_word' id='word_1_201' title='bbox 989 3595 1208 3658; x_wconf 89' lang='lat' dir='ltr'>-animos</span> <span class='ocrx_word' id='word_1_202' title='bbox 1236 3593 1305 3658; x_wconf 91' lang='lat' dir='ltr'>ho·</span> 
     </span>
    </p>
   </div>
   <div class='ocr_carea' id='block_1_6' title="bbox 150 3694 1305 3893">
    <p class='ocr_par' dir='ltr' id='par_1_7' title="bbox 150 3694 1305 3893">
     <span class='ocr_line' id='line_1_29' title="bbox 152 3694 1305 3783; baseline -0.001 -17"><span class='ocrx_word' id='word_1_203' title='bbox 152 3694 296 3766; x_wconf 83' lang='lat' dir='ltr'>minum</span> <span class='ocrx_word' id='word_1_204' title='bbox 329 3706 391 3766; x_wconf 88' lang='lat' dir='ltr'>cet.</span> <span class='ocrx_word' id='word_1_205' title='bbox 452 3700 537 3764; x_wconf 90' lang='lat' dir='ltr'>Nam</span> <span class='ocrx_word' id='word_1_206' title='bbox 576 3718 651 3782; x_wconf 90' lang='lat' dir='ltr'>quo</span> <span class='ocrx_word' id='word_1_207' title='bbox 693 3722 767 3765; x_wconf 92' lang='lat' dir='ltr'>cum</span> <span class='ocrx_word' id='word_1_208' title='bbox 800 3700 1020 3766; x_wconf 89' lang='lat' dir='ltr'>variabant</span> <span class='ocrx_word' id='word_1_209' title='bbox 1054 3704 1206 3783; x_wconf 85' lang='lat' dir='ltr'>coniungi</span> <span class='ocrx_word' id='word_1_210' title='bbox 1240 3723 1305 3766; x_wconf 92' lang='lat' dir='ltr'>non</span> 
     </span>
     <span class='ocr_line' id='line_1_30' title="bbox 150 3809 445 3893; baseline 0 -19"><span class='ocrx_word' id='word_1_211' title='bbox 150 3809 281 3874; x_wconf 81' lang='lat' dir='ltr'>videtur</span> <span class='ocrx_word' id='word_1_212' title='bbox 302 3809 445 3893; x_wconf 88' lang='lat' dir='ltr'>posse.¹)</span> 
     </span>
    </p>
   </div>
   <div class='ocr_carea' id='block_1_7' title="bbox 180 4078 1306 4320">
    <p class='ocr_par' dir='ltr' id='par_1_8' title="bbox 180 4078 1306 4320">
     <span class='ocr_line' id='line_1_31' title="bbox 180 4078 1306 4155; baseline -0.002 -21"><span class='ocrx_word' id='word_1_213' title='bbox 180 4081 205 4146; x_wconf 91' lang='lat'>¹)</span> <span class='ocrx_word' id='word_1_214' title='bbox 225 4080 252 4134; x_wconf 83' lang='lat' dir='ltr'>C.</span> <span class='ocrx_word' id='word_1_215' title='bbox 272 4082 303 4147; x_wconf 77' lang='lat'>4,</span> <span class='ocrx_word' id='word_1_216' title='bbox 330 4082 347 4134; x_wconf 80' lang='lat' dir='ltr'>&#39;t</span> <span class='ocrx_word' id='word_1_217' title='bbox 368 4098 420 4152; x_wconf 85' lang='lat' dir='ltr'>pro</span> <span class='ocrx_word' id='word_1_218' title='bbox 443 4085 522 4136; x_wconf 86' lang='lat' dir='ltr'>acta</span> <span class='ocrx_word' id='word_1_219' title='bbox 545 4080 725 4135; x_wconf 84' lang='lat' dir='ltr'>scribendum</span> <span class='ocrx_word' id='word_1_220' title='bbox 749 4096 809 4133; x_wconf 86' lang='lat' dir='ltr'>esse</span> <span class='ocrx_word' id='word_1_221' title='bbox 833 4087 981 4155; x_wconf 82' lang='lat' dir='ltr'>accepta</span> <span class='ocrx_word' id='word_1_222' title='bbox 1004 4080 1063 4133; x_wconf 82' lang='lat' dir='ltr'>dixi</span> <span class='ocrx_word' id='word_1_223' title='bbox 1088 4078 1188 4149; x_wconf 88' lang='lat' dir='ltr'>Opuso.</span> <span class='ocrx_word' id='word_1_224' title='bbox 1208 4080 1257 4134; x_wconf 86' lang='lat' dir='ltr'>Ac.</span> <span class='ocrx_word' id='word_1_225' title='bbox 1277 4079 1306 4132; x_wconf 90' lang='lat' dir='ltr'>II</span> 
     </span>
     <span class='ocr_line' id='line_1_32' title="bbox 219 4164 1305 4237; baseline -0.003 -15"><span class='ocrx_word' id='word_1_226' title='bbox 219 4185 246 4237; x_wconf 91' lang='lat' dir='ltr'>p.</span> <span class='ocrx_word' id='word_1_227' title='bbox 270 4169 322 4222; x_wconf 71' lang='lat'>362</span> <span class='ocrx_word' id='word_1_228' title='bbox 351 4174 519 4236; x_wconf 81' lang='lat' dir='ltr'>secutusque</span> <span class='ocrx_word' id='word_1_229' title='bbox 542 4172 584 4220; x_wconf 86' lang='lat' dir='ltr'>est</span> <span class='ocrx_word' id='word_1_230' title='bbox 607 4165 861 4220; x_wconf 86' lang='lat' dir='ltr'>Weissenbornius.</span> <span class='ocrx_word' id='word_1_231' title='bbox 908 4167 1008 4234; x_wconf 87' lang='lat' dir='ltr'>ltaque</span> <span class='ocrx_word' id='word_1_232' title='bbox 1032 4166 1102 4219; x_wconf 92' lang='lat' dir='ltr'>nihil</span> <span class='ocrx_word' id='word_1_233' title='bbox 1126 4165 1207 4218; x_wconf 91' lang='lat' dir='ltr'>addo.</span> <span class='ocrx_word' id='word_1_234' title='bbox 1254 4164 1305 4232; x_wconf 80' lang='lat' dir='ltr'>[De</span> 
     </span>
     <span class='ocr_line' id='line_1_33' title="bbox 219 4249 833 4320; baseline -0.003 -14"><span class='ocrx_word' id='word_1_235' title='bbox 219 4257 322 4307; x_wconf 80' lang='lat' dir='ltr'>notato</span> <span class='ocrx_word' id='word_1_236' title='bbox 341 4269 365 4307; x_wconf 93' lang='lat' dir='ltr'>c.</span> <span class='ocrx_word' id='word_1_237' title='bbox 383 4255 409 4320; x_wconf 79' lang='lat'>5,</span> <span class='ocrx_word' id='word_1_238' title='bbox 427 4255 444 4308; x_wconf 78' lang='grc'><strong>3</strong></span> <span class='ocrx_word' id='word_1_239' title='bbox 463 4258 498 4306; x_wconf 90' lang='lat' dir='ltr'>et</span> <span class='ocrx_word' id='word_1_240' title='bbox 516 4251 587 4306; x_wconf 90' lang='lat' dir='ltr'>nihil</span> <span class='ocrx_word' id='word_1_241' title='bbox 605 4268 675 4320; x_wconf 89' lang='lat' dir='ltr'>opus</span> <span class='ocrx_word' id='word_1_242' title='bbox 695 4257 739 4304; x_wconf 88' lang='lat' dir='ltr'>est</span> <span class='ocrx_word' id='word_1_243' title='bbox 757 4249 833 4319; x_wconf 82' lang='lat' dir='ltr'>dici]</span> 
     </span>
    </p>
   </div>
   <div class='ocr_carea' id='block_1_8' title="bbox 0 0 1518 5116">
    <p class='ocr_par' dir='ltr' id='par_1_9' title="bbox 0 0 1518 5116">
     <span class='ocr_line' id='line_1_34' title="bbox 0 0 1518 5116; baseline 0 0"><span class='ocrx_word' id='word_1_244' title='bbox 0 0 1518 5116; x_wconf 95' lang='lat' dir='ltr'> </span> 
     </span>
    </p>
   </div>
  </div>
 </body>
</html>
