2994 5108
231 482 292 535 Lib.
311 482 435 535 XXXIV.
775 473 836 532 504

233 675 252 716 a
279 653 417 718 librario
446 652 524 717 addi
553 675 618 717 non
647 655 808 736 potuissc;
842 656 914 737 quis
949 655 1033 720 enim
1061 653 1277 737 vulgatissimi
1305 675 1388 719 usus

233 760 388 825 adverbio
417 767 530 825 recte
559 760 789 845 adscripturus
817 762 1058 846 interpretandi
1088 782 1191 826 causa
1214 770 1288 826 erat
1309 783 1382 846 pro·

233 870 337 952 priam
361 869 440 932 iuris
462 865 660 932 formulam?
687 890 794 952 neque
817 891 856 933 ex
880 870 1137 954 publicumve
1161 880 1231 934 aut
1253 871 1386 953 priva·

233 987 311 1040 tum
346 974 442 1040 facile
471 976 551 1039 oriri
578 977 687 1058 potuit
714 976 883 1061 publice
912 983 982 1042 aut
1010 977 1210 1059 privatim.
1266 975 1386 1060 Itaque

233 1087 338 1150 eidem
363 1082 484 1160 codici,
519 1104 558 1148 ex
581 1104 646 1165 quo
669 1092 739 1150 tam
761 1085 873 1149 multis
895 1085 977 1150 locis
1001 1083 1159 1167 suppletas
1181 1083 1312 1149 lacunae
1326 1104 1387 1149 ce·

232 1201 378 1257 tercium
401 1198 493 1269 sunt,
527 1191 581 1255 hio
605 1212 735 1273 quoque
758 1193 806 1256 ita
829 1192 1026 1258 credendum
1050 1198 1146 1275 puto,
1179 1199 1218 1256 ut
1240 1212 1384 1256 eruorem

233 1310 290 1365 aut
323 1301 365 1364 ab
399 1300 472 1382 ipss
505 1299 671 1381 scriptura
704 1308 763 1364 aut
795 1300 837 1364 ab
868 1302 938 1363 eius
965 1300 1137 1364 notatione
1167 1296 1293 1364 afuisse
1319 1321 1385 1363 non

233 1416 354 1493 putem.
398 1405 517 1487 Magno
541 1426 640 1489 opere
664 1403 801 1470 offendit
823 1406 959 1488 diligens
980 1407 1040 1472 illa
1062 1407 1206 1471 omnium
1229 1427 1386 1492 generum

232 1517 472 1599 mancipiorum
504 1515 707 1577 enumeratio
742 1513 988 1596 distinctioque,
1029 1535 1128 1596 quum
1163 1515 1245 1579 satis
1281 1522 1385 1579 esset:

232 1645 279 1689 ne
318 1621 421 1705 quod
455 1620 706 1703 mancipium.
768 1621 871 1703 Regia
909 1623 1073 1705 mancipia
1111 1620 1205 1686 video
1238 1622 1386 1705 intellegi

233 1731 376 1815 Philippi
398 1730 501 1810 regis3
535 1727 592 1791 sed
616 1748 675 1791 cur
698 1727 738 1791 dc
760 1728 801 1792 iis
823 1727 878 1792 hio
901 1736 1065 1806 caveatur,
1089 1750 1154 1793 uon
1178 1735 1331 1812 apparet,
1353 1738 1389 1794 et

234 1838 410 1904 admodum
439 1835 593 1917 ambigua
620 1834 677 1898 illa
705 1834 901 1916 significatio
925 1843 1027 1903 esset.
1063 1834 1153 1899 nulla
1180 1836 1388 1919 praecedento

233 1950 265 2011 in
288 1947 351 2010 hoc
373 1952 446 2009 tota
467 1964 503 2007 re
525 1941 666 2025 Philippi
690 1944 869 2023 mention03
898 1945 963 2008 imo
987 1943 1124 2008 Nabidis
1147 1943 1388 2025 significantur,

235 2056 274 2120 de
299 2076 362 2137 quc
387 2053 484 2117 etiam
509 2070 534 2114 o.
561 2053 609 2128 36,
633 2057 651 2111 4
674 2052 812 2131 regius
836 2050 973 2130 dicitur3
1008 2072 1083 2114 suos
1113 2052 1185 2133 ipse
1214 2072 1327 2117 servos
1350 2059 1389 2117 ut

234 2162 397 2238 educeret,
420 2156 686 2242 permittebatur.
737 2157 807 2221 Nisi
828 2157 935 2236 fallor,
957 2157 1068 2222 Livius
1092 2158 1140 2222 sic
1162 2159 1313 2241 scripsit:
1341 2180 1387 2224 ne

234 2268 337 2352 quod
376 2265 470 2331 iude
509 2265 752 2347 mancipium
790 2266 871 2328 nisi
909 2266 1065 2347 regium
1103 2265 1274 2348 publica
1313 2276 1388 2332 aut

164 2419 168 2427 ·
232 2374 423 2458 privatim
457 2372 705 2437 educeretur
732 2373 817 2437 sinc
846 2371 938 2437 dolo
968 2374 1088 2452 malo;
1121 2374 1155 2437 si
1186 2395 1264 2455 qua
1293 2384 1388 2440 aute

233 2482 382 2546 educta
409 2486 469 2544 cet.
522 2479 624 2543 Recte
652 2480 717 2543 iam
740 2486 883 2557 cavetur,
911 2488 949 2544 ut
971 2480 1066 2545 dolus
1088 2481 1194 2545 malus
1216 2480 1316 2561 absit,
1345 2504 1388 2546 ne

233 2611 293 2672 pro
322 2587 419 2670 regiis
448 2587 503 2650 alii
533 2585 723 2651 educantur.
775 2586 915 2651 Vetatur
938 2593 1048 2652 autem
1071 2595 1104 2654 et
1125 2587 1230 2652 Nabis
1253 2588 1389 2672 publica

234 2704 267 2760 et
299 2695 437 2759 Nabidis
479 2693 621 2776 praefecti
663 2692 848 2775 militesque
881 2696 1032 2778 privatim
1068 2695 1217 2760 educare.
1280 2694 1388 2772 Quum

234 2804 489 2886 publicumve
519 2807 588 2864 aut
611 2801 817 2882 privatum
842 2803 1001 2884 scriptum
1025 2812 1124 2881 esset,
1153 2802 1261 2866 altera
1284 2805 1389 2888 scrip-

233 2918 324 2986 tura,
366 2911 398 2973 in
434 2909 579 2990 margine
620 2907 795 2983 adnotata,
836 2910 869 2972 in
903 2909 1045 2973 alienum
1080 2909 1187 2973 locum
1222 2912 1389 2976 translata

233 3015 406 3097 videtur.¹)

319 3123 397 3207 Cap.
439 3128 493 3200 36,
536 3126 567 3184 3;
613 3122 870 3187 iuventutem
909 3131 1110 3207 praeterea
1151 3126 1388 3190 civitatium

234 3254 370 3297 earum
399 3231 667 3309 (maritimarum,
703 3230 822 3311 quibus
853 3231 970 3296 cedere
992 3231 1097 3295 Nabis
1121 3231 1316 3314 iubebatur)
1342 3234 1390 3298 ad

235 3339 560 3422 supplementum
594 3337 714 3418 longe
750 3339 892 3418 optimi
923 3340 1084 3420 generis
1112 3339 1289 3403 militum
1319 3341 1391 3405 ha·

234 3448 363 3511 bebat.
419 3444 533 3527 Neque
568 3446 823 3508 iuventutem
861 3445 1013 3510 habere
1043 3446 1090 3509 ad
1120 3446 1389 3529 supplemen-

235 3571 314 3618 tum
333 3554 408 3621 (hoo
427 3559 485 3629 ast,
503 3551 589 3615 uude
610 3550 873 3634 supplementum
892 3553 1056 3634 capiatur)
1078 3552 1195 3617 Latine
1214 3553 1282 3619 dici
1300 3564 1392 3638 puto,

235 3684 293 3726 uec
324 3660 372 3723 ad
402 3659 723 3741 supplementum
747 3660 887 3741 optimi
912 3662 1073 3740 generis
1096 3661 1293 3742 militum;
1329 3663 1392 3728 hoc

235 3770 322 3833 euim
350 3769 413 3831 erit
442 3765 489 3829 ad
521 3765 790 3847 supplendum
819 3767 1010 3849 optimum
1039 3789 1166 3850 genus
1194 3768 1392 3839 militum.

234 3884 270 3940 ut
293 3896 357 3938 uon
380 3876 454 3957 ipsa
476 3872 546 3936 hmo
569 3873 717 3936 iuventus
741 3873 910 3951 laudetur,
939 3873 997 3938 sad
1026 3874 1166 3937 militum
1191 3874 1256 3939 illac
1279 3878 1392 3959 copia,

235 4005 306 4068 quae
334 3981 408 4045 inde
440 3980 663 4062 suppleantur.
705 3980 858 4043 Latinum
881 3989 914 4044 et
937 3989 1064 4046 rectum
1088 3988 1173 4045 erat:
1199 3982 1393 4049 Iuventu-

150 4092 220 4156 (405)
239 4096 526 4171 tempraeterea
540 4088 767 4150 civitatium
782 4089 1419 4173 earumsupplementumlonge

265 4319 288 4384 ¹)
308 4317 399 4384 [18633
418 4335 482 4370 nam
501 4325 585 4369 antes
604 4318 686 4369 aliam
706 4319 896 4371 coniecturam
914 4319 1138 4388 proposueram]
