2994 5108
153 538 155 543 ,
217 463 278 517 nro.
297 462 394 517 xmv.
764 451 824 513 702

304 635 381 719 Cap.
406 639 455 714 33,
484 642 497 700 1
531 636 622 720 (post
644 635 810 713 lacunam,
844 636 901 699 nbi
935 635 975 699 de
1003 634 1039 699 L.
1069 634 1204 700 AEmilio
1239 634 1365 699 consule

219 765 312 827 aquae
331 745 459 828 inopiae,
478 766 544 827 qua
562 744 725 808 exercitus
744 743 928 821 laborabat,
948 764 1140 809 succurrere
1159 751 1279 808 conato
1297 765 1366 807 nar·

217 852 342 934 ratur):
375 852 587 916 Postremo
618 852 734 934 sequi
769 872 808 916 se
838 853 1020 917 utrarios
1043 852 1091 915 ad
1115 872 1243 929 mare,
1266 850 1365 935 quod

218 961 349 1025 minus
373 967 586 1025 trecentos
610 981 754 1043 passus
778 959 940 1036 aberat,
971 960 1099 1025 iussit
1127 966 1167 1024 et
1189 960 1229 1023 in
1249 959 1368 1023 litore

218 1069 322 1134 alios
344 1067 447 1132 alibi
478 1067 653 1133 modicis
687 1068 925 1133 intervallis
958 1067 1108 1134 fodere.
1153 1066 1369 1144 Uttariorum,

219 1177 307 1262 quod
330 1198 447 1242 nomen
471 1175 550 1240 alibi
583 1197 650 1241 non
673 1177 854 1260 reperitur,
883 1177 956 1258 quis
985 1197 1064 1240 usus
1086 1175 1243 1240 fueritin
1266 1176 1369 1258 puteis

218 1285 391 1362 fodiendis,
410 1283 543 1349 difficile
562 1290 611 1348 est
631 1283 818 1364 intellectu;
842 1285 869 1348 si
887 1305 980 1368 aquae
998 1285 1093 1368 copia
1110 1295 1230 1367 parata
1247 1282 1369 1360 fuisset,

218 1394 347 1458 utribus
371 1414 443 1457 eam
465 1365 634 1457 in⁴oastra
655 1392 779 1488 milites
802 1392 867 1475 ipsi
889 1399 1092 1475 portassent,
1115 1413 1182 1456 non
1204 1392 1369 1474 proprium

220 1502 354 1584 aliquod
398 1501 566 1565 hominum
609 1522 720 1582 genus.
766 1498 892 1565 Codex:
939 1500 1053 1584 sequi
1098 1499 1367 1564 sedutrarios.

220 1609 331 1674 Livius
365 1610 557 1692 scripserat:
592 1609 709 1692 sequi
731 1630 771 1674 so
793 1608 991 1689 putearios
1015 1607 1046 1688 (p
1074 1607 1205 1691 prod).
1250 1606 1370 1671 Eorum

219 1717 273 1782 hic
294 1717 390 1782 lebor
412 1724 485 1781 erat
507 1726 681 1800 puteorum
697 1715 938 1795 fodiendorom;
961 1737 1079 1781 nomen
1098 1723 1149 1781 est
1168 1717 1270 1780 etiam
1286 1714 1370 1800 apud

134 1823 205 1895 (⁶⁸3)
224 1825 366 1889 Plinium
389 1825 556 1890 Maiorem.
603 1825 697 1903 Quod
726 1832 836 1890 autem
860 1824 1032 1890 subiicitur
1055 1822 1085 1906 (ξ
1109 1824 1152 1907 2),
1177 1832 1305 1889 montes
1326 1825 1372 1888 in·

222 1935 327 2016 gentis
361 1934 547 1998 altitudinis
582 1955 673 2017 spem
707 1933 833 2012 fecisse,
868 1953 911 1998 eo
941 1935 1088 2015 magis,
1118 1933 1215 2015 quia
1237 1931 1372 1996 nullos

221 2048 389 2125 apertos
412 2049 651 2123 evergorent
673 2042 797 2120 rivos,
827 2041 1010 2106 occultos
1034 2042 1248 2106 continere
1273 2038 1372 2122 (recte

220 2149 387 2215 Dukorus:
412 2149 631 2230 contineri)
654 2149 822 2228 latices,
845 2170 911 2213 non
933 2150 1039 2214 solum
1060 2149 1140 2213 alibi
1162 2171 1228 2214 non
1252 2149 1372 2232 reperi·

220 2266 276 2323 tur
310 2279 520 2340 evergere,
556 2257 616 2321 sod
648 2277 688 2321 ne
717 2278 886 2339 vergere
916 2257 1046 2340 quidem
1074 2257 1182 2340 ipsum
1205 2257 1372 2321 transitive

221 2367 343 2432 dicitur
365 2367 429 2431 nisi
452 2365 541 2448 apud
564 2372 678 2448 poetas
703 2364 943 2448 significatione
961 2363 1025 2430 alio
1044 2363 1235 2443 inclinante,
1260 2365 1299 2428 de
1317 2363 1372 2427 lm-

222 2495 311 2538 more
334 2476 368 2538 in
390 2494 447 2538 vas
471 2472 670 2538 infundendo
694 2471 924 2555 (eingiessen).¹
961 2473 997 2536 ln
1021 2471 1133 2537 codice
1162 2480 1229 2537 est:
1265 2492 1371 2536 ever·

221 2583 468 2663 genttrivos3
503 2581 574 2644 fieri
602 2588 728 2663 potest,
762 2588 800 2644 ut
831 2581 990 2662 scriptum
1011 2579 1112 2644 fuerit
1135 2580 1213 2645 olim
1242 2601 1370 2663 egere·

220 2699 310 2755 rent
333 2696 392 2753 aut
415 2691 624 2770 erigerent
647 2687 855 2769 (ἀναπέμπειν).
901 2687 1004 2751 Paulo
1028 2694 1106 2769 post
1130 2686 1160 2770 (ἐ
1185 2687 1227 2769 5),
1256 2688 1311 2752 ubi
1333 2685 1370 2750 de

220 2800 379 2863 institutis
402 2798 525 2862 AEmilii
547 2799 582 2862 in
611 2819 645 2861 re
674 2797 811 2860 militari
839 2798 962 2879 agitur,
997 2796 1066 2859 baec
1100 2796 1269 2877 leguntur:
1303 2794 1369 2857 His

222 2909 322 2971 satis
347 2906 574 2989 exploratis
597 2904 670 2967 illa
693 2926 852 2986 quoque
876 2905 1064 2987 primum,
1096 2914 1140 2966 ut
1164 2904 1306 2968 ordine
1329 2922 1368 2965 ac

220 3017 305 3080 sine
339 3014 517 3079 tumultu
549 3013 681 3076 omnia
704 3012 753 3075 ad
783 3019 919 3076 nutum
942 3012 1237 3094 imperiumque
1263 3010 1367 3074 ducis

220 3125 385 3199 fierent,
416 3120 605 3205 providit.
651 3119 723 3182 Non
747 3127 855 3201 potest
878 3121 923 3183 sic
946 3120 1131 3202 pronomini
1155 3119 1293 3202 pluralis
1315 3138 1368 3181 nu·

220 3234 309 3310 meri,
345 3252 392 3306 ea,
428 3251 499 3311 quae
534 3228 741 3291 subiecturus
776 3229 917 3310 scriptor
958 3237 1022 3304 est,
1057 3228 1207 3291 universe
1243 3226 1368 3291 demon-

220 3339 347 3416 stranti,
371 3339 492 3414 statim,
515 3336 659 3400 nondum
681 3336 790 3418 posito
820 3336 928 3413 verbo,
953 3336 1105 3416 subiungi
1128 3336 1318 3418 partitionis
1339 3341 1368 3395 et
1416 3411 1418 3414 ι

219 3446 314 3526 primi
337 3444 473 3507 membri
496 3452 576 3507 nota
600 3443 813 3525 (primum);
848 3465 981 3527 prorsus
1005 3445 1091 3506 enim
1120 3443 1319 3507 obscuratur
1339 3447 1368 3505 et

219 3553 376 3615 evertitur
399 3554 471 3635 ipsa
494 3552 729 3615 demonstratio
765 3559 798 3614 et
827 3552 1028 3633 pronominis
1060 3551 1270 3632 significatio.
1315 3549 1368 3612 Po·

219 3668 307 3723 terat
330 3659 410 3722 dici:
444 3660 518 3721 illa
552 3680 709 3741 quoquo
744 3659 948 3740 providit,
982 3659 1153 3741 primum
1176 3666 1220 3722 ut
1244 3662 1368 3735 cet.‚ot

219 3788 277 3847 pro
312 3767 415 3830 ultoro
449 3766 595 3830 membro
635 3765 752 3829 deinde
792 3774 919 3830 mutato
953 3775 1120 3830 structura
1155 3764 1367 3829 subiiceretur

218 3872 314 3937 illud:
349 3874 507 3956 Vigiles
531 3876 738 3947 etiamcet.
785 3873 991 3956 Quamquam
1019 3875 1072 3937 hic
1096 3864 1232 3957 quoque
1257 3890 1368 3955 prono·

218 3983 314 4045 minis
337 4003 424 4059 usus,
448 3982 576 4045 adiecto
600 3982 780 4063 praesertim
804 3984 1013 4061 anacolutho,
1038 3981 1208 4047 Ciceronis
1234 3977 1368 4045 orationi

217 4090 321 4167 magis
345 4091 531 4152 conveniret
554 4110 651 4169 quem
675 4089 765 4152 Livii.
812 4091 940 4154 Accidit
962 4091 1023 4168 hic,
1047 4090 1136 4174 quod
1159 4092 1194 4153 in
1219 4088 1368 4172 proximis

218 4196 441 4276 superioribus
475 4196 633 4260 accidisse
657 4199 872 4275 recentiorem,
904 4199 1034 4281 cognita
1063 4199 1187 4262 codicis
1212 4199 1369 4280 scriptura

218 4300 249 4381 (ξ
272 4310 308 4365 4;
345 4304 431 4383 ipse
456 4325 539 4368 cum
569 4304 750 4368 tribunis
781 4307 1018 4390 primisquae
1049 4305 1369 4387 ordinibusque
