2994 5108
213 524 275 580 Lib.
294 523 341 579 Vl.
763 511 824 573 154

301 696 379 781 Cap.
411 700 444 777 5,
480 700 497 760 5
533 695 605 778 (ubi
638 694 692 760 lex
726 697 860 779 agraria
887 717 908 761 a
934 696 1078 762 tribunis
1105 678 1212 781 plebis
1241 695 1374 780 agitata

214 804 517 887 commemoratur):
556 804 672 869 Haud
711 825 853 886 magno
889 826 1010 888 opere
1043 804 1206 889 plebem
1238 824 1373 870 move-

214 921 315 979 rant.
371 912 734 996 Plusquamperfectum
767 918 846 998 post
879 913 1072 997 imperfecta
1099 913 1374 995 (conabantur

213 1056 257 1069 —-
279 1022 570 1088 ostentabatur
597 1057 641 1067 —
669 1021 1008 1104 criminabantur)
1036 1028 1127 1089 recte
1155 1022 1309 1101 haberet,
1342 1021 1375 1086 si

129 1143 199 1214 (1³0)
219 1130 473 1214 significaretur,
513 1151 578 1212 quo
616 1150 721 1213 usque
754 1151 809 1197 res
840 1132 1069 1214 processisset,
1109 1152 1212 1217 quum
1245 1130 1374 1213 aliquid

214 1240 392 1319 incideret;
419 1240 561 1303 nuncin
585 1239 647 1303 hac
669 1239 743 1322 ipsa
766 1240 930 1304 sententia
953 1238 1066 1304 finitur
1088 1240 1187 1305 huius
1210 1241 1260 1305 rei
1282 1259 1372 1305 com-

213 1348 427 1428 memoratio;
461 1348 574 1432 itaque
607 1348 641 1411 in
675 1346 890 1429 significando
923 1349 972 1413 rei
1006 1347 1124 1414 effectu
1158 1347 1229 1431 (qui
1260 1346 1375 1413 nullus

214 1463 273 1521 aut
295 1457 432 1539 exiguus
454 1455 531 1536 fuit)
554 1454 917 1539 plusquamperfectum
940 1454 1019 1521 ferri
1040 1457 1169 1539 nequit,
1198 1456 1375 1540 quoniam-

215 1584 279 1647 que
307 1565 436 1629 incerta
464 1569 515 1628 est
536 1562 659 1628 codicis
682 1561 853 1647 archetypi
877 1566 1043 1648 scriptura
1066 1563 1113 1647 (M
1135 1585 1222 1630 man.
1249 1567 1264 1628 1
1289 1585 1374 1630 mo·

212 1678 348 1752 neunt,
387 1672 412 1736 P
446 1670 658 1752 moverat),
679 1692 732 1736 ⁴eo
766 1672 870 1755 magis
905 1671 1115 1738 scribendum
1148 1677 1373 1739 moverunt.

212 1780 332 1846 Notavi
362 1781 489 1863 aliquot
517 1786 551 1845 ot
572 1779 670 1844 huius
693 1780 822 1861 generis
845 1787 879 1845 et
902 1781 1074 1860 contrarii,
1103 1802 1168 1865 quo
1191 1780 1376 1865 perfectum

212 1911 272 1975 pro
301 1888 623 1973 plusquamperfecto
652 1889 797 1972 positum
825 1894 890 1968 est,
926 1889 1076 1974 exempla
1106 1910 1207 1973 supra
1234 1888 1280 1974 (p.
1306 1888 1373 1972 38).

211 1998 315 2064 Paulo
344 2005 421 2063 ante
450 1995 481 2080 (ἐ
511 1995 543 2079 3)
571 2018 637 2061 non
667 1996 783 2063 dubito
812 1997 892 2080 quin
921 1996 1048 2077 Livius,
1077 2003 1116 2063 ut
1142 1997 1288 2078 fuerit,
1322 1998 1376 2064 ita

213 2107 433 2171 habuerint
466 2104 545 2186 (non
578 2104 825 2187 hahuerunt)
854 2107 1019 2189 posuerit3
1052 2105 1134 2171 illud
1162 2106 1303 2186 mansit,
1336 2106 1375 2171 in

212 2215 275 2281 hoc
302 2235 369 2278 una
395 2214 509 2278 littera
531 2213 721 2278 aberratum
744 2220 804 2278 est.
861 2211 920 2295 (X,
951 2219 1006 2293 11,
1039 2220 1075 2278 ll
1100 2212 1252 2280 meliores
1275 2213 1373 2281 codd.

212 2324 492 2408 nequiverunt,
517 2322 697 2387 deteriores
720 2329 811 2387 recte
833 2310 1119 2405 nequiverint.)

300 2428 379 2514 Cap.
392 2435 421 2510 6,
445 2435 464 2493 4
488 2431 625 2496 allatum
647 2435 805 2494 narrat-ur
828 2450 848 2494 a
869 2429 1074 2512 fugientibus
1098 2452 1137 2496 ex
1160 2429 1374 2517 agroPomp-

211 2541 293 2619 tino,
316 2539 508 2605 Antiates
532 2541 572 2603 in
595 2539 717 2603 armis
741 2559 829 2603 esse
851 2537 1167 2623 Latinorumque
1190 2538 1374 2624 populos

210 2649 464 2714 iuventutem
490 2668 598 2712 suam
620 2647 783 2712 misisse
807 2647 855 2711 ad
878 2646 919 2711 id
937 2646 1101 2727 bellum,
1125 2667 1169 2713 eo
1188 2646 1375 2714 abnuen-

211 2765 285 2836 teS,
312 2756 522 2841 publicum
544 2755 675 2820 fuisse
698 2754 927 2833 consilium,
958 2755 1063 2839 quod
1086 2776 1163 2820 non
1185 2755 1376 2840 prohibi·

211 2871 276 2931 tos
300 2864 578 2930 tantummodo
602 2864 859 2929 voluntarios
883 2862 1069 2928 dicerent
1086 2863 1279 2944 militare,
1301 2864 1376 2931 ubi

213 2974 376 3038 vellent.
434 2971 514 3050 Quas
549 2973 642 3037 notio
677 2971 828 3055 pluribus
861 2971 970 3037 verbis
999 2971 1219 3054 significatur,
1256 2971 1376 3038 eadem

211 3082 306 3147 valde
335 3081 541 3147 incommode
569 3102 636 3146 uno
666 3085 701 3144 et
729 3080 865 3164 proprio
895 3081 1026 3144 nominc
1054 3080 1119 3144 illis
1148 3081 1231 3164 ipsis
1261 3081 1375 3147 verbis

210 3191 408 3274 interposito
432 3189 637 3267 declaratur,
666 3210 707 3253 no
731 3189 899 3254 occultata
923 3187 1056 3272 quidem
1079 3188 1267 3271 tautologia
1290 3188 1375 3272 (vo-

210 3299 419 3363 luntarios
447 3297 581 3361 —ubi
610 3296 794 3378 vellent);
828 3296 939 3362 Latini
968 3297 1054 3361 enim
1082 3296 1249 3380 negabant
1277 3299 1375 3383 quic·

212 3429 313 3492 quam
341 3407 430 3472 ultra
460 3428 494 3471 se
516 3406 651 3485 fecisse,
679 3425 777 3487 quam
800 3405 890 3488 quod
914 3404 1001 3487 (eos,
1031 3405 1087 3488 qui
1110 3406 1291 3471 iuventutis
1314 3427 1376 3473 no-

211 3517 298 3580 mine
327 3513 661 3599 comprehenduntur)
684 3534 749 3578 non
772 3513 1020 3597 prohibuissent
1043 3513 1195 3593 militare,
1224 3513 1283 3580 ubi
1305 3514 1376 3580 vel·

211 3624 294 3702 lent,
328 3622 392 3687 hoc
415 3628 480 3702 est,
513 3623 718 3687 voluntarios
747 3621 823 3687 illos
852 3642 924 3686 esse
948 3621 1117 3702 dicebant,
1149 3643 1215 3688 non
1237 3621 1375 3706 publice

211 3733 341 3797 missos.
392 3731 508 3815 ltaque
530 3752 653 3809 vereor,
683 3751 723 3794 ne
747 3730 855 3795 aliena
878 3751 977 3794 manu
1000 3730 1083 3795 illud
1107 3730 1374 3799 voluntarios

211 3840 363 3907 additum
386 3841 439 3906 sit.
488 3839 592 3905 Paulo
621 3838 754 3923 quidem
781 3845 859 3922 post
887 3836 918 3921 (ἓ
942 3837 974 3920 8)
998 3839 1089 3903 nulla
1118 3837 1284 3905 dubitatio
1316 3847 1372 3907 cst

211 3950 290 4033 quin
324 3949 387 4014 hoc
420 3949 517 4014 modo
553 3949 730 4013 obscurata
759 3948 804 4012 sit
834 3947 918 4011 Livii
946 3949 1061 4012 oratio.
1118 3945 1238 4012 Omnes
1270 3949 1373 4031 enim,

211 4058 275 4123 nisi
299 4059 356 4141 qui
378 4058 510 4123 tacendi
532 4053 690 4121 beneficio
714 4061 867 4135 utuntur,
901 4055 1028 4120 haerent
1049 4057 1083 4119 in
1106 4077 1160 4136 eo,
1194 4055 1285 4140 quod
1309 4053 1376 4123 Ca·

211 4165 323 4231 millus
356 4167 498 4249 ingens
529 4166 588 4229 ait
617 4185 716 4228 onus
740 4185 760 4227 a
782 4163 934 4248 populo
964 4164 1142 4229 Romano
1173 4163 1268 4243 sibi,
1303 4167 1377 4248 qui

212 4295 255 4339 se
289 4274 539 4340 dictatorem
573 4273 650 4337 iam
684 4279 872 4356 quartum
906 4279 1106 4351 creasset,
1140 4294 1325 4356 magnum
1355 4295 1378 4340 a

212 4388 357 4446 senatu
385 4381 544 4446 talibus
572 4380 618 4447 de
649 4401 689 4445 se
718 4380 889 4446 iudiciis
917 4381 1007 4445 eius
1031 4379 1209 4461 ordinis,
1242 4383 1377 4448 maxi·
