3000 5116
701 475 761 536 143
1047 521 1050 526 -
1192 489 1255 546 Lib.
1274 491 1306 545 V.

149 665 242 726 recte
264 661 352 725 inter
374 661 581 744 superiorum
604 658 800 724 clausulam:
824 660 1136 745 proeliumque.
1157 713 1162 725 .
1182 713 1188 725 .
1208 684 1307 728 com·

149 770 313 834 missum
346 773 410 834 est
447 773 482 833 et
519 773 656 833 eventus
695 769 914 834 notationem:
960 768 1075 835 Haud
1108 771 1308 837 incertius

149 878 376 962 interponitur
398 884 446 956 et,
476 876 640 960 copulatis
662 877 844 960 praesertim
868 877 995 943 duabus
1017 879 1198 959 sententiis,
1228 900 1306 962 qua-

147 992 389 1069 rumutraque
412 984 611 1069 proelium
634 985 819 1050 subiectum
841 985 972 1051 habeat.
1020 985 1125 1068 1873.)

237 1092 315 1179 (lap.
350 1096 407 1173 31,
441 1099 477 1157 4:
523 1091 632 1177 quod
664 1095 1002 1177 perseverantior
1036 1094 1236 1160 caedendis
1265 1096 1306 1160 in

147 1201 244 1286 fuga
270 1201 361 1267 fuit.
410 1201 583 1267 Ablativus
607 1201 676 1265 sine
699 1202 946 1285 praepositione,
980 1203 1100 1268 omisso
1123 1204 1306 1287 praesertim

148 1310 371 1389 substantivo,
405 1309 537 1375 defendi
565 1330 662 1393 posse
689 1330 757 1374 non
777 1309 908 1374 videtur
930 1316 1084 1393 recteque
1106 1310 1306 1376 Forchham-

147 1440 220 1483 mer
242 1417 426 1483 cadendi
449 1418 630 1502 scripsisse.
676 1416 798 1500 (1861.)

236 1525 315 1610 Gap.
339 1529 389 1606 32,
417 1529 445 1591 3.
496 1526 558 1590 Vix
583 1525 713 1604 111111,
747 1546 860 1591 omnes
883 1525 1028 1592 editores
1051 1527 1197 1593 tenuisse
1220 1527 1306 1591 hanc

147 1635 309 1700 orationis
336 1633 474 1700 formam
504 1655 543 1699 ac
573 1634 643 1699 sine
666 1633 880 1699 adnotatione
902 1634 1165 1717 praetermisisse:
1199 1635 1305 1700 Fusa

147 1762 353 1807 concursu
375 1743 503 1826 primo
527 1743 637 1807 acies
660 1742 699 1805 in
721 1740 874 1824 fugam;
907 1741 1042 1807 millia
1065 1749 1155 1807 octo
1178 1763 1304 1807 arma·

145 1856 279 1916 torum
312 1849 360 1915 ab
395 1849 603 1933 equitibus
633 1850 880 1929 interclusa,
913 1851 1064 1934 positis
1093 1852 1230 1932 armis,
1265 1853 1304 1915 in

146 1957 399 2023 deditionem
432 1964 645 2038 venerunt;
684 1958 780 2041 quasi
812 1957 929 2023 Latine
964 1957 1095 2023 dicatur
1127 1957 1304 2024 fundere

144 2066 188 2130 in
223 2065 366 2148 fugam.
421 2065 542 2131 Latina
575 2072 609 2130 11
641 2072 722 2149 apta
754 2067 802 2130 rei
835 2064 906 2130 haec
939 2067 1001 2132 erit
1035 2068 1157 2132 oratio:
1199 2067 1305 2131 Fusa

145 2194 355 2241 concursu
393 2175 523 2258 primo
562 2174 689 2253 acies;
732 2173 771 2237 in
816 2172 911 2256 fuga
949 2174 1083 2240 millia
1116 2183 1207 2242 octo
1242 2183 1302 2240 cet.

143 2282 270 2347 Noouit
287 2282 401 2347 littera
418 2283 635 2364 ngeminata.
671 2279 751 2364 [Sed
771 2280 811 2344 V:
836 2332 1006 2346 .......
1031 2283 1164 2366 fugam
1186 2304 1305 2348 versa

144 2390 262 2455 milia
283 2389 365 2473 cet]
534 2477 536 2481 Ι

235 2497 313 2582 Gap.
338 2502 394 2580 34,
430 2503 448 2563 5
477 2498 548 2580 (ubi
577 2498 617 2564 de
646 2497 815 2564 Gallorum
843 2499 985 2564 transitu
1014 2500 1047 2564 in
1075 2499 1206 2564 Italiam
1234 2502 1302 2583 agi·

145 2605 233 2689 tur):
256 2606 533 2690 Istssellovesus),
556 2607 661 2691 quod
684 2608 772 2672 eius
796 2628 840 2672 ex
862 2606 1028 2691 populis
1051 2606 1300 2688 abundabat,

144 2714 373 2798 Bituriges,
402 2716 621 2794 Arvernos,
650 2714 848 2793 Senones,
878 2714 1038 2794 AEduos,
1067 2714 1301 2794 Ambarros,

145 2821 358 2903 Carnutes,
381 2823 584 2891 Aulercos
613 2823 773 2887 excivit.
819 2823 961 2887 Primum
986 2822 1063 2887 hinc
1085 2824 1302 2889 removendos

143 2951 218 2996 1111
251 2931 412 3011 Senones,
445 2931 543 2997 multi
576 2930 743 3009 viderunt,
777 2932 934 3015 quoniam
968 2932 1024 2995 'eos
1057 2930 1168 2996 Livius
1201 2932 1300 3015 paulo

142 3046 224 3123 post
252 3038 293 3121 (c.
318 3043 373 3118 35,
404 3039 436 3122 3)
470 3040 781 3105 recentissimos
817 3038 1058 3103 advenarum
1092 3040 1196 3104 multo
1224 3047 1301 3123 post

141 3149 304 3213 transisse
339 3147 510 3232 significat
570 3147 656 3212 Nam
695 3147 782 3231 quod
816 3146 1102 3212 Weissenbornius
1141 3146 1300 3231 aliquot

140 3254 324 3339 Bituriges,
359 3254 520 3336 Senones,
554 3263 680 3321 ceteros
702 3255 849 3339 intellegi
871 3256 956 3336 vult,
992 3254 1103 3320 Livius
1126 3255 1176 3336 id,
1210 3255 1298 3339 quod

141 3362 342 3443 abundaret,
369 3364 529 3447 migrasse
553 3363 643 3444 dicit,
674 3370 713 3428 ut
734 3363 816 3429 nihil
839 3370 955 3448 postea
977 3369 1166 3447 superesset
1188 3364 1299 3429 multi-

139 3470 282 3553 tudinis,
313 3493 373 3537 nec
402 3479 460 3537 aut
488 3471 592 3537 ullum
621 3472 722 3537 alium
750 3472 909 3557 populum
936 3471 987 3536 bis
1009 3471 1109 3555 Alpes
1138 3474 1297 3537 transisse

140 3578 308 3664 significat
345 3585 406 3645 aut
443 3581 477 3645 in
516 3579 701 3646 Senonibus
741 3581 918 3663 quicquam
958 3602 978 3645 a
1018 3581 1137 3645 ceteris
1176 3580 1297 3646 diversi

139 3687 253 3754 fuisse.
310 3689 448 3754 Videtur
481 3688 601 3771 aliquis
634 3688 677 3753 ab
710 3688 774 3753 hac
808 3689 1056 3754 enumeratione
1089 3688 1205 3753 abesse
1238 3710 1296 3753 no·

137 3796 242 3862 luisse
269 3797 430 3881 populum
453 3798 599 3863 omnium
621 3796 793 3863 Gallorum
816 3798 924 3863 Roma
946 3804 1044 3881 capta
1067 3796 1295 3860 clarissimum,

208 4005 323 4060 Indici
340 4005 434 4059 nullus
452 4005 498 4059 hic
516 4005 595 4060 locus
613 4010 666 4074 111,
690 4006 740 4060 sed
763 4007 939 4075 captivum
963 4006 1114 4060 indidem
1133 4022 1173 4059 ex
1192 4006 1295 4074 agris,

208 4091 263 4145 hoc
289 4095 346 4158 111,
373 4107 408 4145 ex
434 4091 490 4144 illis
514 4091 583 4160 ipsis
605 4092 682 4161 agris
708 4091 753 4159 (ex
774 4092 850 4146 illius
873 4093 951 4147 urbis
975 4090 1073 4160 agris),
1102 4091 1219 4145 ducem
1242 4089 1292 4144 Ga·

207 4177 303 4232 millus
325 4181 464 4231 secutus
488 4182 537 4231 est
577 4176 677 4232 Fidem
699 4176 855 4232 manifestae
874 4178 1042 4232 correctioni
1060 4175 1165 4230 facient
1183 4176 1239 4229 loci
1257 4176 1293 4229 ab

206 4262 320 4318 Handio
344 4261 422 4316 'Iura
447 4262 489 4316 III
511 4281 537 4332 p.
557 4265 606 4317 371
630 4263 760 4318 indicati:
787 4263 892 4331 XXIII,
915 4266 962 4331 46,
987 4266 1033 4329 12,
1056 4260 1173 4327 XXVII,
1198 4263 1244 4328 la,
1268 4263 1294 4328 5,

206 4347 335 4416 XXVIII,
355 4352 378 4418 1,
395 4351 421 4416 6,
438 4348 564 4416 XXXIX,
585 4351 617 4402 12
634 4349 705 4417 init,
724 4349 807 4404 Corn.
826 4349 897 4419 Nep.
915 4348 1013 4418 Epam.
1032 4350 1056 4401 5.
