2994 5108
234 431 296 489 Lib.
315 432 362 486 Ill
783 420 843 481 102

235 606 302 670 iam
324 602 496 669 (boverius
520 603 620 670 scribi
641 605 799 670 voluerat.
848 603 1005 670 Mendum
1027 605 1148 671 iamin
1170 605 1199 669 V
1221 610 1282 672 est.
1328 603 1396 672 Sed

234 714 269 779 in
297 735 336 778 eo
363 718 453 777 recte
483 712 651 778 scribitur:
691 711 855 778 foedere
978 712 1173 779 tollenda
1202 712 1395 799 appella-

235 822 364 887 tionis
402 822 458 901 in,
498 821 619 886 omisso
655 840 795 899 causa,
835 819 924 904 quod
958 828 1097 905 apparet
1132 820 1283 888 additum
1312 842 1396 904 esse,

236 951 337 1012 quum
359 950 426 995 non
450 927 686 1008 attenderetur,
709 929 895 1012 genetivum
918 950 938 992 a
960 927 1126 995 foedere
1148 926 1317 1013 pendere]

322 1035 401 1122 Cap.
426 1041 476 1114 61,
508 1040 563 1100 12:
597 1035 680 1101 Iam
701 1035 899 1102 Horatius
922 1057 988 1102 eos
1012 1035 1161 1120 (milites)
1185 1037 1395 1104 excursio·

236 1146 354 1212 nibus
383 1143 632 1211 sufficiendo
661 1144 915 1228 proeliisque
942 1143 1104 1210 levibus
1135 1136 1394 1231 experiundo

238 1253 527 1320 adsuefecerat
550 1252 694 1317 sibi-
716 1250 859 1318 fidere.
898 1251 989 1319 Nihil
1012 1274 1084 1320 esse
1107 1251 1299 1319 sufficere
1321 1254 1395 1319 mi-

167 1375 222 1444 (84)
240 1364 355 1428 litem
389 1360 621 1427 excursioni
655 1359 803 1442 (active),
838 1381 949 1426 omnes
982 1360 1050 1426 fere
1084 1360 1300 1443 confitentur3
1333 1362 1395 1428 sed

237 1471 326 1556 quod
355 1469 488 1535 Dukero
523 1467 683 1534 suadente
718 1466 972 1535 sufficiendo
1005 1470 1213 1535 intransitive
1243 1469 1284 1535 de
1311 1470 1395 1554 ipsis
1470 1506 1473 1511 ·

236 1580 395 1645 militibus
424 1579 652 1643 excursicnum
679 1577 786 1642 labori
815 1583 849 1641 ct
870 1577 1018 1661 periculo
1042 1577 1283 1644 sufficientibus
1306 1579 1395 1644 acci·

236 1689 343 1773 pitur,
377 1709 444 1753 nou
479 1687 584 1752 solum
618 1707 677 1770 per
711 1707 745 1750 sc
780 1685 953 1750 durissime
986 1686 1138 1768 gerundii
1160 1684 1326 1752 ablativus
1348 1686 1395 1752 ad

237 1796 402 1861 obiectum
426 1795 598 1860 sententiae
621 1795 735 1859 activae
758 1792 899 1859 refertur
922 1793 1020 1876 (alius
1044 1795 1129 1860 enim
1152 1795 1282 1878 generis
1305 1801 1394 1875 sunt,

237 1926 308 1986 quse
331 1903 616 1968 Weissenboruius
641 1902 751 1983 citat),
786 1902 845 1967 sed
873 1923 1012 1986 prorsus
1036 1903 1153 1967 evertit
1177 1897 1277 1967 illum
1291 1904 1395 1968 inter-

237 2011 390 2095 pretandi
424 2018 578 2076 conatum
614 2011 806 2075 adiunctum
841 2009 1099 2095 proeliisque
1129 2009 1394 2094 experiundo.

142 2148 152 2162 ·
236 2121 335 2185 Venit
357 2120 390 2183 in
413 2125 564 2198 mentem,
587 2119 713 2183 Livium
736 2119 879 2184 scribere
902 2119 1050 2202 potuisse
1073 2118 1395 2184 excursionibus

238 2228 475 2310 subigendo,
505 2227 568 2291 hoc
592 2233 651 2307 cst,
682 2225 911 2291 exercendo
935 2233 967 2291 et
991 2226 1150 2306 durando,
1180 2225 1396 2311 quemadmo-

237 2336 315 2400 dum
334 2335 483 2400 homines
501 2335 663 2400 subacti
683 2342 805 2419 atque
823 2334 962 2399 durati
981 2333 1107 2400 bellis
1125 2333 1281 2400 dicuntur
1292 2333 1396 2414 XLII,

238 2448 293 2523 52,
330 2449 378 2508 10.
435 2441 477 2526 [V
498 2464 631 2527 prorsus
660 2444 783 2508 omittit
813 2442 1068 2508 sufficiendo.
1119 2441 1255 2508 Residet
1282 2448 1397 2508 tamen

237 2548 436 2635 scrupulus]
1362 2587 1365 2591 ·

324 2656 403 2743 Cap.
422 2663 473 2738 62,
498 2663 516 2722 3
540 2657 586 2741 (in
611 2660 758 2725 oratione
781 2659 910 2724 Horatii
934 2659 1078 2723 consulis
1101 2658 1145 2723 ad
1168 2657 1301 2741 milites)
1325 2657 1397 2723 edi-

239 2775 294 2832 tur
316 2789 403 2831 nunc
427 2768 625 2833 auctoritate
649 2768 800 2832 codicum
823 2768 899 2832 RM:
935 2766 974 2831 id
998 2768 1164 2832 consilii
1188 2767 1397 2851 animique

237 2874 458 2941 habiturus
489 2898 585 2954 sum,
617 2877 719 2958 quod
749 2875 795 2957 (M
819 2876 932 2961 quos)
963 2898 1030 2942 vos
1060 2876 1213 2940 milites
1234 2875 1395 2958 geritis.

240 2983 364 3049 Omitto
394 2985 523 3049 inanem
552 2985 781 3067 repetitionem
811 2985 899 3049 vocis
928 2982 1085 3048 milites
1115 2982 1204 3067 (post
1232 2981 1396 3066 §2vos,

238 3086 424 3174 milites);
467 3093 636 3157 molestior
675 3100 726 3158 cst
765 3093 912 3176 pravitas
951 3092 1127 3175 temporis;
1167 3113 1272 3173 neque
1306 3092 1397 3157 enim

240 3222 313 3265 cum
335 3199 554 3265 habiturus
579 3222 661 3265 sum
684 3201 836 3265 convenit
858 3200 1023 3283 geritis;
1056 3198 1113 3263 scd
1136 3199 1239 3266 multo
1262 3199 1397 3283 gravius

240 3317 292 3373 est
322 3309 480 3373 orationis
509 3315 542 3372 et
559 3308 743 3373 sententiae
772 3309 903 3387 vitium3
937 3329 1014 3372 nam
1044 3307 1281 3392 (praeterquam
1305 3308 1398 3392 quod

241 3416 344 3481 idern
378 3415 552 3480 dicendum
587 3415 673 3498 erat)
707 3437 813 3498 neque
848 3415 1068 3481 consilium
1096 3417 1258 3499 geritur
1288 3436 1397 3499 nequo

241 3523 356 3588 consul
378 3524 547 3589 Romanus
571 3545 716 3608 unquam
740 3524 887 3589 (licturus
912 3532 999 3604 erat,
1034 3545 1069 3589 se
1092 3524 1126 3589 id
1150 3522 1276 3588 consilii
1299 3523 1397 3589 habi-

241 3640 365 3710 turum,
399 3632 487 3717 quod
522 3632 644 3698 milites
679 3634 745 3698 sivo
779 3640 932 3716 gererent
961 3633 1027 3698 sive
1054 3631 1226 3697 haberent.
1283 3631 1397 3697 Livius

239 3741 387 3825 scripsit:
425 3740 532 3824 quod
561 3761 628 3805 vos
656 3740 751 3805 mihi
781 3740 990 3820 feceritis,
1017 3740 1081 3805 boc
1104 3746 1164 3819 cst,
1188 3738 1276 3823 quod
1298 3739 1396 3806 intel-

239 3849 344 3914 lectus
374 3855 405 3913 et
434 3850 615 3914 aestimatus
646 3855 829 3914 vestrorum
858 3849 1040 3915 animorum
1069 3848 1204 3913 habitus
1227 3847 1397 3933 mihiipsi

241 3957 425 4022 subiecerit.
476 3958 525 4022 Ea
555 3958 718 4041 scriptura
747 3958 889 4041 primum
918 3959 1113 4042 permutatis
1135 3957 1256 4022 litteris
1280 3976 1296 4018 c
1319 3962 1354 4021 et
1377 3976 1397 4037 g

240 4064 294 4146 (ex
334 4087 399 4149 quo
434 4065 611 4149 saepissime
647 4065 893 4131 confunduntur
927 4066 1002 4150 egi,
1036 4065 1132 4145 ieci,
1166 4063 1267 4147 legi,
1300 4061 1395 4145 feci,

241 4172 374 4255 similia)
397 4173 512 4238 leviter
535 4179 690 4256 corrupta
713 4179 779 4251 est;
814 4174 889 4239 dein
911 4174 948 4239 fe
972 4195 1046 4239 cum
1069 4172 1167 4237 mibi
1191 4172 1328 4251 coaluit,
1357 4178 1397 4237 ut

240 4281 395 4346 milites
417 4288 639 4347 nascerentur.
673 4282 710 4346 ln
735 4282 848 4347 codice
871 4282 1049 4368 archetypo
1073 4284 1271 4367 scripturam
1288 4278 1393 4346 ambi·
