2994 5108
729 392 890 507 31Ι

170 648 255 715 quas
291 628 486 695 tractandas
521 629 626 694 otium
660 630 740 695 mihi
769 651 833 695 non
863 630 927 696 fuit
957 629 1099 715 (copiam
1129 633 1215 697 enim
1243 634 1325 699 satis

169 736 317 821 amplam
350 736 571 822 praebuissent
603 738 811 804 bibliothecae
839 738 990 822 nostra),
1023 761 1099 806 raro
1128 762 1246 824 sparsa
1268 763 1326 826 ap·

169 866 289 930 parere
330 845 471 929 vestigia
509 845 660 929 quadam
701 847 823 913 codicis
857 846 1005 913 Mediceo
1038 856 1072 913 et
1105 848 1326 915 Vormatiensi

170 955 290 1037 exigua
317 975 358 1020 ex
385 960 480 1039 parte
504 955 630 1020 similis.
686 954 772 1021 Nam
795 960 832 1021 ut
854 956 1005 1021 omittam
1027 955 1071 1037 V,
1105 961 1162 1037 46,
1197 959 1328 1024 50mni

168 1072 320 1148 tempore
353 1063 480 1129 editum
513 1084 602 1145 esse,
634 1062 724 1147 quod
757 1086 797 1129 ex
830 1064 998 1130 codicibus
1033 1066 1120 1131 notis
1155 1065 1211 1131 ille
1240 1088 1326 1132 unus

169 1172 290 1253 habet,
323 1171 487 1256 corpori
513 1171 654 1237 valido
685 1171 810 1256 (potest
840 1173 928 1238 enim
956 1173 1146 1239 coniectura
1169 1196 1208 1239 ea
1230 1173 1326 1257 esse),

170 1272 337 1347 nonnulla
358 1280 406 1346 ibi
429 1287 508 1346 sunt
530 1279 678 1364 duplices
702 1281 888 1364 scripturae,
919 1303 992 1364 quae
1016 1288 1177 1366 practerea
1198 1283 1232 1347 in
1256 1283 1326 1348 solo

169 1388 205 1457 Μ
232 1395 374 1473 repertae
397 1396 489 1469 sunt,
516 1396 554 1453 ut
575 1387 638 1468 111,
669 1392 726 1468 62,
755 1392 774 1451 2
797 1388 974 1454 consilio
1003 1390 1191 1455 consulto
1214 1391 1248 1455 in
1271 1391 1394 1473 661116)

171 1499 282 1583 prima
298 1498 457 1577 Romana,
475 1496 529 1577 VI,
550 1501 598 1576 12,
619 1503 633 1561 1
654 1497 794 1562 induci
818 1496 1016 1562 indictum
1037 1498 1071 1562 in
1095 1497 1178 1577 aliis,
1200 1499 1234 1563 in
1252 1498 1328 1564 aliis

170 1606 372 1672 indictum
395 1605 547 1684 induci,
570 1603 641 1684 VII,
664 1608 693 1684 2,
721 1610 769 1683 11,
793 1605 851 1670 ubi
874 1605 909 1670 M
932 1605 1034 1671 habet
1055 1606 1158 1671 unde
1181 1607 1328 1672 exodia

171 1737 249 1798 que
272 1713 450 1793 exordia,
473 1714 507 1778 in
530 1713 605 1778 aliis
627 1733 763 1797 prorsus
786 1713 882 1795 idem,
904 1714 937 1778 in
960 1714 1035 1780 aliis
1053 1715 1155 1779 unde
1175 1716 1327 1795 exodia,

170 1845 257 1907 quae
275 1821 432 1888 exodia.
468 1819 613 1905 Quaeque
629 1820 683 1901 IV,
704 1824 753 1901 32,
773 1823 835 1886 lin
846 1822 911 1887 MR
928 1828 979 1887 est
997 1822 1167 1889 adnotatio
1185 1844 1224 1887 ex
1241 1844 1327 1888 mar·-

168 1933 245 2016 gine
274 1938 430 2015 suscepta
459 1928 662 2011 (hostibus
691 1930 842 2013 positis
865 1930 913 1995 ad
935 1930 1142 2012 Fidenas),
1170 1931 1245 2011 VII,
1278 1937 1326 2011 16,

169 2045 190 2104 9
213 2042 249 2107 in
270 2040 303 2105 M
326 2037 591 2122 (prohibitum
611 2071 656 2080 -
677 2035 802 2119 ferri),
825 2058 938 2102 earum
960 2045 1102 2123 utraque
1124 2040 1158 2103 in
1180 2040 1327 2122 antiquis

169 2147 371 2233 quibusdam
410 2146 610 2211 editionibus
649 2146 822 2231 reperitur.
885 2144 1154 2230 (Neapolitanum
1194 2170 1326 2232 quoque

168 2257 281 2323 Latini
305 2255 428 2321 Latinii
456 2254 601 2319 codicem
631 2253 782 2338 quadam
810 2253 966 2319 habuisse
995 2277 1034 2319 ex
1063 2255 1113 2335 iis,
1145 2278 1218 2338 quse
1246 2255 1327 2322 alio·

170 2363 444 2449 quinMpropria
463 2369 549 2441 sunt,
567 2368 706 2445 apparet
722 2362 756 2426 in
773 2361 830 2441 ΙΙΙ,
852 2366 901 2441 35,
919 2367 948 2442 5,
965 2361 1002 2442 V,
1018 2369 1067 2445 17,
1087 2369 1114 2443 1,
1127 2363 1195 2443 Vll,
1213 2368 1241 2444 2,
1263 2365 1327 2446 11.)

258 2472 430 2538 Proximus
451 2470 591 2536 biedicei
619 2470 812 2534 auctoritati
834 2470 1031 2536 Parisiensis
1060 2478 1125 2551 est,
1158 2473 1211 2537 cui
1241 2482 1337 2558 saepe‘

171 2581 320 2647 adhaeret
342 2579 560 2657 Klockianus,
594 2584 739 2642 ceterum
774 2599 813 2643 ex
842 2577 1077 2657 deterioribus,
1112 2581 1272 2663 cuiusque
1294 2581 1328 2645 in

171 2697 266 2756 secta
292 2688 424 2753 Hertzio
458 2687 598 2771 ponendi
631 2685 783 2751 videntur
805 2686 874 2751 eod.
898 2687 1152 2771 Bambergensis
1180 2691 1214 2753 in
1242 2689 1328 2754 libro

170 2799 280 2883 primo
309 2796 352 2861 ab
374 2795 606 2878 Heerwagenio
635 2794 775 2859 collatus
804 2803 838 2859 et
859 2795 1095 2861 Einsiedlensis
1118 2804 1229 2880 partes
1251 2796 1327 2861 libri

171 2907 200 2986 1,
223 2905 277 2985 IV,
304 2903 359 2986 VI,
387 2903 508 2969 librum
531 2903 558 2966 V
581 2903 746 2985 integrum
768 2903 998 2987 complectenS‚
1029 2904 1122 2968 cuius
1146 2905 1328 2987 scripturas

170 3013 326 3080 Hertzius
350 3012 392 3077 ab
415 3011 561 3095 Hauptio
584 3012 728 3094 accepit3
757 3012 829 3095 ipse
859 3011 899 3075 dc
921 3012 962 3076 iis
986 3034 1045 3094 pro
1069 3018 1159 3075 certo
1182 3011 1328 3076 iudicare

168 3142 317 3206 nequeo,
350 3141 451 3202 quum
479 3119 703 3201 Heerwagenii
737 3119 884 3183 libellum
912 3140 976 3183 non
1006 3119 1156 3196 viderim,
1190 3119 1327 3184 alterius

170 3251 298 3315 paucas
332 3229 511 3312 scripturas
539 3226 729 3308 noverim.¹)
785 3228 818 3292 Is
847 3228 949 3292 codex
978 3227 1031 3309 (P)
1059 3227 1225 3292 interdum
1253 3250 1326 3292 cum

168 3338 206 3404 M
235 3336 348 3420 (6111)
376 3337 513 3420 propius
543 3335 766 3419 coniungitur,
793 3336 937 3402 velutin
960 3335 1052 3416 VIII,
1083 3340 1120 3400 31
1145 3336 1172 3399 is
1196 3357 1327 3419 quoque

170 3447 264 3529 (cum
286 3443 482 3526 Klockiano)
510 3444 544 3508 in
574 3442 591 3526 ς’
616 3448 649 3524 5,
677 3444 808 3509 omissis
830 3445 974 3526 quinque
996 3444 1119 3524 verbis,
1148 3466 1165 3508 6
1189 3442 1205 3526 ἓ
1229 3448 1248 3507 7
1271 3465 1328 3532 scx

169 3554 241 3621 alia
267 3553 368 3619 verba
394 3553 544 3636 praecipit
572 3558 606 3617 et
629 3573 742 3616 eorum
763 3552 836 3617 loco
859 3552 988 3629 inserit,
1024 3554 1119 3617 cuius
1141 3553 1327 3635 transposi-

167 3663 273 3729 tionis
301 3661 427 3727 nullum
457 3662 490 3726 in
518 3660 636 3726 ceteris
666 3660 833 3725 codicibus
860 3661 1034 3744 vestigium
1057 3667 1109 3726 est
1131 3659 1205 3742 (sed
1227 3667 1327 3725 tenue

202 3908 225 3974 ¹)
246 3904 495 3976 [Bambergensem
526 3906 693 3962 Parisiensis
717 3912 822 3961 sectam
851 3924 869 3960 a
891 3905 1006 3974 reliquis
1033 3905 1189 3959 seiunctam
1211 3921 1327 3974 prorsus

244 3992 330 4061 sequi,
350 3998 468 4061 apparet
485 3992 530 4046 vel
548 4009 582 4046 ex
599 3992 625 4060 1,
651 3994 698 4060 45,
717 3995 734 4047 2
752 3991 817 4059 (661
836 3996 982 4057 tantum,
1009 3995 1047 4044 61
1064 3989 1221 4059 tantum),
1244 3992 1286 4055 49,
1310 3992 1327 4042 3

243 4078 308 4144 (om
322 4077 362 4130 ad
383 4077 438 4131 ius
459 4077 576 4146 regni),
591 4080 632 4145 58,
646 4081 662 4132 2
677 4075 820 4145 (ductus)
835 4083 863 4130 et
877 4079 894 4130 3
908 4077 955 4144 (ex
971 4076 1058 4129 omni
1071 4094 1123 4145 pro
1138 4095 1178 4130 cx
1192 4075 1326 4139 somno).

241 4162 378 4218 Eiusdem
405 4179 520 4232 prorsus
554 4169 638 4218 sectae
661 4162 857 4233 Upsalicnsem
884 4179 958 4229 esse,
984 4179 1043 4215 non
1068 4161 1152 4230 paulo
1175 4159 1328 4213 Parisiensi

242 4247 417 4315 inferiorem,
441 4255 469 4302 et
493 4247 761 4316 Helmstadiensem,
784 4249 874 4302 multo
902 4247 1085 4314 deteriorem,
1108 4245 1327 4315 Hdggstrdmius

242 4331 440 4402 demonstrat]
