2994 5108
684 503 726 565 43

123 689 206 754 turis
234 689 338 757 homo
368 690 619 774 superstitiosus
646 690 823 770 abstinuit,
857 711 996 774 quarum
1021 691 1186 774 specimen
1208 691 1282 773 capi
1315 713 1319 722 ·

124 819 162 863 ex
183 796 242 877 IV,
265 801 295 878 2,
324 801 361 862 12
380 804 506 882 potest.
557 798 674 883 Itaque
703 798 866 864 bonorum
890 799 1040 864 codicum
1064 798 1187 863 auxilio
1211 820 1282 863 cor·

124 906 352 991 ruptissimam
392 905 501 972 effecit
540 906 623 973 Livii
662 909 855 974 orationem.
868 909 897 989 ¹)
960 905 1195 972 Successerunt
1227 906 1282 971 Al-

124 1013 291 1082 schefskio
313 1015 601 1082 Weissenbornius
631 1023 665 1081 et
686 1016 841 1082 Hertzius
871 1013 938 1096 (hic
962 1015 1096 1099 quidem
1119 1015 1226 1079 adhuc
1249 1016 1282 1079 in

124 1124 232 1207 prima
266 1130 397 1190 tantum
431 1123 584 1206 decade),
618 1125 767 1191 homines
797 1124 901 1202 docti,
938 1123 995 1189 sed
1024 1125 1080 1207 qui
1110 1130 1220 1189 tamen
1250 1130 1283 1188 et

65 1257 68 1260 ’
123 1233 189 1316 ipsi
218 1214 440 1316 antiquitatis·
458 1233 633 1317 splendore
663 1235 752 1318 capti
782 1234 822 1298 de
851 1233 1001 1298 codicum
1030 1231 1107 1314 (hoc
1130 1239 1195 1310 cst,
1229 1254 1283 1297 co-

125 1341 208 1406 dicis
238 1340 422 1426 archetypi)
455 1343 655 1407 anctoritate
686 1343 768 1407 satis
796 1342 901 1407 libere
929 1361 1076 1425 quaerere
1104 1342 1193 1405 etin
1217 1341 1283 1405 sin·

123 1448 210 1532 gulis
233 1449 317 1515 locis
340 1469 412 1513 eam
435 1471 509 1514 cum
531 1451 670 1516 rationis
691 1451 866 1515 momentis
889 1449 1070 1534 prudenter
1092 1470 1283 1532 comparare

123 1581 189 1626 non
214 1579 346 1643 semper
368 1558 537 1637 auderent,
555 1558 842 1625 Weissenbornius
864 1557 996 1641 quidem
1019 1558 1119 1621 etiam
1142 1556 1185 1622 ad
1208 1579 1283 1621 con·

123 1673 251 1734 tortam
284 1665 563 1750 artificiosumque
597 1667 849 1752 explicationem
878 1673 911 1731 et
939 1687 1088 1730 errorum
1117 1664 1280 1731 defensio·
1299 1681 1352 1748 (37)

125 1798 200 1842 nem
236 1796 309 1840 cum
337 1795 454 1859 parum
483 1781 581 1843 cauto
610 1775 834 1860 exemplorum
862 1775 1193 1857 testimoniorumque
1222 1795 1285 1838 usu

126 1892 159 1950 et
199 1886 450 1968 comparatione
489 1884 589 1969 paulo
630 1885 835 1969 propensior.
896 1884 1015 1966 Itaque
1054 1884 1212 1947 maiorem
1251 1891 1283 1946 et

124 1991 309 2058 foediorem
341 1999 471 2076 partem
504 1999 727 2058 monstrorum
755 1990 1079 2058 Alschefskianorum
1111 1990 1146 2056 hi
1176 1981 1294 2057 sustu-¹

123 2100 236 2166 lerunt
258 2098 366 2184 (prior
376 2099 693 2182 Weissenbornius);
716 2101 775 2166 sed
797 2102 933 2166 nimium
958 2108 1016 2179 est,
1040 2100 1130 2183 quod
1152 2100 1284 2165 tertiam

124 2207 195 2274 iere
217 2215 349 2293 partem
370 2209 590 2287 retinuerunt,
618 2209 723 2274 multa
744 2231 810 2274 non
832 2210 1005 2292 recepturi,
1034 2210 1161 2292 opinor,
1191 2210 1218 2274 si
1241 2209 1282 2275 ah

126 2316 336 2383 Alschefskio
364 2325 499 2401 recepta
525 2339 592 2383 non
619 2317 775 2395 fuissent3
809 2340 901 2383 novae
931 2317 1063 2402 quidem
1086 2325 1119 2381 et
1141 2319 1284 2402 propriae

127 2425 371 2492 emendationis
400 2427 433 2489 in
462 2424 513 2490 his
543 2425 655 2490 decem
683 2425 777 2490 libris
805 2449 873 2491 non
902 2428 950 2491 ita
971 2426 1123 2505 multum,
1158 2426 1283 2508 aliquid

127 2541 240 2601 tamen
263 2533 462 2614 attulerunt,
491 2534 566 2618 plus
589 2534 892 2614 Weissenbornius3
927 2535 960 2597 in
988 2535 1088 2599 tertia
1111 2534 1232 2600 decade
1251 2531 1284 2600 'is

128 2642 294 2727 permulta
316 2642 462 2707 codicem
479 2642 682 2708 Puteaneum
707 2650 838 2708 secutus
862 2642 1046 2707 emendarit
1064 2650 1097 2708 et
1115 2645 1147 2707 in
1165 2650 1285 2725 quartu

128 2753 312 2836 quintaque
335 2751 506 2833 complura
527 2753 718 2816 coniectura
740 2750 879 2816 feliciter
901 2756 935 2814 et
957 2752 1124 2833 ingeniose
1148 2753 1284 2817 sanavit.

128 2859 194 2926 Sed
233 2858 324 2943 quod
357 2859 397 2924 de
431 2859 576 2943 expulsis
609 2860 800 2943 relictisque
833 2859 942 2942 pravis
977 2860 1161 2942 scripturis,
1188 2882 1284 2943 ¹quas

127 2965 355 3035 Alschefskius
378 2974 551 3050 posucrat,
586 2967 666 3048 dixi,
701 2966 884 3033 cuiusmodi
908 2969 964 3047 sit,
999 2968 1031 3030 in
1054 2967 1146 3031 XXX
1169 2969 1284 3051 primis

128 3076 296 3162 capitibus
319 3076 395 3140 libri
417 3077 514 3159 primi
538 3076 719 3142 ostendam.
770 3074 845 3140 Non
867 3074 1005 3157 legimus
1027 3077 1094 3139 iam
1117 3075 1167 3154 (ut
1190 3076 1285 3140 omit-

127 3192 198 3251 tam
227 3183 409 3268 gemmulas
438 3183 512 3249 illas
542 3182 817 3266 orthographicas
848 3183 1124 3248 stimolabant
1153 3191 1186 3248 ct
1208 3183 1285 3248 Ro-

128 3313 268 3359 manos
302 3292 505 3358 nominativo
535 3312 613 3357 casu
641 3313 707 3356 uno
736 3291 810 3356 loco
841 3292 1014 3374 scriptum,
1050 3299 1181 3356 centum
1210 3293 1287 3357 Ro-

130 3423 279 3480 manne,
304 3406 339 3465 et
361 3400 579 3466 antestitis
603 3421 620 3465 e
643 3399 714 3465 cod.
732 3397 770 3480 Ρ)
794 3400 828 3463 in
851 3399 940 3483 praef.
961 3399 1014 3483 ἓξ)
1039 3399 1286 3465 dissidentis

130 3530 277 3588 mores,
306 3511 438 3573 n0n10
466 3515 625 3592 tuaequc
653 3529 696 3572 re
721 3506 894 3591 publicae
917 3530 934 3573 e
958 3508 999 3586 P,
1029 3531 1094 3574 non
1118 3530 1189 3592 cap.
1217 3515 1244 3586 1,
1269 3515 1286 3569 o

131 3617 202 3682 ubi
224 3616 301 3701 (pro
324 3616 393 3697 ibi,
423 3617 512 3701 apud
535 3617 600 3698 W.;
628 3636 705 3681 nam
728 3615 768 3680 H.
791 3616 951 3698 retinuit),
980 3638 1046 3683 non
1069 3637 1095 3680 c.
1121 3620 1154 3695 3,
1184 3620 1202 3680 3
1226 3639 1286 3681 re·

130 3725 287 3809 linquit
304 3724 552 3790 —condidit
574 3724 628 3807 (ex
649 3722 788 3805 PH1)²)‚
812 3745 838 3787 c.
859 3728 887 3802 3,
911 3730 930 3788 4
955 3724 1160 3789 diductam
1183 3725 1287 3790 colo-

132 3835 238 3900 niam
266 3832 322 3916 (ex
349 3831 397 3914 Μ)
426 3840 484 3898 ant
506 3836 526 3896 7
549 3833 704 3899 eductae
733 3831 919 3912 coloniae,
949 3831 965 3915 ξ
990 3837 1008 3897 8
1040 3834 1080 3896 in
1108 3833 1286 3897 traiecto

134 3941 306 4020 Albulae,
340 3962 366 4006 c.
391 3945 420 4021 7,
458 3944 495 4006 12
530 3938 685 4007 ibidum
718 3963 778 4025 pro
813 3941 872 4005 ibi
905 3950 1001 4020 tum,
1036 3963 1062 4031 c.
1090 3946 1142 4020 10,
1177 3945 1288 4005 3nec

165 4219 189 4286 ¹)
207 4218 381 4288 [Editionem
398 4219 565 4274 Alschefskii
583 4219 717 4286 omnium,
735 4236 798 4288 quae
821 4224 941 4285 exstant,
959 4220 1018 4273 sine
1037 4218 1122 4272 dubio
1141 4217 1224 4285 longe
1243 4214 1289 4269 de·
1368 4231 1370 4234 ⁴

204 4306 349 4360 terrimam
366 4305 489 4374 appellat
506 4304 709 4361 Mommsenius
726 4324 753 4374 p.
774 4303 842 4374 lou]

166 4390 192 4455 ¹)
210 4389 281 4460 [Hoc
299 4408 316 4445 a
333 4390 377 4444 W.
394 4390 425 4445 in
443 4396 546 4460 quarta
562 4391 686 4446 editione
706 4397 869 4446 revocatum
886 4387 988 4456 video]
