2994 5108
170 484 232 539 Lib.
249 483 335 540 XXV.
717 469 779 530 366

171 657 318 740 Apparet
345 655 532 721 necessario
560 654 764 719 transeuntis
793 652 837 718 ad
864 652 1051 718 Poenorum
1077 649 1157 717 belli
1184 670 1328 735 appara·

170 771 240 829 tum
270 762 523 829 describendum
551 741 711 828 oratidnis
733 768 848 828 notam
870 760 1014 843 aliquam
1036 758 1227 845 desiderari.
1277 758 1330 826 Ea

169 873 253 937 latet
285 872 320 936 in
352 870 410 937 illo
444 877 542 950 tum;
576 869 785 936 scribendum
818 875 871 935 est
902 870 1004 934 enim:
1038 903 1082 914 -
1114 890 1161 937 ea
1193 868 1328 934 hieme

170 981 218 1045 ad
257 1001 366 1045 arma
405 979 551 1044 excita.
613 977 782 1041 lestis·
823 984 911 1043 tres
951 978 1160 1050 exercitus
1192 982 1328 1057 erant;

169 1086 402 1155 Hasdrubal
426 1093 488 1152 cet.

256 1194 334 1279 Gap.
359 1199 415 1274 34,
444 1197 463 1257 9
487 1201 520 1260 et
545 1199 583 1259 10
606 1193 809 1278 (depugna,
838 1195 872 1259 in
895 1215 961 1279 qua
983 1195 1018 1261 P.
1043 1192 1153 1280 Scipio
1176 1192 1327 1275 occidit):

170 1302 357 1369 Ceterum
391 1309 429 1367 et
457 1302 621 1387 equites
648 1301 831 1368 Numidae
859 1308 1047 1385 repente,
1082 1323 1183 1386 quos
1209 1300 1327 1368 fefel-

169 1412 271 1477 lisse
306 1432 346 1476 se
381 1410 459 1475 dux
492 1418 606 1475 ratus
642 1415 745 1489 erat,
779 1410 827 1475 ab
856 1410 1062 1477 lateribus
1091 1406 1327 1476 circumfusi

170 1539 349 1601 magnum
376 1523 579 1583 terrorem
607 1518 797 1598 intulere,
820 1527 866 1598 et,
889 1526 1104 1585 contracto
1127 1518 1327 1583 adversus

169 1626 365 1692 Numidas
388 1626 612 1692 certamine
634 1647 750 1707 novo,
781 1628 937 1693 tertius
964 1628 1135 1711 insuper
1163 1624 1328 1692 advenit

169 1734 306 1800 hostis
334 1741 396 1800 cet.
452 1734 552 1799 Posui
580 1734 703 1815 locum,
736 1735 1015 1819 quemadmodum
1042 1734 1238 1800 scribendus
1266 1738 1327 1813 est,

170 1841 293 1922 addito,
317 1843 406 1926 quod
428 1849 504 1926 post
526 1861 543 1906 e
566 1841 773 1923 (intulere,
796 1842 859 1907 vid.
883 1844 927 1908 ad
949 1843 1037 1924 XXI,
1060 1848 1110 1923 37,
1133 1847 1151 1908 5
1175 1849 1210 1909 et
1232 1839 1327 1922 alibi)

170 1951 307 2031 excidit,
342 1956 396 2029 et,
432 1952 502 2016 sine
531 1972 596 2034 quo
628 1956 661 2015 ct
690 1950 816 2034 pendet
838 1953 989 2034 superior
1010 1950 1178 2035 particula
1199 1950 1327 2031 (cete-

168 2081 253 2124 rum
281 2058 332 2141 et)
362 2066 395 2123 et
417 2064 491 2124 tota
512 2059 620 2124 oratio
644 2057 809 2125 dissoluta
831 2067 892 2126 est.
944 2059 1175 2126 anacoluthon
1196 2058 1231 2124 in
1254 2078 1329 2124 sen-

169 2167 283 2232 tentiis
316 2189 451 2251 prorsus
485 2166 528 2231 ad
559 2167 749 2232 institutam
779 2167 821 2232 ab
849 2169 944 2233 initio
972 2166 1111 2233 formam
1139 2166 1239 2234 facile
1270 2165 1328 2231 de·

170 2274 379 2341 currentibus
401 2274 484 2338 nihil
507 2273 610 2339 habet
630 2274 703 2341 loci.
750 2274 820 2358 [Sic
842 2277 909 2341 iam
932 2274 1128 2358 Creverius]

256 2381 334 2466 Gap.
365 2387 421 2463 35,
461 2387 481 2446 8
516 2389 550 2447 et
583 2386 602 2446 9
638 2382 693 2464 (de
727 2382 785 2449 Cn.
814 2384 968 2468 Scipione
1007 2390 1041 2449 et
1074 2385 1147 2450 eius
1180 2382 1328 2449 exercitu

96 2538 99 2543 <
168 2490 294 2556 frustra
322 2512 356 2555 se
378 2490 496 2555 Poenis
525 2489 720 2556 subtrahere
743 2489 970 2573 conantibus):
1004 2492 1107 2557 Luce
1130 2498 1174 2556 ut
1196 2496 1328 2557 sense-

169 2604 265 2664 runt
293 2596 422 2680 (Poeni)
451 2597 663 2682 profectos
698 2598 855 2680 hostes,
887 2601 1110 2685 praemissis
1135 2599 1329 2664 'Numidis

170 2727 288 2791 quam
322 2712 517 2789 poterant
550 2708 718 2772 maxime
747 2708 875 2773 citato
905 2710 1063 2792 agmine
1092 2709 1207 2792 sequi
1238 2727 1329 2773 coe·

170 2821 329 2900 perunt.
384 2815 484 2879 Ante
518 2821 678 2879 noctem
711 2816 900 2881 adsecuti
928 2817 1109 2881 Numidae
1141 2837 1247 2881 nunc
1279 2814 1328 2881 ab

169 2930 294 3005 terg0,
318 2944 423 2987 nnnc
445 2924 485 2986 in
507 2922 941 3013 lateraincursantes.
982 2922 1222 2991 Consistere
1245 2944 1329 2988 coc·

170 3038 318 3115 perunt
341 3053 384 3096 ac
406 3032 537 3096 tutari
559 3052 708 3114 agmen.
760 3031 962 3109 Quantum
990 3040 1160 3116 possent
1181 3039 1328 3111 tamen,

83 3151 155 3221 (300)
174 3146 263 3204 tuto
297 3147 339 3204 ut
372 3138 492 3203 simul
526 3148 756 3221 pugnarent
784 3140 1158 3225 procederentque,
1187 3139 1329 3223 Scipio

168 3247 430 3326 hortabatur,
459 3248 699 3331 priusquam
727 3247 943 3331 pedestres
973 3251 1097 3333 copiae
1125 3249 1329 3332 adseque-

170 3363 323 3421 rentur.
375 3355 462 3420 Male
492 3354 633 3420 cohaeret
662 3357 769 3420 oratio
799 3357 832 3420 in
857 3356 967 3421 subito
990 3357 1046 3421 illo
1070 3357 1114 3421 ad
1137 3356 1230 3422 aliud
1253 3356 1329 3422 sub·

127 3545 129 3548 y
167 3465 303 3542 iectum,
337 3464 425 3544 quod
447 3485 513 3527 non
540 3465 730 3528 nominatur
754 3463 811 3544 (ad
833 3465 1023 3546 Romanos),
1047 3465 1211 3530 transitu:
1235 3486 1329 3530 con·

170 3572 318 3635 sistere
347 3580 581 3654 coeperunt.
639 3570 778 3652 (Omitto
809 3571 1022 3638 offensionem
1049 3574 1083 3637 in
1106 3573 1224 3638 eodem
1247 3573 1329 3638 dua·

168 3700 242 3742 rum
265 3680 503 3743 sententiarum
527 3686 595 3744 tam
616 3681 796 3744 vicinarum
819 3682 925 3745 exitu:
951 3683 1068 3766 sequi
1092 3688 1329 3765 coeperunt,

170 3788 400 3853 consistere
431 3787 681 3871 coeperunt.)
739 3788 804 3854 Sed
832 3790 965 3872 gravius
995 3796 1047 3854 est
1076 3788 1168 3854 aliud
1196 3790 1329 3869 vitium3

170 3897 383 3980 participium
423 3897 509 3959 enim
548 3897 814 3962 incursantes
853 3899 900 3962 sic
940 3896 1087 3963 adhaeret
1119 3897 1221 3963 verbo
1256 3896 1329 3964 ad·

170 4007 301 4071 secuti
322 4012 445 4084 sunt,
480 4012 517 4069 ut
544 4003 694 4069 Numidae
729 4006 899 4084 dicantur,
935 4006 1012 4070 dum
1040 4006 1076 4069 in
1103 4005 1329 4070 Romanorum

169 4120 299 4197 tergum
333 4120 366 4178 et
393 4113 499 4178 latera
525 4114 710 4192 incursent,
744 4134 801 4178 eos
829 4114 977 4178 adsecuti
1006 4134 1094 4192 esse,
1128 4112 1219 4196 quod
1247 4112 1329 4178 ridi·

170 4223 281 4287 culum
312 4228 371 4287 est.
427 4221 511 4286 Nam
546 4243 646 4303 quum
676 4222 858 4301 Romanos,
894 4223 951 4305 qui
985 4222 1196 4305 aliquantum
1224 4221 1329 4306 spatii
