3000 5116
689 497 751 559 167
1155 512 1218 569 Lib,
1236 510 1297 568 m

138 687 180 748 61
212 703 259 748 66
290 682 382 767 ipsa
415 688 493 762 oet,
526 688 563 748 ut
596 683 804 767 principia
837 683 1028 765 audiantur,
1063 685 1126 750 etsi
1160 683 1298 781 offendit

136 791 342 876 geminatum
364 811 418 857 ea.
464 789 623 874 (ldlo.)1)
1224 840 1227 845 .

226 897 306 985 Gap,
330 903 359 981 3,
381 903 402 964 8
425 898 496 982 (ubi
518 901 628 983 agitur
651 900 691 965 de
713 899 863 965 sollemni
885 900 968 966 61611
990 900 1140 984 figendi):
1162 902 1292 969 Hora·
1311 921 1382 991 (140)

136 1009 227 1075 tins
259 1007 400 1074 consul
430 1006 587 1092 exlege
609 1008 804 1092 templum
824 1007 933 1074 Iovis
957 1007 1110 1094 Optimi
1131 1010 1297 1077 Maximi

136 1117 353 1183 dedicavit
386 1137 488 1182 anno
523 1121 620 1206 post⁴
642 1137 759 1199 reges
790 1123 973 1198 exact0s3
1007 1119 1294 1186 aconsulibus

137 1231 291 1311 postea
329 1225 379 1291 ad
416 1225 649 1290 dictatores
681 1259 725 1270 —
758 1223 954 1291 sollemne
995 1225 1100 1292 clavi
1137 1227 1293 1311 figendi

137 1335 390 1400 translatum
423 1339 494 1399 661.
551 1333 673 1417 Legem
705 1331 882 1416 significari
916 1341 1049 1418 oportet
1076 1356 1163 1415 eam,
1198 1358 1298 1420 quam
1428 1349 1431 1352 ’

139 1441 252 1508 Livius
280 1441 381 1526 paulo
409 1447 486 1507 ante
515 1439 546 1525 (ξ
570 1446 603 1524 5)
635 1442 717 1509 (11611
744 1441 843 1506 fixam
869 1441 971 1508 fuisse
1000 1442 1142 1509 dextro
1165 1441 1300 1509 latere

138 1551 198 1634 (-
220 1558 280 1617 aut
307 1551 356 1616 616
385 1549 594 1615 scribendum
621 1556 680 1615 aut
707 1549 834 1615 lateri
863 1550 1008 1617 ablativo
1032 1571 1112 1616 casu
1135 1552 1297 1634 accipien-

142 1659 219 1726 dum
239 1657 296 1741 —)
325 1657 405 1724 aedis
438 1657 525 1723 Iovis
555 1655 749 1742 Capitolini,
785 1659 826 1724 (16
859 1659 951 1724 61616
983 1657 1123 1742 figendo.
1179 1659 1297 1741 Itaque

141 1788 190 1834 ea
211 1769 301 1851 lege
323 1766 424 1832 scribi
445 1766 568 1832 volunt.
618 1767 741 1832 Verum
765 1788 838 1832 eam
860 1766 966 1850 legem
988 1766 1100 1833 Livius
1122 1767 1194 1850 ipse
1217 1767 1297 1833 dicit

140 1898 208 1942 non
242 1875 283 1942 de
311 1875 425 1958 templi
453 1875 677 1957 dedicatione,
711 1876 770 1941 sed
800 1875 840 1940 de
868 1875 927 1940 illa
954 1896 990 1941 re
1019 1896 1100 1957 uua,
1136 1876 1176 1941 (16
1205 1876 1297 1941 clavo

140 1984 271 2070 figendo
308 1983 427 2064 fuisse,
467 1983 508 2048 de
546 1984 663 2067 templi
703 1984 913 2050 dedicatione
947 1983 1087 2049 similem
1121 1989 1222 2066 atque
1256 1984 1297 2049 de

142 2099 329 2160 ceterorum
355 2092 556 2176 templorum
585 2092 850 2158 dedicationibus
873 2092 980 2176 legem
1002 2091 1104 2157 latam
1127 2110 1201 2158 6666
1221 2114 1297 2176 pro-

142 2201 252 2269 babile
287 2206 353 2282 est3
387 2221 494 2284 neque
527 2206 681 2285 apparet,
716 2221 774 2267 cur
808 2203 939 2267 omuino
973 2222 1032 2285 per
1065 2223 1100 2266 66
1132 2201 1195 2267 hoc
1223 2203 1296 2266 loco

141 2314 416 2377 commemoretur
437 2309 552 2394 templi
576 2307 755 2393 Capitolini
784 2310 964 2390 dedicatio,
999 2330 1196 2395 quacunque
1224 2311 1296 2395 lege

142 2419 333 2486 dedicatum
365 2423 429 2498 est,
474 2439 575 2501 quum
619 2417 660 2484 dc
701 2418 785 2484 olavi
823 2417 944 2501 figendi
983 2417 1135 2484 sollemni
1168 2426 1296 2504 agatur.

143 2526 332 2613 Scripserat
358 2525 484 2592 Livius:
516 2525 714 2591 Horatius
751 2527 893 2593 consul
922 2532 959 2590 et
988 2528 1105 2609 legen
1134 2533 1170 2590 et
1197 2533 1297 2593 tem·

139 2637 250 2722 plum
277 2634 666 2701 1611611661(
693 2641 756 2701 cet.
807 2636 910 2702 Recto
937 2637 1004 2701 iam
1025 2636 1107 2719 legis
1132 2636 1297 2703 dedicatio

138 2744 173 2810 in
205 2745 333 2830 pariete
364 2743 480 2828 templi
512 2742 603 2808 16616
634 2750 790 2809 narratur
818 2743 879 2826 (et,
913 2744 1002 2829 quod
1029 2744 1106 2810 inde
1135 2747 1293 2829 sequitur,
1311 2769 1382 2838 (141)

139 2854 265 2939 primus
305 2852 417 2918 clavus
455 2849 553 2933 fixus)
589 2850 630 2916 ab
665 2851 804 2918 Horatio
838 2873 905 2918 una
938 2873 1013 2918 cum
1046 2854 1149 2937 ipsius
1181 2854 1298 2938 templi

141 2961 361 3028 dedicatione.
415 2958 466 3024 Ex
499 2965 537 3024 61
569 2953 660 3043 lege
694 2966 732 3026 et
765 2962 957 3046 templum
983 2961 1081 3026 166116
1110 2967 1218 3027 ortum
1247 2968 1298 3027 est

140 3076 180 3137 61
217 3067 524 3154 legetemplum,
562 3067 683 3134 litteris
717 3076 758 3135 61
791 3069 893 3136 semel
927 3070 1073 3153 scriptis,
1113 3092 1213 3154 quum
1245 3069 1297 3136 bis

139 3177 301 3245 deberent
325 3176 434 3256 scribi,
458 3184 529 3244 tum
551 3198 591 3242 ex
614 3184 655 3243 61
675 3176 801 3244 factum
823 3200 878 3244 ex.
931 3177 1076 3243 Similem
1098 3179 1297 3244 sententiam

138 3285 325 3353 Gronovius
353 3290 387 3350 et
417 3283 585 3350 Strothius
615 3284 746 3352 61116616
775 3287 887 3353 conati
916 3293 1007 3367 sunt,
1041 3285 1099 3352 scd
1126 3287 1161 3352 in
1188 3286 1297 3352 verbis

142 3395 351 3462 aberrarunt.

226 3501 307 3588 Gap.
332 3507 368 3583 4,
397 3505 435 3567 2:
468 3501 687 3568 Acerbitas
716 3501 766 3584 (L.
790 3501 919 3586 Manlii)
946 3504 987 3569 in
1016 3503 1186 3584 dilectu,
1220 3525 1297 3569 non

138 3611 281 3679 damno
311 3610 425 3677 modo
449 3611 615 3691 civium,
646 3611 716 3676 scd
739 3612 860 3678 ctiam
881 3611 1135 3678 laceratione
1160 3632 1297 3696 corpo·

138 3742 225 3786 rum
241 3720 529 3786 lata-invisa
546 3725 645 3785 crat.
669 3719 752 3785 Mire
764 3725 797 3786 61
809 3741 893 3787 novo
906 3720 1043 3787 ablativi
1055 3742 1117 3786 usu
1128 3720 1296 3786 acerbitas

139 3828 313 3895 dictatoris
337 3827 457 3894 damno
482 3829 601 3894 civium
625 3834 659 3894 et
675 3828 878 3895 laceratione
896 3846 1072 3914 corporum
1087 3830 1159 3894 lata
1176 3828 1297 3894 dicitur

138 3935 242 4020 (16116
273 3936 400 4021 aliquid
423 3935 629 4003 incommodo
651 3937 789 4021 aliquo),
812 3937 926 4003 addito
948 3938 1131 4022 prasertim
1146 3937 1297 4020 genetivo

137 4046 303 4126 civium3
325 4065 402 4110 nam
418 4045 482 4129 ipsi
500 4044 627 4124 saltem,
646 4045 766 4128 quibus
783 4046 888 4113 invisa
905 4053 985 4127 erat,
1005 4068 1066 4113 suo
1085 4044 1205 4111 damno
1222 4065 1296 4129 per·

168 4300 193 4369 ¹)
211 4299 413 4370 [Ludimuun
449 4317 553 4355 nomen
580 4300 684 4355 iniuria
715 4301 959 4369 addubitaveram
995 4319 1020 4355 v.
1050 4315 1113 4370 qnae
1142 4297 1298 4370 disputavit

208 4386 351 4456 Hanptius
367 4384 463 4442 Herm.
481 4385 525 4440 ΙΠ
542 4404 570 4456 p.
591 4384 661 4456 lta]
