2994 5108
182 459 246 513 Lib.
265 460 402 516 XXXVII.
725 456 786 516 534

267 632 342 715 Cap.
367 640 417 713 47,
443 640 460 697 7
485 635 539 714 (de
570 639 712 703 comitiis
746 639 973 709 consularibus
1003 640 1037 702 in
1058 627 1185 702 ‘anuum
1219 639 1279 699 189
1303 655 1333 698 a.

181 737 287 820 Chr.):
322 740 490 807 Fulvius
525 746 667 809 consul
701 768 800 812 unus
836 753 1017 823 creatur,
1051 765 1170 829 quum
1205 743 1333 807 ceteri

180 852 389 914 centurias
423 872 499 915 non
535 853 788 935 explessent3
823 857 940 937 isque
974 859 1138 936 postero
1172 851 1238 915 die
1271 848 1333 914 Cn.

178 957 376 1022 Manlium
415 959 568 1041 Lepido
609 961 767 1027 deiecto
812 961 914 1042 (nam
955 960 1152 1024 Messalla
1184 956 1333 1037 tacuit)

179 1066 377 1148 collegam
412 1068 525 1131 dixit.
571 1067 644 1132 Non
672 1070 782 1148 video,
814 1070 979 1151 quodnam
1000 1068 1082 1132 illud
1105 1068 1149 1131 sit
1170 1063 1334 1130 Messallae

179 1174 363 1252 silentium3
387 1196 463 1239 uam
485 1175 652 1258 professus
677 1199 711 1240 se
731 1177 944 1241 candidatum
960 1177 1026 1240 iam
1044 1174 1146 1239 multo
1165 1182 1242 1237 ante
1262 1178 1335 1236 erat

178 1304 239 1346 nec
258 1283 298 1346 de
319 1284 479 1365 petitione
498 1284 666 1348 destitisse
685 1285 820 1364 dicitur;
843 1306 949 1367 neque
967 1283 1126 1347 Manlium
1144 1260 1337 1364 eloipuentia

178 1390 293 1454 vicisse
318 1397 408 1473 puto.
454 1391 557 1456 Miror
589 1393 705 1474 igitur,
736 1394 858 1456 nemini
881 1392 1059 1475 placuisse,
1089 1388 1181 1471 quod
1204 1387 1336 1452 codices

179 1497 219 1578 (B
254 1506 287 1563 et
321 1497 437 1578 Drak.)
473 1500 636 1582 praebent,
677 1500 816 1563 iacuit.
862 1498 1039 1582 Lepidum,
1080 1497 1232 1578 cuiuspet
1273 1495 1338 1559 tioi

177 1606 304 1686 aliquid
327 1608 444 1670 virium
467 1607 621 1672 habuerit
645 1613 677 1671 et
706 1629 846 1690 quocum
878 1614 1043 1670 certamen
1072 1604 1188 1678 fuerit,
1224 1603 1336 1667 Liiius

179 1713 344 1779 deiectum
367 1735 438 1778 esse
467 1715 560 1794 dicit,
591 1715 779 1779 Messallam
807 1737 871 1778 nou
901 1714 1080 1787 deiectum,
1104 1711 1162 1775 sed
1194 1711 1338 1775 iacuisse

178 1815 287 1898 ipsum
310 1840 370 1884 nec
393 1821 461 1885 ulla
484 1843 601 1904 magno
626 1844 725 1905 opere
751 1820 908 1904 suffragia
930 1822 1093 1886 babuisse.

93 1947 166 2016 (432)
270 1925 349 2009 Cap.
373 1934 422 2008 51,
446 1936 463 1992 ὃ
488 1930 543 2011 (do
567 1930 603 2006 Q.
627 1930 744 2003 Fabio,
775 1928 906 1993 flamine
931 1928 1105 2003 Quirinali,
1131 1936 1284 2011 praetore,
1306 1927 1340 1990 in

177 2034 379 2114 provinciam
393 2036 559 2118 proficisci
571 2059 591 2101 a
608 2038 762 2120 pontifice
775 2039 916 2100 maximo
929 2038 1030 2100 vetito
1048 2044 1081 2100 et
1099 2034 1338 2121 repugnante):

177 2141 338 2222 Religio
363 2145 411 2208 ad
433 2153 681 2226 postremum
704 2146 817 2224 vicit,
841 2152 882 2207 ut
906 2145 1016 2208 dicto
1035 2143 1210 2207 audiens
1228 2147 1341 2226 esset

176 2248 325 2313 flamen
348 2251 560 2332 pontifici3
585 2260 623 2316 et
645 2253 776 2321 inulta
798 2254 913 2319 iussu
936 2251 1076 2333 populi
1099 2250 1339 2314 eirernissa.

177 2357 347 2423 Postrema
370 2360 438 2423 haec
463 2360 518 2441 (et
540 2361 664 2425 multa
684 2361 758 2442 oet.)
779 2361 863 2425 exM
880 2358 1079 2424 recentiores
1096 2359 1339 2433 restituerunt;

177 2467 210 2529 iu
232 2467 397 2547 prioribus
421 2476 537 2531 contra
561 2471 704 2532 omniurn
735 2469 883 2533 codicum
912 2469 1147 2533 auctoritatem
1175 2467 1341 2532 retinetur

178 2575 341 2656 scriptura
367 2576 466 2639 otiam
485 2577 655 2640 seutentiae
668 2577 811 2658 graviter
823 2597 951 2640 nocens.
976 2575 1059 2638 Nan]
1077 2574 1161 2638 hoc:
1184 2574 1339 2656 religio

175 2682 290 2760 vicit,
314 2689 355 2745 ut
384 2682 495 2746 dict-o
525 2683 694 2748 audiens
723 2692 832 2748 osset
865 2683 1017 2747 flamen
1051 2682 1258 2764 pontifici
1292 2683 1340 2746 sio

177 2790 307 2860 dicitur,
320 2798 487 2870 tamquam
499 2792 569 2871 ipse
583 2791 700 2855 liauieu
712 2792 868 2873 religione
883 2794 994 2867 rictus
1008 2792 1130 2854 omisso
1145 2792 1341 2869 certamine,

176 2898 324 2979 pontifici
348 2900 511 2979 paruerit3
536 2907 568 2962 at
594 2906 743 2963 coactum
761 2921 833 2962 euni
854 2901 967 2982 populi
985 2898 1155 2962 voluntate
1175 2905 1209 2961 et
1228 2906 1342 2964 cetera

178 3005 297 3069 docent
321 3013 352 3068 et
377 3006 464 3085 quod
488 3028 562 3069 ruox
595 3006 782 3083 subiicitur,
818 3029 891 3070 euni
921 3007 971 3069 ira
999 3013 1119 3085 ereptae
1156 3007 1341 3086 provinoiae

176 3124 322 3194 praetura
346 3134 379 3175 se
403 3113 557 3176 abdicare
581 3121 734 3178 conatum
759 3136 840 3177 esse.
886 3114 923 3176 ln
947 3112 1118 3177 codicibus
1142 3113 1233 3176 uotis
1259 3116 1342 3178 scri-

175 3221 279 3284 bitur:
304 3222 405 3284 vicit
429 3229 471 3282 ut
495 3220 607 3284 dicto
626 3222 796 3285 audiens
817 3229 928 3285 esset
947 3219 986 3298 (Β
1007 3222 1160 3300 esseut)
1182 3222 1341 3288 flamen

175 3329 368 3410 pontifici
393 3330 548 3399 iussus,
573 3330 605 3390 iu
629 3350 693 3410 quo
713 3331 885 3411 perspicue
903 3331 987 3392 inest
1006 3327 1050 3404 id,
1070 3328 1159 3409 quod
1179 3330 1343 3395 tir-lenius

175 3441 234 3498 aut
264 3456 301 3497 ex
332 3437 445 3499 eadem
469 3434 652 3515 bloguutiui
676 3438 841 3518 scriptura
869 3440 955 3501 eruit
984 3444 1043 3499 aut
1072 3436 1182 3517 ipsum
1211 3459 1255 3501 ex
1284 3439 1343 3503 illo

176 3543 328 3624 sumpsit:
354 3552 393 3605 et
416 3543 525 3606 dioto
549 3543 717 3606 audiens
741 3565 834 3608 esse
858 3545 1005 3609 flamen
1035 3545 1233 3625 pontifici
1260 3547 1341 3610 ius-

177 3672 260 3727 sus3
285 3651 342 3713 sed
366 3651 460 3713 simul
486 3651 600 3713 addita
624 3672 688 3713 uua
710 3650 822 3715 littera
853 3652 1080 3715 scribendum:
1115 3686 1159 3695 -
1193 3653 1342 3717 iussus

176 3764 257 3834 est3
292 3759 416 3820 multa
450 3759 561 3821 iussu
596 3759 735 3840 populi
765 3767 825 3823 cet,
872 3760 919 3823 Et
953 3760 1099 3823 alienum
1135 3768 1195 3823 est.
1245 3759 1343 3826 Nihil

176 3886 310 3946 prorsus
334 3864 522 3928 offensionis
552 3864 653 3928 habet
682 3867 855 3948 participio
887 3866 1055 3946 (iussus)
1090 3866 1343 3932 substantivum

176 3973 386 4053 coniugatum
419 3974 451 4035 iu
485 3972 588 4036 altero
619 3975 788 4036 sententiae
819 3976 964 4039 mernbro
995 3975 1192 4038 subiectum.
1247 3975 1344 4042 Infra

177 4077 208 4158 (ξ
232 4080 264 4158 9)
288 4081 321 4142 iu
344 4079 395 4141 his
418 4079 776 4157 verbistdesieraut
805 4085 906 4145 enirn
936 4083 1085 4145 rictum
1115 4084 1154 4144 in
1179 4083 1341 4150 AEtolia

176 4194 354 4249 metuero
379 4188 430 4248 rix
454 4187 598 4249 dubitari
628 4195 751 4269 potest,
780 4191 859 4269 quin
894 4189 1050 4253 exciderit
1085 4212 1222 4273 regem
1248 4191 1339 4271 (vic-

177 4298 259 4354 tum
281 4293 319 4355 iu
342 4293 498 4357 AEtolia
520 4315 652 4375 regern
675 4298 864 4376 metuere)
889 4304 946 4360 aut
969 4296 1234 4377 Antiochum
1258 4322 1339 4364 nam
