2994 5108
732 468 790 529 181
1195 481 1257 536 Lib.
1276 481 1338 538 VII.

181 652 455 735 pendentibus
484 652 743 718 accommodavit
771 652 923 717 animis.
976 651 1177 735 [Debueram
1205 655 1340 720 Wesen-

181 760 332 846 bergium
366 760 549 846 appellare,
583 761 617 825 in
651 759 789 826 eandem
823 762 1019 825 sententiam
1049 760 1199 845 pluribus
1229 763 1339 848 dispu-

181 874 311 935 tantem
333 869 375 934 ad
399 868 465 935 Cic.
489 868 585 936 Tuse.
610 868 634 949 I,
659 867 762 952 96.]¹)

269 975 347 1062 Cap.
372 982 427 1058 35,
463 982 539 1044 bet
562 982 581 1042 6
604 976 652 1059 (in
675 977 711 1042 P.
734 977 836 1055 Decii,
860 976 985 1041 tribuni
1007 977 1158 1056 militum,
1191 982 1340 1046 oratione

181 1085 272 1170 apud
293 1085 416 1152 milites
438 1085 543 1169 suos):
567 1085 659 1151 Cum
682 1107 725 1150 eo
748 1084 864 1150 hoste
886 1106 951 1149 res
975 1091 1043 1164 est,
1066 1086 1133 1170 qui
1149 1085 1340 1154 hesterno

183 1194 247 1260 die
289 1194 455 1261 delendi
494 1195 619 1261 omnis
653 1194 862 1260 exercitus
896 1192 1067 1258 fortuna
1101 1216 1169 1277 per
1202 1217 1340 1264 socor-

183 1302 290 1369 diam
317 1325 416 1369 usus
437 1325 516 1370 non
539 1304 612 1383 sit;
644 1301 749 1367 huno
783 1309 862 1366 tam
897 1309 1168 1386 opportunum
1197 1305 1341 1372 collem

182 1412 456 1478 imminentem
479 1412 702 1495 capitisue
725 1430 802 1475 non
826 1417 918 1475 ante
939 1410 1091 1475 viderit
1114 1431 1228 1493 quam
1252 1434 1340 1499 cap-

182 1526 267 1584 tum
289 1512 465 1600 a'nobis3
497 1541 569 1585 nos
598 1525 678 1583 tam
702 1539 854 1603 paucos
878 1524 942 1582 tot
963 1519 1043 1603 ipsi
1066 1519 1248 1586 millibus
1270 1522 1340 1589 ho-

182 1629 332 1693 minum
359 1648 434 1693 neo
462 1648 636 1693 ascensu
664 1628 875 1692 arcuerint
901 1648 974 1691 nec
1002 1635 1189 1694 tenentes
1211 1629 1341 1696 locum

184 1772 230 1783 —
261 1735 371 1801 vallo
412 1735 776 1800 circumdederint.
838 1734 891 1800 Sic
925 1734 1021 1817 vulgo
1055 1736 1170 1816 edunt,
1212 1739 1341 1805 codices
1437 1792 1440 1797 <

183 1845 282 1928 longe
304 1844 463 1930 plurimos
486 1850 676 1928 sequentes,
704 1844 909 1928 Liviumque,
938 1866 1037 1928 quum
1062 1865 1139 1908 casu
1162 1847 1243 1930 ipsi
1266 1849 1337 1932 plu·
1356 1865 1426 1933 (153)

183 1953 250 2019 rali
270 1974 408 2019 numero
432 1953 608 2036 posuisset,
638 1951 680 2017 ad
706 1952 742 2017 id
763 1952 974 2017 arcuerint
999 1989 1039 1997 -
1062 1955 1341 2021 circumdede-

184 2062 269 2127 rint
301 2060 570 2127 accommodasse
592 2065 728 2144 putant,
763 2061 850 2145 quod
874 2059 953 2124 mihi
977 2061 1108 2144 quidem
1131 2062 1166 2126 in
1188 2062 1251 2128 hoc
1274 2071 1341 2129 tam

184 2170 340 2255 aequabili
379 2170 536 2235 orationis
570 2189 666 2234 cursu
700 2191 760 2253 per
793 2190 827 2233 se
861 2189 977 2252 parum
1010 2168 1180 2253 probabile
1214 2172 1342 2238 videtur

183 2284 359 2363 totumque
382 2299 420 2343 eo
444 2278 616 2356 evertitur,
649 2277 738 2362 quod
766 2283 842 2362 post
864 2277 971 2361 ipsum
995 2278 1342 2347 circumdederint

187 2387 351 2470 sequitur:
387 2385 507 2465 Quem
540 2385 743 2451 videntem
776 2406 821 2450 ac
854 2385 1092 2469 vigilantem
1128 2387 1185 2452 sic
1213 2388 1342 2454 eluse·

184 2495 292 2575 ritis,
320 2495 497 2579 sopitum
521 2500 686 2577 oportet
708 2492 878 2573 fallatis,
903 2516 1030 2578 exque
1055 2503 1196 2579 apparet
1217 2497 1343 2563 Livium

185 2602 325 2681 eandem
358 2603 501 2668 notionis
530 2600 669 2667 formam
697 2604 806 2668 animo
835 2603 1018 2668 retinuisse.
1074 2603 1191 2688 Itaque
1221 2628 1238 2671 e
1261 2606 1286 2671 P
1310 2614 1343 2673 et

185 2711 370 2777 Klockiano
393 2711 634 2776 restituendum
657 2711 837 2776 arcuerit
854 2747 899 2756 —
916 2711 1245 2795 circumdederit,
1273 2723 1343 2780 tum

184 2841 264 2887 vero
288 2821 358 2885 sine
381 2819 449 2885 ulla
471 2818 677 2884 dubitatione
701 2819 919 2899 scribendum,
942 2826 979 2884 ut
1001 2842 1021 2885 a
1043 2820 1206 2887 Frobenio
1230 2822 1342 2905 (1531)

187 2928 232 2994 ad
266 2927 468 2995 Gronovium
506 2927 631 2992 editum
670 2935 733 3005 est,
772 2929 872 3012 ipse,
913 2936 1077 2994 mutatum
1110 2929 1152 2994 ab
1187 2931 1341 2994 oscitanti

184 3036 324 3102 librario
348 3037 390 3103 ob
413 3042 483 3101 tot.

274 3143 355 3230 (lap.
380 3149 436 3225 37,
463 3150 498 3209 4:
533 3143 674 3210 Tertia
707 3165 839 3228 pugna
867 3143 957 3227 (post
985 3145 1124 3228 primam
1152 3146 1194 3209 M.
1219 3144 1341 3211 Valerii

187 3252 321 3320 Corvini
350 3253 394 3318 ad
421 3252 568 3318 Gaurum
595 3260 753 3333 montem,
789 3253 930 3318 alteram
957 3253 994 3317 Α.
1020 3251 1164 3317 Cornelii
1187 3252 1282 3319 Cossi
1309 3256 1343 3320 in

188 3361 336 3444 Samnio)
366 3361 416 3427 ad
449 3360 687 3427 Suessulam
720 3363 931 3428 commissa
965 3367 1039 3441 est,
1075 3383 1152 3446 qua
1179 3360 1344 3444 fugatus

187 3491 209 3536 a
242 3471 286 3536 Μ.
320 3468 486 3534 Valerio
521 3469 760 3535 Samnitium
794 3471 1015 3549 exercitus,
1058 3472 1161 3535 omni
1194 3472 1343 3537 robore

186 3579 417 3645 iuventutis
451 3577 563 3643 domo
597 3578 747 3657 accito,
781 3578 1001 3642 certamine
1035 3578 1179 3644 ultimo
1213 3580 1344 3646 sortu-

187 3707 277 3752 nam
304 3687 486 3771 experiri
513 3687 673 3751 statuit.
725 3686 797 3751 Duo
820 3685 874 3750 hie
898 3684 1077 3765 offendunt,
1104 3689 1244 3770 primum
1268 3709 1345 3753 con-

187 3815 304 3860 cursus
333 3793 554 3891 ablativorum
580 3793 694 3859 similis
718 3793 982 3878 significationis3
1015 3815 1120 3879 neque
1155 3797 1239 3860 enim
1268 3817 1344 3880 pro-

217 4012 242 4083 ¹)
259 4014 303 4070 De
316 4032 339 4070 a
353 4016 396 4080 82,
416 4017 448 4068 12
459 4014 530 4070 nihil
541 4015 642 4082 dicam,
661 4016 802 4084 qnoniam,
821 4017 897 4086 quod
908 4016 1165 4070 manifestissimum
1178 4019 1230 4082 est,
1245 4015 1344 4068 modo

257 4105 326 4170 post
342 4099 566 4155 factionibus
583 4100 742 4155 tollendum
760 4118 829 4168 esse,
847 4102 919 4156 male
938 4120 973 4156 ex
991 4101 1134 4169 superiore
1147 4118 1230 4155 versu
1244 4101 1345 4169 repeti·

257 4190 329 4255 tum,
347 4186 435 4240 etiam
443 4186 671 4242 Weissenbornio
690 4186 944 4256 poetGlareanum,
962 4191 1071 4241 tentata
1088 4187 1193 4240 frustra
1210 4188 1345 4255 interpre-

259 4272 382 4339 tatione,
405 4271 436 4326 in
457 4278 582 4328 mentem
599 4272 684 4326 venit
718 4271 858 4341 Perquam
876 4273 995 4326 ridicule
1012 4272 1097 4325 homo
1116 4272 1221 4327 virtute
1239 4289 1272 4326 ac
1290 4288 1345 4324 me·

259 4356 323 4412 ritis
340 4355 432 4413 fidens
449 4362 567 4426 negaret
583 4375 614 4412 se
632 4357 723 4411 solis
740 4357 911 4412 factionibus
930 4363 986 4412 tres
1005 4357 1168 4412 consulatus
1186 4356 1326 4428 adeptum.
