2994 5108
816 465 854 527 16

255 654 347 715 recte
379 655 511 731 notata,
551 645 710 715 ndrnnlla
744 670 908 716 consensu
941 651 1099 718 damnata
1131 660 1217 719 sunt.
1273 655 1410 722 Attendi

255 764 368 822 autem
396 757 493 823 velim
519 757 554 821 in
585 779 650 824 uno
679 764 713 823 11
734 759 841 825 altero
864 760 1027 844 exemplo,
1061 781 1159 846 quam
1181 763 1298 829 leviter
1318 763 1411 830 festi-

199 851 201 855 *
255 873 440 949 nanterque
473 865 555 931 talia
586 866 753 932 interdum
787 867 957 953 adscripta
983 870 1063 949 sint,
1096 868 1323 938 additamento
1351 879 1410 938 aut

255 996 322 1040 non
350 980 441 1041 recte
468 976 503 1039 in
531 975 690 1041 orationis
719 982 921 1042 structuram
941 977 1067 1043 incluso
1090 976 1193 1060 (velut
1213 978 1274 1059 IV,
1303 982 1359 1059 32,
1389 986 1408 1045 7

255 1106 322 1151 1ο1
346 1083 550 1168 adscriptum
572 1088 637 1164 est,
666 1104 767 1166 quum
789 1085 818 1150 ii
841 1084 992 1166 deberet,
1020 1093 1054 1151 et
1075 1086 1134 1166 Vl,
1166 1091 1213 1166 17,
1242 1092 1260 1151 6
1284 1086 1325 1152 id
1347 1110 1408 1173 pro

182 1199 311 1273 (1611,
334 1191 607 1275 quemadmodum
629 1193 663 1257 in
685 1193 787 1258 tertia
808 1192 932 1260 decade
949 1193 1050 1275 XXX,
1072 1197 1123 1274 23,
1146 1201 1167 1258 4
1190 1216 1282 1274 eum,
1306 1217 1408 1278 quum

253 1302 286 1366 is
309 1303 497 1384 ponendum
526 1299 625 1383 esset)
649 1306 708 1365 aut
728 1301 778 1367 ita
799 1301 940 1382 incluso,
973 1308 1010 1367 ut
1039 1301 1105 1366 alia
1132 1301 1408 1386 perturbarentur

254 1408 358 1492 (velut
379 1408 454 1488 VII,
487 1414 543 1489 41,
580 1413 613 1489 6,
647 1408 704 1473 ubi
738 1409 851 1476 addito
881 1411 949 1492 qui
976 1415 1011 1474 et
1037 1409 1080 1475 ad
1101 1409 1136 1474 id
1158 1411 1407 1478 accommodato

252 1515 478 1599 fugissent,
509 1516 718 1583 desideratur
744 1525 822 1602 post
847 1517 1000 1589 fuisset
1023 1524 1062 1583 11
1084 1518 1225 1584 alterum
1247 1519 1407 1603 verbum),

253 1624 438 1691 cuiusmodi
466 1624 597 1690 indiciis
627 1626 697 1710 ipse
726 1647 817 1691 error
846 1647 931 1710 sape
960 1626 1226 1711 deprehenditur.
1282 1628 1407 1694 Notata

251 1735 355 1818 igitur
377 1735 523 1799 omnium
545 1734 710 1814 codicum,
738 1734 801 1799 hoc
825 1742 885 1814 est,
915 1734 1084 1819 archetypi
1107 1734 1333 1801 additamenta
1354 1737 1406 1802 his

251 1842 334 1907 locis
367 1843 433 1908 iam
467 1848 576 1922 erant,
610 1842 651 1907 de
682 1864 822 1926 quorum
850 1842 1016 1908 nonnullis
1044 1843 1274 1909 confirmanda
1297 1847 1405 1929 suspi-

252 1952 356 2016 cionis
379 1971 481 2015 causa
502 1949 601 2035 plura
624 1950 748 2030 dicam,
782 1950 839 2015 ubi
870 1951 950 2016 ordo
980 1971 1032 2016 me
1060 1950 1103 2016 ad
1132 1972 1188 2017 eos
1215 1951 1403 2019 deduxerit:

251 2060 277 2138 I,
295 2064 346 2138 41,
365 2063 383 2122 3
401 2057 472 2139 (nbi
494 2058 559 2122 vim
580 2059 738 2125 orationis
755 2080 890 2143 prorsus
906 2059 1029 2142 frangit
1045 2059 1186 2124 alterum
1203 2060 1403 2143 consilia),

251 2167 293 2247 11,
324 2171 374 2246 30,
400 2172 414 2230 1
441 2165 660 2250 (putabant
682 2168 938 2248 sententiam,
965 2168 1022 2232 ubi
1046 2174 1079 2233 11
1100 2166 1217 2251 frigide
1239 2170 1403 2252 repetitur

251 2275 467 2342 sententia
496 2295 614 2339 nomen
643 2281 676 2340 et
704 2276 891 2341 necessario
922 2275 1094 2339 dicendum
1117 2282 1204 2340 erat:
1239 2282 1403 2342 senten-

251 2385 351 2450 tiam
382 2404 467 2447 eam
497 2403 583 2447 esse
610 2383 831 2468 putabant,
859 2404 942 2466 quae
962 2407 1021 2464 -;
1055 2405 1131 2448 nam
1152 2381 1285 2448 Lartii
1313 2405 1403 2450 sen·

250 2491 424 2558 tentiam
447 2497 554 2574 puto,
578 2512 663 2575 quae
685 2491 767 2557 nihil
790 2490 864 2573 est),
888 2495 937 2568 58,
962 2496 980 2555 5
1004 2490 1123 2575 (neque
1146 2490 1231 2555 enim
1254 2492 1360 2573 qnod
1383 2515 1404 2558 a

250 2599 364 2665 codice
388 2598 537 2664 Rhenani
560 2600 687 2680 aberat,
712 2599 770 2665 sed
794 2601 864 2664 eius
887 2599 1009 2663 iudicio
1033 2598 1224 2662 damnatum
1247 2599 1321 2680 est),
1343 2600 1403 2680 111,

253 2714 280 2788 1,
307 2713 320 2771 1
347 2706 593 2790 (Quinctius,
622 2730 681 2792 pro
705 2728 770 2790 quo
793 2707 1007 2772 substitutum
1031 2712 1082 2770 est
1105 2703 1305 2786 Quintus),
1329 2713 1358 2787 4,
1385 2714 1398 2771 l

250 2816 415 2899 (Fabios
440 2836 601 2880 consensu
625 2815 830 2897 damnatur),
856 2815 916 2894 IV,
945 2818 1001 2893 21,
1033 2818 1051 2877 6
1075 2813 1266 2894 (1111111),
1296 2819 1352 2894 32,
1382 2823 1401 2881 7

248 2925 343 3006 (cos,
367 2945 408 2989 ne
432 2922 636 2988 Alschefskio
659 2923 792 3006 quidem
816 2928 931 2988 contra
954 2920 1106 3002 dicente),
1129 2920 1181 3001 Vl,
1208 2926 1256 3000 17,
1280 2927 1299 2986 6
1323 2923 1402 3005 (11-

249 3033 371 3098 misso
395 3031 445 3111 id,
471 3031 600 3116 qnod),
619 3031 688 3111 VII,
707 3035 757 3111 23,
780 3036 794 3094 1
815 3030 974 3115 (spatio,
998 3051 1064 3114 quc
1081 3029 1193 3094 addito
1211 3030 1309 3114 plane
1326 3054 1401 3115 pcr-

248 3163 340 3206 verse
358 3140 496 3205 vel-vel
514 3139 672 3223 ponitur),
685 3144 736 3219 41,
755 3139 892 3224 6(qui),
905 3138 991 3218 VIII,
1003 3142 1053 3219 25,
1066 3143 1084 3202 5
1097 3137 1399 3223 (patiebantur),

249 3249 304 3329 IX,
331 3253 379 3328 16,
403 3253 422 3311 8
447 3246 589 3329 (11111,
614 3247 705 3331 qnod
721 3248 839 3312 mirum
862 3256 912 3312 est
929 3247 1040 3325 fuisse,
1066 3245 1178 3328 quiin
1202 3244 1317 3310 hoste
1340 3256 1400 3314 aut

247 3356 391 3445 hostes¹
403 3357 525 3421 mutari
542 3355 678 3420 mallent
696 3377 794 3437 quam
811 3355 907 3437 tolli),
923 3358 1004 3434 19,4
1022 3351 1125 3434 (Sam
1133 3353 1255 3432 nites3
1272 3352 1400 3422 frustra

247 3465 315 3530 alia
331 3461 526 3544 tentantur),
544 3459 610 3528 ibd.
630 3461 646 3545 ξ
665 3466 683 3524 7
702 3461 754 3544 (id
774 3469 837 3527 est
855 3462 994 3540 hastae3
1012 3461 1155 3524 omnium
1172 3458 1399 3528 manifestissi-

247 3596 336 3638 mum
354 3572 616 3637 additamentum
635 3590 747 3634 omnes
766 3569 938 3647 damnant,
955 3569 989 3632 in
1001 3566 1178 3650 archetypo
1190 3574 1300 3634 tamen
1312 3570 1398 3654 fnit),

247 3685 304 3760 30,
339 3685 358 3744 8
394 3679 544 3761 (causa,
579 3677 783 3760 adscriptum
817 3677 858 3741 ad
892 3674 949 3739 illa
982 3696 1052 3759 per
1085 3674 1272 3757 speeiem,
1311 3681 1397 3746 male

246 3788 531 3854 Weissenbornius
555 3784 729 3851 defendere
753 3782 914 3864 conatur).
966 3782 1018 3865 (X,
1042 3785 1091 3861 32,
1116 3787 1135 3845 4
1159 3789 1191 3846 11
1213 3783 1252 3862 X,
1277 3788 1326 3865 37,
1358 3793 1396 3852 15

245 3896 403 3962 adalind
426 3917 529 3980 genus
552 3893 733 3978 pertinent,
764 3891 803 3956 dc
832 3912 898 3974 qno
922 3889 1028 3955 dicam
1051 3889 1271 3974 paulopost.)
1316 3892 1396 3960 Haec

246 4005 348 4088 igitur
377 4005 449 4083 alii,
487 4023 546 4084 ego
575 4021 659 4064 unus
688 3998 785 4084 plura
812 3999 1000 4064 huiusmodi
1027 3991 1321 4081 interpretamenta
1349 4003 1396 4067 ita

244 4114 395 4198 coargui,
431 4118 482 4191 ut,
517 4107 646 4175 etiamsi
679 4106 718 4172 de
747 4129 811 4172 uno
840 4115 874 4175 et
901 4106 1005 4172 altero
1035 4111 1151 4198 contra
1179 4105 1321 4185 dicatur,
1355 4109 1397 4174 de

245 4221 342 4306 longe
365 4218 516 4306 plurimis
539 4216 666 4300 peritos
685 4213 845 4296 homines,
880 4215 936 4299 qui
965 4222 998 4280 et
1025 4216 1059 4280 in
1081 4212 1216 4297 singulis
1238 4213 1320 4280 locis
1342 4238 1397 4281 ar-

243 4336 403 4412 gumenta
431 4323 708 4391 consideraverint
735 4330 770 4390 ct
798 4323 949 4389 omnibus
973 4323 1058 4387 inter
1079 4343 1113 4387 se
1138 4319 1266 4386 collatis
1288 4329 1398 4390 totum
