2994 5108
199 465 263 520 Lib.
281 465 380 520 XXIV.
749 453 811 516 342

200 639 289 722 apud
312 638 394 704 Vell.
418 639 546 704 Patere.
570 638 595 717 I,
619 643 648 717 2,
672 642 701 718 2,
725 638 814 720 apud
837 638 908 703 Val.
931 637 1017 703 Max.
1041 638 1102 704 bis.
1132 637 1269 723 Semper
1290 637 1359 703 Pa·

200 754 292 811 tara
326 747 437 812 Livius
474 747 571 826 dixit,
619 768 685 812 non
718 745 918 811 Pataram.
964 745 1067 811 -Nihil
1101 747 1144 812 ad
1178 768 1249 812 rem
1283 767 1359 830 per·

201 855 288 921 tinet
310 856 530 921 nominativus
553 854 738 938 Megaris.
784 852 907 934 (laea.)

287 961 367 1047 Cap.
392 967 448 1042 32,
480 967 499 1027 6
528 962 583 1044 (de
611 961 824 1028 mercenariis
852 963 951 1045 regiis
980 961 1163 1046 Syracusas
1191 962 1360 1028 intromis-

200 1072 275 1154 sis):
321 1092 394 1136 nec
434 1072 586 1136 minore
624 1071 736 1134 intus
774 1070 812 1133 vi
850 1090 967 1154 quam
1000 1068 1103 1136 foris
1137 1076 1265 1154 portae
1298 1069 1360 1136 ei·

199 1179 497 1261 fringebantur,
522 1177 799 1262 effractisque
824 1178 1010 1244 omnibus
1033 1185 1123 1244 tuto
1146 1178 1360 1263 Hexapylo

191 1274 339 1369 'agmen
361 1292 568 1370 receptum
590 1293 663 1352 est.
702 1285 806 1351 Tuto
830 1293 999 1368 receptum
1023 1307 1094 1351 esse
1117 1307 1243 1368 agmen,
1265 1285 1360 1351 nulla

200 1400 273 1459 erat
295 1416 411 1474 causa,
441 1415 500 1459 cur
522 1394 703 1473 diceretur,
732 1415 833 1476 quum
855 1393 937 1458 nihil
961 1394 1098 1478 periculi
1121 1394 1359 1460 insidiarumve

201 1501 421 1586 significatum
443 1511 541 1568 esset.
592 1501 656 1567 Sed
684 1500 773 1583 quod
795 1501 948 1568 Dukerus
977 1510 1011 1568 et
1033 1502 1206 1568 Creverius
1228 1508 1360 1567 toturn

199 1611 298 1675 scribi
321 1610 504 1689 voluerunt,
526 1617 592 1675 tres
615 1610 744 1675 litteras
768 1616 937 1675 mutarunt
959 1632 1020 1694 pro
1044 1631 1125 1690 una3
1149 1609 1249 1675 scribi
1272 1609 1360 1674 enim

200 1718 313 1784 debet:
337 1725 426 1784 toto
445 1718 653 1802 Hexapylo
677 1739 817 1800 agmen
839 1724 1048 1801 receptum
1071 1725 1144 1796 est,
1167 1739 1226 1802 per
1244 1738 1359 1784 omnes

200 1848 257 1892 sex
279 1828 435 1893 introitus
458 1828 525 1892 sive
549 1828 652 1892 ianoe.
694 1825 906 1893 Contrarium
930 1826 993 1891 hoc
1016 1835 1067 1891 est
1085 1827 1124 1906 ei,
1149 1825 1239 1910 quod
1257 1847 1361 1911 supra

200 1933 231 2017 (ἓ
255 1935 287 2015 5)
318 1936 405 2000 unis
439 1934 598 2001 foribus
626 1934 827 2018 Hexapyli
862 1934 1018 2018 apertis
1054 1936 1193 2018 coepti
1226 1935 1361 2018 recipi

199 2050 387 2108 narrantur.
451 2042 497 2109 Ut
535 2043 622 2107 eninr
655 2042 922 2107 Weissenbornio
962 2040 1154 2121 concedam,
1195 2041 1361 2125 Hexapyli

200 2150 267 2231 (τῶν
289 2157 455 2224 Ἑξαπύλων,
483 2157 521 2215 ut
544 2151 649 2216 Graeci
672 2150 865 2233 loquuntur)
889 2151 1020 2216 nomine
1043 2171 1116 2215 vere
1140 2170 1236 2214 senas
1259 2148 1363 2235 fores,

199 2280 272 2343 quae
295 2258 369 2324 aliae
391 2259 476 2325 alias
500 2259 700 2341 exciperent,
723 2265 761 2322 ut
784 2279 843 2341 per
866 2279 978 2323 omnes
1002 2256 1239 2324 transeundum
1262 2262 1361 2336 esset,

198 2366 401 2449 significatas
429 2388 501 2432 esse
530 2367 607 2449 (etsi
636 2387 742 2449 neque
772 2367 970 2449 scriptorum
999 2365 1188 2431 testimonio
1217 2363 1252 2429 id
1282 2384 1362 2430 oon·

199 2474 350 2538 firmatur
383 2496 489 2557 neque
523 2475 566 2539 ad
595 2474 745 2557 Dionysii
778 2475 908 2558 tyranni
944 2480 1075 2538 aetatem
1109 2493 1150 2538 ea
1182 2478 1360 2556 portarum

199 2581 304 2647 forma
332 2583 497 2665 pertinere
525 2583 679 2664 videtur),
703 2583 814 2647 Livius
842 2588 953 2647 tamen
981 2581 1021 2646 de
1050 2581 1200 2665 pluribus
1229 2579 1359 2646 foribus

198 2691 292 2755 iuxta
314 2690 433 2774 positis
456 2690 627 2771 intellexit,
651 2698 697 2769 ut,
719 2690 871 2774 pluribus
895 2690 1028 2773 apertis,
1052 2689 1155 2754 maior
1177 2686 1360 2753 multitudo

199 2798 324 2862 intrare
348 2806 471 2881 posset.
522 2799 677 2883 Alioquin
707 2821 772 2863 non
801 2800 892 2863 unis
921 2797 1099 2875 foribuS,
1127 2796 1185 2861 sed
1214 2796 1359 2879 primis

200 2905 353 2985 dixisset,
388 2928 448 2972 neo
481 2908 611 2990 recipi
649 2915 835 2989 coeptos,
870 2927 953 2990 quos
981 2906 1088 2989 quinae
1119 2904 1206 2968 fores
1236 2903 1360 2969 clausae

199 3015 418 3079 excluderent.
465 3013 533 3096 [Sic
561 3016 627 3079 iam
651 3012 773 3096 Fabri]
830 3012 946 3095 (Paulo
976 3021 1069 3092 ante,
1098 3012 1154 3077 ubi
1183 3013 1216 3075 in
1239 3011 1264 3075 P
1289 3018 1358 3077 est:

200 3122 269 3186 sed
305 3123 434 3187 surdae
468 3123 736 3187 aditomnium
772 3142 892 3186 aures
922 3122 1138 3185 concitatae
1166 3118 1359 3184 multitu·

199 3228 312 3293 dines
342 3238 472 3309 erant,
502 3251 604 3313 supra
632 3232 671 3308 it,
701 3229 789 3310 quod
818 3230 917 3293 etiam
941 3229 958 3289 b
981 3228 1046 3311 legi
1075 3235 1200 3311 potest,
1231 3228 1359 3311 scripto

199 3358 258 3413 eo,
292 3358 399 3420 neque
434 3338 473 3401 id
508 3337 548 3402 de
577 3344 650 3403 tota
679 3337 829 3401 oratione
858 3345 891 3401 et
919 3335 1074 3418 precibus
1103 3341 1192 3398 recte
1220 3335 1359 3418 ponitur

198 3463 303 3524 neque
338 3443 417 3508 ferri
451 3443 519 3509 haec
556 3446 744 3529 epexegesis
777 3433 902 3527 potest:
944 3445 1116 3508 omnium
1144 3477 1187 3487 -
1216 3443 1359 3507 conci·

199 3557 295 3614 tatae
334 3551 628 3632 multitudinis,
675 3554 835 3637 longeque
875 3551 1004 3615 diversa
1044 3556 1095 3615 est
1135 3550 1359 3633 appositionis

198 3657 304 3722 forma
327 3658 427 3738 XXX,
451 3664 480 3740 7,
508 3656 560 3725 10':
585 3660 896 3739 Celtiberorum,
920 3660 1090 3742 egregiae
1112 3659 1359 3724 iuuentutis.

199 3764 415 3832 Scribendum
449 3768 592 3833 videtur:
632 3769 701 3832 sed
732 3767 861 3832 surdae
891 3767 939 3832 ad
968 3767 1103 3832 omnia
1131 3764 1193 3845 (ad
1223 3767 1360 3831 omnia

198 3874 314 3956 turni)
338 3896 466 3941 aures.
513 3876 696 3942 Gronovius
720 3877 767 3940 ad
791 3876 1035 3940 haecomnia.
1083 3872 1188 3953 1862.)

285 3980 374 4073 Cap3
392 3988 441 4063 34,
468 3988 515 4062 10,
543 3984 600 4049 ubi
623 3984 793 4049 scribitur:
823 4005 925 4066 quae
954 3983 1128 4066 propius
1158 3981 1361 4063 quaedam

199 4088 397 4156 subibant
419 4112 540 4156 naves
558 4091 642 4156 male
661 4092 931 4156 concurrentibus
950 4088 1208 4173 pronominibus,
1233 4091 1361 4156 rectius

199 4198 299 4261 etiam
328 4199 370 4263 ad
398 4201 594 4264 sententiam
624 4208 687 4264 est:
718 4201 812 4282 quia
840 4199 1009 4283 propius
1032 4205 1093 4262 cet.
1117 4195 1188 4277 (alii
1211 4199 1360 4280 quum).

199 4303 318 4385 Livius,
343 4328 379 4371 re
402 4308 509 4372 minus
532 4309 707 4391 perspicue
730 4308 839 4372 animo
863 4313 1031 4389 concepta,
1056 4305 1101 4369 ad
1121 4305 1265 4370 ferream
1289 4328 1361 4372 ma·
