2994 5108
649 470 710 530 485
1048 481 1111 536 Lib.
1131 481 1259 537 XXXIII.

66 738 70 744 ,
189 650 268 736 Cap.
295 657 348 731 15,
381 656 395 715 l
422 659 456 717 et
484 656 519 715 2:
553 651 861 717 Androsthenes
890 651 1077 735 (praefectus
1099 652 1254 737 Philippi,
1272 661 1343 725 (386)

103 761 156 825 cui
178 758 316 824 insidias
338 766 498 842 posuerat
521 760 748 838 Nicostratus,
777 758 970 824 Achaeorum
993 764 1145 842 praetor),
1180 782 1259 824 om·

103 868 213 932 nium
241 868 421 948 ignarua,
458 865 653 932 Corintho
688 866 899 949 profectus
930 866 978 932 ad
1007 867 1196 932 Nemeam
1218 903 1251 912 —

103 981 248 1040 castra
270 974 391 1040 locat.
436 973 498 1039 Ibi
527 982 644 1057 parte
668 975 841 1038 dimidia
864 976 1070 1039 exereitus
1095 974 1261 1041 dimissa

105 1083 315 1148 dimidiam
343 1082 550 1148 trifariam
582 1081 722 1146 dimsit
751 1081 849 1162 (corr.
874 1080 1035 1161 diuisit)
1066 1090 1104 1147 et
1127 1103 1260 1147 omnes

104 1191 266 1274 equites
295 1190 536 1255 discurrere
564 1189 612 1252 ad
641 1189 955 1272 depopulandos
983 1189 1103 1253 simul
1126 1190 1259 1255 Pelle·

104 1298 290 1362 nensium
320 1296 638 1380 Sicyoniumque
667 1317 788 1378 agros
816 1303 855 1360 et
884 1296 1108 1361 Phliasium
1135 1298 1259 1362 iubet.

105 1404 157 1468 lta
189 1405 307 1484 codex,
348 1388 444 1487 que'm
483 1405 588 1468 secuti
626 1403 771 1468 editores
811 1405 857 1467 sic
896 1405 1099 1487 scripserunt
1138 1408 1260 1470 oratio·

106 1532 247 1595 nemque
275 1513 565 1595 interpuuxeruut:
600 1510 809 1575 dimidiam
844 1511 1069 1592 (trifariam
1103 1511 1260 1592 divisit)

105 1625 144 1685 et
167 1640 304 1685 omnes
327 1620 487 1701 equites
505 1624 579 1697 cet,
603 1620 637 1682 in
661 1639 725 1699 quo
744 1621 885 1701 primum
903 1640 1038 1703 prorsus
1057 1619 1260 1684 incredibilis

105 1733 138 1793 et
159 1748 224 1792 non
247 1725 422 1792 toleranda
444 1733 495 1791 cst
518 1724 743 1810 parenthesis,
777 1747 842 1790 uon
872 1725 1012 1809 aliquid,
1048 1727 1137 1808 quod
1167 1734 1261 1792 extra

105 1835 295 1919 primariam
319 1824 516 1899 sententiani
538 1833 699 1907 addatur,
735 1833 792 1898 sed
821 1834 924 1917 ipsius
953 1835 1093 1898 actionis
1117 1842 1260 1899 narratae

105 1948 234 2026 partem
262 1944 311 2007 ita
338 1945 523 2017 continenS,
557 1949 596 2005 ut
628 1941 762 2005 verbum
798 1939 969 2021 (divisit)
1004 1948 1037 2005 et
1067 1942 1197 2007 obiecto
1226 1944 1259 2006 in

105 2051 262 2134 primaria
290 2051 455 2115 sententia
483 2049 631 2132 proxime
660 2047 857 2131 praecedeuti
881 2047 1120 2129 (dimidiam)
1143 2049 1259 2113 adiun-

106 2166 202 2240 gatur
234 2164 268 2222 et
301 2164 447 2239 tempore
481 2157 544 2239 ipsi
577 2156 759 2219 narrationi
795 2162 873 2237 apto
908 2161 1065 2237 ponatur,
1100 2178 1159 2220 nee
1193 2158 1259 2221 ullo

106 2264 237 2329 minimo
265 2263 386 2328 indicio
416 2284 436 2328 a
465 2264 711 2329 continuatione
741 2262 877 2345 reliquae
905 2264 1063 2328 orationis
1084 2271 1253 2347 separata.
1275 2280 1345 2348 (ear)

106 2370 232 2436 Deinde
265 2378 338 2436 tota
371 2373 535 2436 sententia
569 2378 603 2434 et
631 2392 684 2434 res
714 2371 962 2461 perversissima
990 2377 1056 2450 est;
1090 2371 1259 2436 dimidiam

106 2480 190 2543 enim
224 2486 353 2563 partem
386 2479 549 2543 exercitus
583 2478 691 2542 educti
722 2478 969 2543 Androsthenes
1004 2479 1187 2544 discurrere
1218 2479 1261 2544 ad

106 2606 219 2669 ugrum
243 2584 508 2670 depopulandum
531 2586 632 2665 iubet,
663 2585 830 2650 dimidiam
853 2621 896 2630 —
919 2586 997 2669 quid
1020 2590 1195 2669 putamus?
1219 2623 1261 2632 -

107 2693 295 2772 dimittit,
323 2699 357 2757 et
380 2697 456 2756 ante
481 2691 633 2770 dimittit,
663 2712 761 2774 quam
784 2692 927 2775 reliquos
951 2693 1135 2759 discurrere
1158 2694 1259 2758 iubet.

107 2800 189 2879 Quo,
219 2800 350 2882 quaeso?
378 2799 421 2864 ad
445 2820 544 2882 quam
568 2800 659 2863 rem?
690 2819 753 2880 quo
777 2799 937 2865 consilio?
965 2800 1129 2883 Apparet,
1159 2821 1259 2863 unum

107 2906 173 2972 fieri
201 2909 363 2990 potuisse,
399 2915 436 2971 ut
459 2907 704 2971 Androsthenes
735 2906 905 2971 dimidiam
933 2912 1061 2990 partem
1091 2908 1260 2990 copiarum

106 3014 136 3077 in
175 3016 294 3080 castris
334 3015 507 3092 retineret,
554 3013 722 3077 dimidiam
769 3013 952 3078 discurrere
992 3013 1260 3096 populabundam

109 3119 243 3187 iuberet.
287 3121 396 3203 Atque
419 3122 468 3186 ita
489 3142 559 3185 rem
583 3128 692 3185 actam
715 3141 798 3199 esse,
823 3122 885 3186 etsi
907 3141 966 3204 per
990 3142 1025 3185 se
1048 3122 1261 3203 perspicuum

107 3235 168 3309 est,
195 3228 307 3293 Livius
336 3230 406 3312 ipse
430 3230 512 3293 satis
536 3228 701 3305 declarat,
730 3229 787 3311 qui
811 3226 828 3309 ξ
850 3232 869 3290 8
892 3228 1158 3292 Androsthenem
1182 3230 1260 3293 scri·

103 3328 162 3415 bit,
191 3335 381 3400 Nicostrato
412 3343 445 3400 et
467 3336 594 3399 thaeis
626 3333 669 3398 ad
692 3341 803 3398 castra
826 3336 1072 3416 accedentibus,
1104 3336 1187 3402 tuba
1207 3357 1259 3400 re·

100 3444 211 3508 vocari
255 3464 353 3525 vagos
394 3441 450 3523 (ad
494 3441 719 3525 populandum
760 3443 890 3525 missos)
930 3445 1083 3523 iussisse,
1128 3444 1260 3508 interim

237 3616 243 3620 ..
252 3614 328 3621 -·——...

170 3720 255 3781 quot
285 3713 320 3766 in
353 3712 632 3782 supplementum
660 3714 709 3764 aut
736 3710 827 3779 quod
854 3712 980 3781 sapph,
1014 3712 1134 3767 alterum
1161 3719 1260 3781 postea

168 3798 333 3862 removebo;
361 3797 389 3851 in
413 3796 485 3849 libro
504 3793 607 3862 xxm,
632 3797 658 3862 8,
684 3797 700 3849 8
724 3794 844 3862 (donec
866 3798 993 3866 etipse
1017 3798 1042 3851 V
1064 3798 1181 3851 millia
1204 3816 1257 3851 so·

170 3883 261 3936 cium
291 3898 329 3936 ac
352 3881 501 3935 nominis
524 3879 645 3933 Latini
670 3879 862 3945 effecisset;
889 3881 922 3935 id
941 3882 1106 3950 praesidio
1126 3882 1258 3936 Sicilire

171 3968 361 4036 provinciae
389 3967 493 4032 esset)
525 3983 582 4020 non
609 3971 667 4018 tam
693 3965 894 4033 praesidium
921 3983 987 4020 cum
1014 3966 1160 4020 Gronovio
1189 3967 1256 4021 scri·

169 4051 290 4105 bendum
308 4052 423 4106 videtur
440 4069 537 4120 quam:
565 4049 598 4102 id
620 4050 770 4118 praesidi.
816 4049 884 4103 Eius
907 4051 1031 4118 genetivi
1057 4051 1153 4124 formae
1178 4067 1256 4104 erro·

170 4152 287 4206 rumque
313 4136 379 4190 inde
407 4144 537 4190 natorum
563 4153 622 4188 non
648 4151 739 4203 pauca
765 4136 885 4203 vestigia
911 4136 941 4188 in
967 4136 1021 4189 hac
1050 4136 1155 4189 decade
1180 4141 1256 4204 sunt,

170 4221 245 4275 velut
270 4222 301 4274 in
322 4219 456 4285 XXXIV,
482 4222 530 4287 th,
560 4222 575 4272 b
603 4220 694 4288 ipsum
720 4220 893 4287 praesidio
918 4220 947 4272 in
970 4222 1072 4274 ceteris
1097 4219 1179 4274 codd.
1206 4237 1258 4288 pro

169 4304 311 4372 praesidi
329 4304 383 4372 (Β).
