2994 5108
217 481 280 536 Lib.
299 481 334 536 Π.
776 471 818 532 80

305 653 384 738 Cap.
398 659 448 736 52,
466 656 652 738 5quoniam
670 655 705 719 in
723 654 891 720 codicibus
903 653 977 738 (MP
989 656 1122 737 ceteris)
1134 678 1200 722 non
1211 655 1380 722 multam

216 762 410 828 dixerunt
449 767 514 841 est,
563 762 622 827 sed
660 762 828 828 multam
870 763 1103 845 edixerunt,
1142 762 1216 830 fieri
1255 770 1380 849 potest,

216 877 256 937 ut
279 871 391 936 Livius
414 870 591 954 scripserit,
620 871 713 936 utin
736 870 808 937 cod.
832 870 922 935 Leid.
946 875 965 934 2
988 870 1120 954 legitur,
1144 873 1222 938 duo
1244 872 1380 938 millia

216 980 308 1044 aeris
337 978 529 1043 damnato
557 977 691 1044 multae
715 977 926 1057 dixerunt,
954 981 1105 1062 genetivo
1128 1001 1224 1061 casu,
1253 980 1380 1047 litteris

218 1094 332 1152 autem
349 1085 436 1151 male
449 1085 563 1152 divisis
582 1108 622 1151 ex
640 1086 768 1152 multa
785 1086 1004 1153 edixerunt
1021 1085 1381 1155 lactumsitmultam

218 1193 275 1258 ed.
325 1193 421 1258 ssiam
449 1192 589 1259 formam
618 1192 710 1276 (duo
741 1193 873 1259 millia
895 1195 986 1260 aeris
1009 1195 1143 1261 multae
1165 1217 1226 1280 pro
1248 1197 1382 1263 multa

220 1303 388 1367 (luorum
427 1301 613 1383 millium)
647 1308 780 1367 secutus
815 1309 864 1368 est
896 1302 1006 1367 Livius
1040 1302 1195 1384 XXVIH,
1230 1308 1286 1386 39,
1324 1308 1380 1370 19:

221 1410 397 1475 muneris
422 1461 454 1473 ..
478 1460 484 1473 .
508 1408 610 1473 dena
639 1409 770 1475 millia
793 1411 890 1489 aeris,
914 1417 948 1475 et
970 1409 1072 1489 XXX,
1097 1415 1126 1490 5,
1150 1415 1185 1476 3:
1214 1410 1382 1498 Septem

220 1517 355 1583 millia
378 1517 557 1583 itineris.
592 1516 666 1581 l'id.
691 1517 835 1584 Gramm.
859 1538 938 1583 meae
962 1517 1068 1600 hats
1092 1523 1187 1585 assa
1208 1526 1289 1602 not,
1312 1518 1381 1586 cic.

221 1626 312 1691 l'err.
336 1625 457 1706 111,75
482 1632 515 1690 et
539 1630 578 1689 76
603 1632 636 1691 at
661 1630 730 1690 140.
777 1624 900 1709 (1861.)

287 1732 387 1818 Cap.
413 1738 463 1813 56,
487 1738 520 1796 7:
555 1732 593 1797 Is
617 1731 808 1816 (Laetorius)
830 1770 873 1782 —
896 1736 984 1817 ipse
1007 1736 1047 1798 in
1069 1736 1383 1802 accusationem

220 1841 346 1926 Appii
386 1840 635 1926 familiaeque
668 1841 971 1926 superbissima·
1005 1863 1050 1907 ac
1083 1842 1383 1909 crudelissimae

221 1951 260 2015 in
296 1948 457 2034 plebem
487 1951 704 2015 Romanam
734 1971 902 2015 exorsus
931 1957 991 2015 etc.
1048 1948 1193 2033 Cogente
1222 1971 1303 2016 usus
1331 1951 1383 2017 lo-

218 2057 343 2140 quendi
377 2058 449 2142 lege
485 2057 694 2123 scribendum
728 2078 799 2123 esse
833 2056 966 2123 sublata
1000 2058 1250 2142 praepositione:
1292 2060 1384 2143 ipse

220 2167 527 2231 accusationem
550 2187 730 2245 exorsus,
754 2172 830 2230 ante
853 2165 981 2248 aliquot
1003 2186 1107 2231 annos
1130 2165 1298 2248 adnotavi,
1320 2187 1384 2232 nec

220 2274 419 2339 sententiam
441 2280 542 2353 muto,
567 2273 655 2356 quod
678 2272 822 2338 adscribi
843 2273 947 2353 video,
969 2296 1051 2339 nore
1074 2274 1138 2339 hoc
1161 2273 1284 2340 dictum
1307 2296 1384 2341 essa

223 2403 283 2464 pro
314 2403 368 2461 eo,
403 2382 492 2465 quod
522 2382 581 2446 sit:
621 2381 661 2446 in
695 2382 1005 2447 accusationem
1039 2381 1176 2447 dicere
1210 2403 1384 2449 exorsus

222 2488 329 2573 (quod
362 2488 441 2553 mihi
476 2488 608 2574 quidem
634 2511 770 2573 prorsus
799 2511 891 2573 aeque
918 2511 1037 2556 novum
1064 2489 1208 2556 ridetur:
1244 2490 1386 2556 dicere

223 2599 262 2661 in
292 2598 599 2663 accusationem
628 2596 824 2679 alicuius)
853 2604 912 2662 aut
939 2600 1167 2663 orationem
1196 2618 1385 2664 exorsus.

223 2704 416 2788 Praepositio
446 2706 484 2770 in
508 2705 549 2770 ab
574 2705 750 2789 incipiendi
772 2705 879 2770 vorbis
901 2704 999 2789 plane
1022 2704 1189 2771 abhorret.
1242 2705 1386 2789 [Praece-

222 2819 318 2896 perat
342 2811 536 2896 Creverius]
588 2812 667 2895 (Sed
696 2813 760 2879 cluo
790 2819 951 2896 praeterea
977 2814 1010 2878 in
1039 2812 1101 2878 hoc
1130 2815 1240 2898 capite
1271 2835 1386 2880 emen·

44 2946 45 2950 ¹
139 3010 141 3014 Α
222 2921 334 2986 danda
356 2943 426 2988 esse
448 2927 537 2986 rectc
561 2922 748 2987 admoneor.
783 2921 868 2986 Nam
890 2919 907 3002 ἐ
930 2927 949 2985 4
973 2921 1062 3003 quod
1084 2920 1252 2986 scribitur:
1276 2922 1387 2989 Huic

221 3031 381 3096 sectioni
481 3052 599 3112 quum
627 3050 777 3094 summa
799 3030 835 3093 vi
858 3029 1109 3094 resisterent
1131 3037 1274 3113 patres
1298 3051 1385 3111 nec,

220 3160 308 3222 quae
337 3159 415 3202 una
443 3139 500 3203 vis
529 3138 577 3202 ad
606 3137 879 3202 resistendum
903 3143 1003 3216 erat,
1031 3142 1073 3201 ut
1096 3138 1388 3205 intercederet

221 3245 380 3328 aliquis
405 3267 449 3310 ex
470 3244 658 3330 collegio,
683 3296 742 3309 ...
766 3244 911 3309 adduci
934 3251 1085 3328 posset,
1108 3246 1180 3309 iure
1204 3245 1385 3330 Ussingius

222 3373 286 3417 non
318 3352 424 3418 solum
453 3352 582 3436 ingrate
607 3373 800 3418 concurrere
823 3373 972 3416 summa
994 3352 1030 3414 vi
1053 3359 1087 3416 et
1110 3373 1187 3417 una
1209 3355 1285 3434 vis,
1320 3355 1384 3419 aed

220 3461 428 3544 apertissime
445 3461 531 3524 inter
549 3483 584 3525 so
602 3481 786 3544 repugnare
805 3481 954 3524 summa
969 3461 1006 3523 vi
1023 3460 1248 3541 restitisse,
1267 3482 1384 3545 quum,

220 3589 292 3650 quae
315 3590 380 3633 una
403 3569 451 3633 vis
475 3574 572 3648 esset,
601 3590 666 3634 non
688 3569 903 3652 reperiretur3
935 3567 1047 3652 itaque
1071 3567 1283 3634 scribendum
1307 3590 1385 3637 esse

220 3677 389 3741 lenissima
412 3677 609 3741 mutatione:
645 3697 728 3759 quae
757 3697 834 3739 una
856 3675 914 3736 vla
937 3675 984 3739 ad
1007 3676 1120 3740 rasit.
1171 3676 1222 3740 Ex
1243 3678 1310 3743 uia
1332 3678 1385 3743 ad

218 3807 319 3866 quum
342 3783 465 3849 lactum
489 3790 576 3849 esset
597 3783 700 3869 viad,
724 3782 808 3847 male
832 3781 1014 3867 supplendo
1037 3790 1147 3848 ortum
1170 3790 1223 3849 est
1240 3786 1302 3851 ris
1321 3787 1383 3866 ad,

218 3892 348 3974 dequo
372 3892 480 3957 mendi
504 3914 623 3975 genere
646 3890 690 3956 ad
712 3890 737 3970 Ι,
762 3894 811 3969 39,
835 3895 853 3953 5
878 3891 1002 3955 dictum
1026 3897 1085 3956 est.
1130 3889 1215 3956 Tum
1238 3890 1256 3975 ξ
1282 3899 1323 3959 14
1345 3896 1382 3959 in

220 4000 286 4064 his:
322 4008 363 4065 et
393 4021 619 4065 concursus
647 3999 854 4064 hominum
882 3999 919 4062 in
948 3997 1077 4064 iorum
1099 4020 1145 4063 ex
1167 4005 1258 4065 tota
1280 4001 1383 4068 urbe

218 4110 439 4174 concitatae
473 4106 755 4172 multitudinis
788 4106 927 4183 fieret,
961 4114 1048 4171 recte
1078 4105 1382 4176 Forchhammerus

218 4214 382 4280 intellexit
416 4236 550 4298 prorsus
578 4215 695 4279 vitiose
724 4213 893 4279 abundare
920 4212 1119 4279 hominum
1150 4213 1382 4302 additumque,
