2994 5108
686 480 747 542 667
1105 494 1291 551 murum.

134 670 192 729 tur
214 685 261 729 ax
281 665 394 731 vario
418 685 578 748 genere;
601 665 812 749 nequeenim
836 665 980 731 varietas
1003 686 1168 732 armorum
1192 668 1290 751 signi·

135 771 266 838 ficatur.
302 770 426 853 (1864.)

224 878 302 965 Cap.
339 885 388 961 11,
423 884 456 944 2:
489 880 632 946 Patres
664 916 709 927 -
741 881 904 965 legatos
936 883 976 947 in
1010 881 1291 949 Macedoniam

136 988 182 1055 M.
205 989 391 1055 Fulvium
417 989 605 1054 Flaccum
629 995 668 1054 et
695 987 738 1054 M.
763 987 974 1055 Caninium
1002 990 1189 1056 Rebilum
1217 993 1290 1056 mi·

137 1104 295 1178 serunt,
317 1080 386 1179 'qui
409 1102 622 1181 comperta,
645 1118 729 1182 quae
752 1106 991 1182 agerentur,
1014 1098 1230 1179 referrent,
1253 1107 1292 1165 et

135 1206 238 1271 usn.
262 1198 470 1272 Hostilius
504 1206 645 1270 consul
679 1207 844 1271 comitia
866 1205 1111 1273 consulibus
1146 1207 1292 1274 subro-

137 1313 283 1398 gandis
316 1315 377 1380 ita
410 1314 601 1393 ediceret,
634 1316 695 1378 uti
728 1335 862 1379 mense
896 1313 1088 1382 Ianuario
1123 1316 1292 1382 comitia

138 1420 284 1487 haberi
305 1429 485 1506 possent,
509 1430 547 1486 et
568 1429 610 1486 ut
632 1423 761 1505 primo
785 1442 941 1504 quoqne
964 1427 1145 1506 tempore
1167 1425 1207 1489 in
1230 1446 1292 1489 ur·

121 1529 224 1596 'bem
245 1530 412 1595 rediret.
446 1529 609 1613 Perqnam
632 1528 806 1594 infeliciter
829 1529 882 1594 hic
905 1529 1063 1614 Grynaeus
1086 1552 1156 1596 rem
1178 1533 1291 1616 gessit,

136 1637 182 1704 ad
203 1640 295 1705 cuius
312 1659 439 1705 errores
457 1637 667 1721 corrigendos
684 1637 767 1703 nihil
783 1659 918 1722 prorsus
936 1638 1050 1703 auxilii
1068 1639 1291 1723 Kreyssigium

135 1744 361 1812 Bekkerumve
384 1746 534 1812 attulisse
557 1747 667 1812 miror.
700 1745 845 1810 Primum
861 1767 996 1830 prorsus
1019 1747 1209 1813 incredibile
1228 1754 1288 1828 est,

135 1873 239 1938 quum
260 1876 313 1920 res
334 1854 424 1920 hand
441 1874 605 1939 prosperae
623 1854 656 1919 in
673 1853 867 1921 Macedonia
886 1861 1004 1934 essent,
1028 1854 1205 1936 consulem,
1229 1856 1288 1942 qui

135 1962 184 2029 ibi
206 1968 302 2043 esset,
326 1963 368 2029 ab
392 1963 537 2028 exercitu
561 1969 734 2028 avocatum
757 1982 844 2042 esse,
872 1969 910 2028 ut
938 1963 1071 2028 comitia
1093 1962 1205 2029 Romae
1233 1962 1291 2028 ha·

135 2068 238 2151 beret,
260 2092 360 2155 quum
383 2077 471 2137 esset
491 2072 524 2135 in
547 2069 646 2136 Italia
668 2071 736 2135 sine
755 2069 842 2137 bello
867 2071 907 2152 (c.
932 2075 960 2150 9,
988 2070 1082 2154 1-3)
1107 2072 1193 2138 alter
1213 2093 1289 2137 con-

134 2177 201 2259 sul;
223 2200 283 2245 nec
305 2200 459 2262 umquam
480 2179 678 2263 reperietur,
702 2199 803 2262 quum
825 2178 922 2244 alteri
945 2180 1069 2246 consuli
1092 2179 1192 2271 Italia
1215 2201 1290 2264 pro·

135 2285 244 2352 vincia
265 2293 361 2369 esset,
384 2287 480 2354 alteri
502 2286 623 2353 bellum
646 2293 741 2352 extra
762 2286 902 2366 Italiam,
925 2309 990 2354 non
1013 2287 1134 2354 abillo
1158 2288 1292 2353 comitia

137 2393 264 2474 habita,
288 2396 344 2479 qni
366 2396 400 2462 in
422 2395 521 2461 Italia
544 2403 637 2472 esset.
682 2395 802 2460 Mirum
830 2395 865 2460 id
894 2417 1040 2479 qnoque,
1063 2396 1152 2478 quod
1176 2396 1291 2462 consul

140 2501 228 2567 redit
250 2509 284 2567 et
306 2504 439 2568 comitia
460 2503 561 2570 habet
586 2524 698 2569 mense
725 2503 896 2582 Ianuario,
925 2503 1026 2588 legati
1055 2503 1096 2570 de
1124 2525 1164 2570 ea
1191 2503 1292 2573 read

140 2631 216 2676 eum
238 2611 330 2676 missi
353 2620 468 2678 exacto
492 2612 623 2677 demum
644 2611 820 2678 admodum
836 2610 1017 2678 Februario
1040 2612 1180 2678 redeunt
1204 2610 1234 2696 (ἕ
1268 2611 1291 2694 ).

140 2718 249 2784 Huius
271 2720 447 2803 pravitatis
470 2728 585 2786 auctor
608 2720 766 2804 Grynaeus
791 2727 856 2800 est;
884 2741 961 2784 nam
988 2720 1023 2784 in
1051 2720 1164 2786 codice
1189 2722 1293 2787 omni-

140 2826 203 2893 bus
226 2828 345 2894 litteris
368 2829 505 2895 alterius
528 2829 670 2894 consulis
692 2849 810 2893 nomen
833 2827 1003 2892 scribitur:
1026 2827 1076 2893 Et
1092 2836 1135 2893 ut
1152 2828 1189 2892 A.
1209 2828 1292 2893 Ati·

141 2936 222 3001 lius
257 2956 359 3001 cons.
392 2936 547 3022 Apparet,
580 2937 685 3001 virum
725 2937 891 3019 egregium
925 2957 963 3001 eo
997 2934 1173 3019 deceptum
1207 2957 1289 3015 esse,

140 3042 230 3129 quod
251 3043 322 3109 haec
344 3046 519 3110 coniuncta
542 3051 618 3110 sunt
641 3065 714 3109 cum
738 3045 899 3108 mentione
920 3044 1103 3126 legatorum
1126 3045 1160 3108 in
1182 3043 1291 3109 Mace·

142 3151 274 3219 doniam
307 3153 491 3233 missorum,
525 3160 558 3217 et
585 3160 746 3237 praeterea
779 3152 902 3217 duritia
930 3152 1105 3230 orationis3
1140 3172 1217 3216 nam
1251 3173 1291 3216 ex

141 3259 214 3326 illo:
248 3268 385 3343 patres
413 3297 457 3307 -
489 3263 687 3327 miserunt
725 3259 767 3325 ad
796 3258 940 3334 alterum¹
958 3260 1138 3325 membrum
1160 3259 1293 3325 auditur

142 3367 425 3448 decreverunt,
461 3369 548 3452 quod
577 3390 679 3452 genus
707 3367 821 3451 figurae
853 3373 909 3429 ἀπὸ
932 3376 1035 3441 κοινοῦ,
1064 3375 1102 3433 ut
1135 3388 1175 3432 ex
1198 3369 1294 3433 unius
1359 3385 1362 3391 “

141 3479 189 3543 rei
213 3477 352 3542 decretae
375 3477 558 3561 pluriumve
589 3478 655 3542 suis
677 3475 784 3542 verbis
815 3477 1123 3543 commemoratione
1146 3483 1295 3542 sumatur

141 3586 321 3651 communis
343 3584 469 3652 decreti
491 3585 686 3670 significatio
721 3585 764 3650 ad
792 3605 929 3666 eamque
959 3584 1225 3651 accommodatur
1251 3591 1295 3648 ut

142 3693 338 3774 coniuncti0,
370 3716 436 3759 non
469 3716 580 3759 rarum
613 3702 664 3758 est
692 3693 778 3776 apud
806 3693 949 3773 Livium3
983 3700 1020 3758 nt
1041 3692 1148 3772 XXX,
1172 3695 1222 3770 27,
1248 3697 1284 3755 11
1307 3704 1377 3773 (553)

141 3808 218 3886 post
249 3809 472 3886 prorogata
512 3803 683 3886 imperia
717 3802 920 3884 adiungitur:
956 3808 998 3866 et
1035 3807 1079 3866 ut
1112 3801 1294 3885 placatis

143 3908 205 3975 dis
224 3911 358 3975 omnia
384 3911 622 3993 inciperent
650 3917 919 3994 agerentque,
954 3908 1073 3975 ludos
1095 3944 1138 3954 —
1160 3916 1203 3973 ut
1225 3930 1295 4000 eos

141 4015 258 4082 ludos
292 4018 481 4083 consules
515 4053 556 4063 -
589 4017 782 4091 facerent.
831 4016 928 4100 [And.
951 4016 1053 4096 XXX,
1083 4022 1134 4096 41,
1156 4021 1186 4096 4,
1209 4015 1293 4095 XLI,

143 4129 192 4205 15,
219 4131 272 4206 113
297 4125 377 4190 alibi
396 4127 559 4191 omittitur
576 4133 637 4191 ut:
660 4125 774 4206 XXIV,
787 4131 838 4207 44,
857 4131 886 4205 2,
910 4125 1026 4204 XXVI,
1040 4128 1090 4204 28,
1109 4130 1138 4205 4,
1161 4123 1294 4195 XXVII,

141 4236 191 4314 22,
217 4239 245 4314 9,
269 4233 415 4314 XXVIII,
441 4239 489 4314 10,
515 4241 562 4314 11,
588 4233 705 4314 XXXI,
729 4239 758 4313 8,
784 4239 878 4311 6-7,
901 4231 983 4314 XLI,
1009 4238 1057 4311 14,
1083 4230 1126 4315 6.]
1168 4232 1294 4297 Deinde

140 4344 268 4423 nescio,
292 4363 365 4423 cur,
394 4364 495 4426 quum
522 4343 557 4407 in
579 4341 689 4407 codice
713 4344 885 4427 perspicue
910 4341 1070 4424 scriptum
1093 4347 1196 4407 esset:
1231 4361 1295 4405 co-
