2994 5108
209 515 271 591 ns.
288 513 387 589 xxii.
489 588 494 600 Ι
758 499 820 560 334

210 693 282 752 erat
310 684 483 768 templum,
519 685 647 762 Livius,
682 683 789 764 figura
817 685 977 749 orationis
1006 677 1166 749 invitante
1190 682 1242 763 (in
1264 682 1366 748 urbe

209 794 341 859 nobili
365 795 457 877 ipsa
485 792 584 857 urbe
609 792 814 874 nobilius),
839 794 873 856 in
890 792 970 856 urbe
987 792 1088 857 fuisse
1105 792 1197 856 dixit.
1226 791 1265 855 In
1282 789 1366 855 urbe

210 925 230 968 a
251 903 343 967 Livio
367 900 526 984 templum
549 921 620 965 esse
645 900 724 979 dici,
754 921 793 964 ex
817 920 855 964 eo
879 900 981 965 otiam
1004 906 1152 983 apparet,
1182 898 1270 984 quod
1293 899 1366 963 eius

210 1010 389 1094 descriptio
424 1008 487 1073 hoc
521 1008 596 1073 loco
631 1009 852 1090 interponitur
887 1016 964 1074 ante
993 1010 1079 1074 arcis
1108 1008 1366 1092 descriptionem

210 1117 241 1201 (ᾗ
265 1120 308 1200 8).
364 1116 448 1181 Tum
471 1113 487 1196 ἓ
512 1122 529 1177 7
553 1116 587 1178 in
616 1115 738 1181 codicis
767 1117 792 1181 P
816 1119 922 1199 prims
951 1119 1133 1202 scriptura:
1168 1117 1283 1181 cuius
1313 1115 1366 1180 ci·

210 1247 345 1293 nerem
385 1223 498 1288 nullo
538 1245 713 1306 unquam
748 1226 1174 1291 moueuentoscdaros
1207 1230 1269 1289 cet.
1304 1244 1365 1306 sp·

210 1339 305 1419 puret
332 1335 440 1398 inesse
469 1331 550 1395 illud
578 1332 699 1415 ipsum,
735 1333 824 1414 quod
848 1336 1031 1398 Gronovius
1054 1334 1217 1398 restituit:
1250 1330 1365 1396 nullo

210 1462 384 1525 unquam
407 1440 557 1504 moveri
581 1446 709 1505 vento.
762 1440 837 1506 Sed
860 1462 930 1506 arx
953 1450 1026 1521 cet,
1048 1463 1123 1521 non,
1147 1440 1236 1524 quod
1257 1460 1368 1523 nuper

208 1555 397 1616 revocatum
420 1555 485 1612 est:
521 1547 662 1613 nullus
690 1569 863 1629 unquam
890 1557 1051 1614 moveat
1074 1556 1229 1615 ventus.
1287 1547 1368 1612 Sed

210 1680 281 1724 arx
309 1664 370 1722 cet.
421 1655 452 1737 (ἓ
482 1661 501 1719 8
530 1677 591 1739 pro
620 1678 697 1738 qua
725 1656 866 1723 fortasse
894 1658 957 1722 fuit
990 1658 1096 1739 quia.
1144 1656 1251 1738 1871.)
1302 1655 1368 1720 Ρο·

210 1764 372 1847 strem0§
400 1769 437 1828 15
460 1763 667 1829 scribendum
691 1773 757 1829 est:
792 1787 879 1830 noui
907 1765 980 1848 (pro
1009 1765 1099 1846 ism)
1122 1765 1197 1830 hoc
1219 1770 1264 1828 ut
1284 1762 1368 1829 sibi

210 1875 366 1952 liceret,
397 1872 719 1955 impetraverant
742 1874 776 1937 ei
799 1872 1003 1953 (Locrenses,
1033 1894 1093 1956 pro
1116 1872 1169 1953 et)
1192 1871 1240 1937 ab
1262 1870 1367 1936 Hen-

210 1980 364 2066 nibale,
402 1980 538 2044 missis
578 1980 625 2044 ad
664 1980 703 2044 id
742 1982 873 2064 ipsum
908 1982 1068 2064 legatis.
1125 1980 1222 2061 (Iam
1253 1979 1368 2044 locum

209 2089 348 2155 haberet
387 2088 535 2153 oratione
569 2089 614 2151 sio
649 2087 866 2154 conformata:
904 2089 1000 2153 Nam
1039 2089 1114 2154 hoc
1153 2089 1230 2153 iem
1270 2095 1367 2153 ante

209 2196 286 2278 cet.)
349 2193 547 2277 [Pronomen
587 2197 809 2261 necessarium
844 2206 908 2272 est,
954 2197 1044 2279 quod
1083 2197 1147 2280 ipsi
1179 2195 1368 2262 Locrenses

208 2310 328 2388 praeter
351 2305 477 2386 legatos
506 2310 582 2367 onte
610 2305 770 2371 nominati
800 2327 864 2368 non
895 2312 986 2384 sunt,
1013 2305 1070 2370 sed
1100 2304 1275 2387 significati
1303 2324 1368 2369 no·

209 2413 295 2476 mine
320 2409 494 2492 Locros]

295 2519 372 2602 Cup.
391 2525 421 2596 4,
460 2523 473 2579 l
499 2524 533 2582 et
556 2523 574 2580 2
599 2520 632 2583 in
656 2519 767 2584 codice
791 2519 815 2582 P
838 2519 1012 2586 scribitur:
1035 2555 1079 2565 —-
1097 2520 1275 2585 laturum
1298 2541 1372 2588 ae·

210 2627 334 2692 etssit
362 2626 580 2709 ingenium,
612 2647 714 2710 supro
740 2646 780 2689 ee
809 2629 918 2711 posito
947 2646 978 2706 u,
1007 2649 1108 2712 supra
1136 2647 1175 2689 us
1204 2634 1242 2690 te
1264 2649 1369 2694 mauu

209 2743 266 2799 out
294 2736 400 2818 prima
434 2741 492 2798 aut
521 2733 637 2798 altera.
693 2735 776 2798 Hinc
800 2735 956 2801 efficitur:
991 2736 1082 2800 Earn
1111 2743 1285 2814 oetatem,
1321 2737 1365 2802 id

208 2842 411 2925 ingenium
434 2849 595 2905 tutores
619 2849 744 2925 etque
768 2845 887 2908 unrici
910 2880 953 2889 -
975 2848 1233 2927 acceperunt.
1268 2843 1366 2924 Eam,

207 2971 280 3032 quoe
307 2950 400 3033 pueri
422 2951 550 3013 nomine
574 2952 639 3014 iam
662 2951 843 3031 significata
866 2959 926 3028 est,
956 2958 1096 3029 aetutem,
1129 2952 1161 3016 id
1185 2952 1369 3035 ingenium,

207 3058 295 3142 quod
319 3059 371 3121 vix
394 3056 581 3122 libertatem
607 3058 733 3122 modice
752 3059 896 3124 laturum
913 3066 994 3138 erut,
1021 3066 1148 3125 tutores
1166 3067 1371 3142 acceperunt

207 3166 249 3231 ad
261 3165 544 3248 praecipitandunr.
569 3166 617 3231 Et
629 3166 719 3246 (onte
738 3168 909 3248 tutores)
923 3190 963 3232 ex
974 3174 987 3229 t
997 3175 1111 3233 natum
1123 3173 1184 3232 est.
1204 3162 1368 3250 (1862.)¹)

292 3272 369 3355 Cap.
396 3277 428 3351 5,
462 3278 492 3336 l:
528 3274 599 3336 Vix
629 3273 788 3355 quidem
818 3275 895 3339 ulli
924 3274 1026 3339 bono
1057 3274 1365 3358 moderatoque

121 3397 193 3466 (274)
211 3383 298 3462 regi
326 3379 468 3444 facilis
499 3388 587 3444 erut
614 3378 728 3445 favor
758 3383 862 3465 opud
892 3381 1188 3464 Syracusanos,
1224 3404 1369 3448 succe·

234 3652 259 3716 ¹)
277 3650 342 3720 Cup¹
354 3654 378 3716 4,
400 3649 472 3702 5W.
491 3650 593 3704 edidit:
618 3653 837 3720 iuvenemque
865 3654 934 3707 suis
956 3654 1172 3722 potissimum
1193 3654 1365 3723 vestigiis

274 3737 436 3790 insistere
458 3737 591 3790 vellent
615 3737 816 3806 disciplinre
840 3739 879 3805 (P,
905 3739 988 3806 vulgo
1007 3737 1305 3806 disciplinaeque),
1329 3740 1366 3794 in

274 3840 338 3890 qua
365 3821 512 3875 eductus
540 3831 640 3877 esset.
686 3824 852 3890 Asyndeton
879 3825 907 3877 in
932 3824 986 3877 huo
1008 3823 1107 3876 sedato
1134 3823 1262 3877 oratione
1286 3825 1367 3880 etin

273 3908 472 3962 coniunctione
499 3907 686 3961 membrorum
714 3909 892 3976 inaequalium
917 3911 1003 3963 verbo
1027 3909 1194 3977 interposito
1218 3915 1368 3977 seperatu-

273 4011 335 4046 rum
360 3998 459 4045 eontra
482 3994 617 4045 sermonis
636 3999 764 4047 naturum
783 3999 890 4048 temere
908 3993 1037 4062 fingitur3
1065 3993 1170 4047 excidit
1188 3999 1308 4062 etpost
1326 4000 1366 4050 nt

273 4078 337 4145 (vid.
366 4078 401 4130 sd
428 4076 467 4142 X,
496 4080 540 4142 21,
568 4078 601 4143 6).
651 4077 715 4132 Non
741 4080 838 4147 paucis
867 4080 934 4132 locis
963 4079 1099 4147 asyndctu
1125 4078 1307 4134 incredibilis
1333 4080 1364 4135 in

271 4162 344 4216 Livii
370 4164 527 4216 orationem
549 4163 629 4216 illota
652 4169 717 4217 sunt
739 4171 854 4231 propter
877 4181 984 4217 errores
1008 4163 1127 4231 codicis,
1155 4164 1203 4231 qui
1222 4164 1292 4217 olibi
1311 4167 1363 4220 ire·

272 4247 392 4302 cessario
412 4249 602 4315 corriguntur;
630 4249 795 4316 conquirere
819 4267 851 4302 ou
869 4246 1050 4317 supersedoo;
1078 4249 1208 4317 exemplo
1227 4265 1289 4303 rem
1309 4267 1363 4304 no·

271 4332 388 4385 tandum
406 4334 510 4399 putavi.
