2994 5108
686 485 745 547 123
1165 501 1293 557 11111.

134 671 329 756 1111111111
356 671 558 757 Tempanius
584 676 699 754 negat,
734 670 844 738 subito
879 693 913 738 11
944 678 978 737 11
1006 694 1046 737 ex
1074 678 1223 759 tempore
1253 674 1294 739 de

134 780 358 866 imperatoriis
397 780 542 847 consiliis
582 780 731 846 iudicare
769 802 882 866 posse,
921 786 1118 866 tempusque
1157 789 1196 847 11
1229 784 1294 848 sibi

135 889 247 969 detur,
280 889 446 975 postulat,
480 888 540 955 sed
566 894 673 954 totum
700 889 762 955 hoc
784 889 944 954 indicium
966 911 987 954 a
1010 911 1060 969 11,
1094 890 1198 956 milite
1226 913 1292 957 uno

136 997 174 1063 do
201 997 335 1079 multis,
364 998 462 1083 longo
490 997 608 1064 reiicit.
657 996 776 1080 Itaque
803 998 908 1063 multo
936 997 1011 1083 plus
1040 1019 1139 1083 quam
1161 998 1294 1066 Reizius

134 1106 199 1172 iam
228 1105 414 1174 Gronovius
440 1106 585 1186 viderat,
618 1105 705 1172 hanc
733 1127 806 1171 esse
834 1107 1047 1188 sententiam,
1080 1108 1124 1172 ad
1150 1108 1294 1193 impera-

134 1216 219 1282 toria
251 1215 394 1282 consilia
425 1215 478 1280 vel
510 1213 710 1300 pensitanda
742 1219 776 1279 et
809 1213 988 1281 iudicanda
1020 1215 1076 1297 (de
1110 1238 1177 1301 quo
1204 1237 1294 1282 nune

134 1331 268 1408 agatur,
301 1325 503 1410 imperatore
536 1328 712 1402 accusato,
745 1322 867 1387 nedum
895 1323 939 1389 ad
968 1344 1008 1389 ea
1035 1324 1231 1391 invenienda
1259 1331 1294 1392 et

134 1432 358 1518 exsequenda)
380 1453 501 1516 magno
524 1452 608 1517 opus
631 1451 704 1497 esse
727 1431 837 1496 animo
861 1436 895 1496 11
917 1432 1057 1515 ingenio,
1087 1433 1177 1517 quod
1199 1433 1294 1499 Tem-

134 1542 252 1626 panius
286 1542 321 1607 in
357 1562 392 1607 11
420 1563 486 1606 111
513 1561 586 1607 1111
614 1540 713 1620 11111;
746 1540 861 1624 itaque
889 1546 1034 1621 tantum,
1067 1541 1146 1624 quid
1174 1541 1294 1607 viderit

134 1649 213 1734 ipse,
238 1650 405 1716 dicturum
427 1670 510 1716 1111.
560 1648 670 1733 Ipsius
700 1669 831 1732 quoque
853 1647 1028 1714 vorborum
1052 1648 1293 1716 emendationis

135 1764 262 1841 partem
283 1740 470 1825 Gronorius
491 1757 625 1838 invenit,
650 1757 709 1823 sed
730 1755 843 1842 plura,
872 1778 972 1841 quam
995 1779 1078 1842 opus
1101 1763 1189 1838 erat,
1218 1780 1289 1824 mu·
1308 1777 1379 1844 (103)

134 1868 224 1933 terit.
281 1865 337 1933 sic
370 1868 456 1933 enim
482 1866 611 1932 Livium
644 1865 818 1950 scripsisse
857 1866 907 1930 vir
941 1867 1107 1949 egregius,
1142 1867 1170 1932 si
1205 1888 1293 1932 nunc

133 1976 268 2058 viveret,
301 1975 400 2042 facile
433 1973 661 2040 eonfiteretur:
702 1995 804 2059 quae,
837 1974 1091 2059 pensitanda
1124 1996 1291 2059 quoque,

135 2085 263 2169 magui
292 2084 413 2149 animi
436 2088 560 2168 atque
582 2083 742 2165 ingenii
764 2089 904 2149 essent
927 2082 1070 2165 (welche,
1092 2083 1179 2149 auch
1200 2105 1294 2149 wenn

135 2193 180 2258 sie
212 2214 277 2258 111
308 2191 491 2276 heurtheilt
522 2190 653 2256 werden
686 2190 819 2271 sollten,
852 2191 915 2256 hoc
943 2197 1012 2257 est:
1047 2192 1135 2257 auch
1162 2212 1225 2256 nur
1253 2215 1293 2258 zu

133 2299 221 2366 ihrer
252 2300 508 2383 Bourtheilung,
542 2300 637 2365 einen
671 2320 808 2383 grossen
831 2299 927 2365 Geist
955 2298 1184 2383 erforderten).
1240 2299 1293 2366 Li-

135 2407 263 2475 brarius
286 2408 330 2475 ad
350 2407 567 2493 gerundivum
590 2408 719 2474 dativos
742 2408 923 2491 requisivit.
959 2408 1117 2475 Similiter
1139 2409 1293 2493 gerundi-

136 2539 207 2583 vum
225 2517 337 2583 Livius
353 2517 465 2602 posuit
481 2516 536 2597 VI,
560 2520 686 2597 37,11:
709 2517 923 2602 imperium
946 2524 1068 2601 atque
1091 2518 1292 2598 honorem,

136 2625 307 2710 gloriam
343 2625 460 2705 belli,
504 2645 644 2709 genus,
682 2624 964 2706 nobilitatem,
1005 2648 1150 2710 magna
1188 2627 1291 2712 ipsis

135 2731 321 2816 fruenda,
353 2734 510 2800 maiora
537 2732 687 2799 liberis
714 2732 985 2817 relinquenda
1008 2733 1166 2817 (grdsser,
1199 2756 1293 2800 wenn

136 2862 209 2908 man
241 2864 287 2908 an
320 2843 374 2909 die
402 2841 656 2926 Uebertragung
692 2842 753 2908 auf
783 2843 835 2907 die
862 2842 989 2908 Kinder
1023 2842 1142 2925 denke)
1172 2850 1220 2923 et,
1254 2850 1292 2909 ut

138 2952 259 3036 opinor,
288 2950 360 3032 VH,
389 2955 440 3033 32,
464 2955 519 3016 ll:
553 2957 689 3017 utrum
713 2952 788 3036 qui,
811 2951 1044 3018 andiendus
1068 2952 1291 3032 dumtaxat,

136 3057 381 3144 magnificus
415 3059 665 3125 adhortator
698 3059 754 3125 sit
786 3059 892 3141 (11111
925 3080 961 3125 11
988 3081 1051 3125 111
1078 3059 1138 3144 gilt
1165 3060 1223 3125 ihn
1252 3082 1292 3125 zu

136 3165 259 3251 hbren).
319 3168 625 3249 Weissenbomius,
664 3167 795 3235 sublato
830 3168 913 3252 qui,
953 3169 1151 3234 sententiam
1184 3169 1292 3253 ipsam

137 3277 279 3344 sustulit.
1394 3351 1397 3354 Α

204 3383 298 3471 ‘Cap
321 3389 380 3464 43,
415 3386 434 3449 5
467 3384 601 3452 obsidet
634 3385 765 3453 codices
798 3391 930 3451 nostros
958 3406 999 3450 ex
1021 3383 1199 3471 archetypo
1222 3392 1291 3452 tra·

137 3491 204 3560 dita
224 3493 448 3579 interpolatio,
473 3514 571 3577 quam
593 3493 788 3579 perdifficile
811 3499 863 3560 est
885 3498 975 3559 certo
998 3494 1143 3559 remedio
1166 3493 1291 3577 tollere,

137 3603 324 3668 convincere
346 3600 481 3667 difficile
502 3623 570 3668 non
592 3609 651 3668 111.
703 3601 866 3668 Scribitur
888 3603 975 3666 enim
996 3602 1059 3666 ita:
1081 3602 1289 3669 Adversus

138 3729 250 3792 quam
289 3711 495 3777 actionem
533 3708 758 3793 (tribunorum
796 3711 837 3777 de
876 3715 971 3795 parte
1011 3717 1212 3793 quaestorum
1251 3733 1291 3777 ex

138 3818 229 3900 plebe
257 3818 416 3900 creanda)
448 3819 580 3904 primo
610 3825 650 3885 et
678 3818 871 3886 consules
901 3825 941 3884 11
968 3817 1109 3903 pat'res
1140 3840 1291 3884 summa

139 3945 208 4012 ope
229 3927 367 3994 adnisi
388 3933 503 4008 sunt3
532 3927 797 3995 concedendo
820 3927 985 4008 deinde,
1012 3933 1065 4007 11,
1095 3927 1289 4011 quemad·

140 4034 290 4101 modum
322 4037 363 4102 in
398 4036 582 4103 tribunis
610 4035 826 4102 consulari
854 4041 1067 4120 potestate
1095 4034 1289 4101 creandis

141 4143 198 4208 usi
231 4149 342 4225 sunt,
381 4145 546 4228 adeoque
578 4145 619 4210 in
653 4128 932 4230 quaestoribus
966 4143 1143 4210 liberum
1177 4150 1290 4209 esset

142 4250 355 4319 arbitrium
375 4252 531 4339 populi,
560 4275 679 4339 quum
701 4275 843 4338 parum
865 4253 1131 4339 proficerent,
1161 4257 1290 4335 totam

142 4376 216 4425 rem
238 4361 284 4426 de
306 4361 493 4446 augendo
514 4366 761 4445 quaestorum
782 4384 948 4430 numero
972 4361 1179 4428 omittunt.
1219 4359 1289 4425 Pri-
