2994 5108
552 483 613 544 375
976 494 1040 551 Lib.
1059 493 1158 549 XXVI.

35 663 169 742 stivit,
211 670 254 729 ut
282 665 441 730 Romam
469 666 581 749 leges
611 665 973 732 conscriberentur
1001 665 1046 731 de
1075 674 1160 731 tra·

35 771 149 838 endis
189 771 355 838 arcibus
395 772 555 838 urbium
594 781 655 839 cet.
719 774 816 852 Quod
855 774 952 857 vulgo
987 773 1158 853 edebatur,

35 881 113 946 isoio
141 901 163 946 a
192 900 257 962 quo
285 888 471 946 correctore
499 882 680 949 inventum:
715 882 883 947 Romani
909 916 948 928 -
970 883 1160 947 conscri-

35 996 160 1069 erent,
198 987 373 1053 manifesto
406 1010 543 1073 pravum
576 995 642 1068 est,
682 989 839 1074 quoniam
873 988 1063 1055 Hasdrubal
1095 1011 1161 1055 non

35 1097 80 1161 lis
108 1097 264 1161 Romanis
297 1095 363 1178 (vel
390 1098 501 1180 potius
529 1094 668 1178 Neroni)
697 1096 874 1161 arbitrium
901 1096 989 1179 leges
1018 1099 1160 1162 conscri-

35 1204 103 1270 endi
119 1205 344 1288 permissurus
362 1212 450 1284 erat,
473 1205 585 1286 itaque
603 1204 892 1270 Weissenbornius
910 1205 984 1269 tolli
1000 1205 1161 1270 Romam

35 1310 120 1392 vluit,
155 1310 245 1396 quod
279 1312 366 1376 unde
403 1318 510 1376 ortum
543 1313 601 1391 sit,
634 1333 731 1378 nemo
760 1312 890 1376 dixerit.
946 1312 1161 1378 Scribendum

35 1425 91 1485 at:
120 1425 165 1484 ut
192 1437 315 1482 eoru
343 1419 453 1502 leges
481 1420 860 1499 conscriberentur,
888 1420 951 1485 hoe
979 1428 1043 1500 est,
1071 1421 1159 1486 inter
1176 1436 1246 1505 (sor)

35 1533 195 1593 raesentes.
258 1527 330 1591 Lib.
370 1526 525 1605 XXVIII,
561 1532 616 1606 17,
650 1530 685 1591 8:
736 1526 947 1593 firmanda
986 1529 1071 1592 eius
1109 1527 1161 1591 fi-

35 1656 87 1700 am
120 1656 194 1701 nec
227 1635 322 1700 dare
355 1656 427 1700 nec
460 1635 650 1719 accipere
685 1635 765 1699 nisi
795 1655 880 1699 cum
908 1635 999 1718 ipso
1023 1656 1160 1700 coram

35 1762 104 1808 uce
126 1743 320 1823 Romano;
343 1742 462 1822 XXXI,
486 1745 537 1821 48,
562 1746 596 1807 5:
620 1740 689 1805 ubi
712 1763 848 1808 coram
871 1742 1160 1825 disceptantes

35 1851 207 1916 >insulem
239 1857 280 1914 et
312 1856 528 1933 praetorem
561 1848 789 1915 audissent.
847 1849 878 1933 (ᾖ
911 1853 949 1913 12
973 1847 1088 1914 dubito
1117 1865 1161 1914 an

35 1960 175 2042 :ripsorit
207 1958 335 2023 Livius:
375 1957 505 2022 mittit
539 1957 587 2022 ad
625 1956 837 2037 Neronem,
865 1958 917 2021 ¹in
953 1950 1160 2040 posterum

35 2066 103 2130 iem
131 2064 384 2149 colloquium
411 2065 604 2131 differret
628 2066 755 2149 (rulgo:
788 2065 837 2130 ad
858 2064 1068 2142 Neronem,
1094 2065 1161 2145 qui

35 2197 41 2237 l
69 2179 277 2256 posterum
310 2173 397 2253 cet).
448 2173 562 2255 Neque
596 2175 683 2238 enim
711 2175 848 2238 nuntius
871 2172 1074 2255 colloquium
1098 2171 1159 2236 dif-

35 2286 78 2346 rt.
126 2279 234 2362 1863.)

88 2386 168 2472 (lap.
195 2392 244 2467 18,
272 2393 308 2451 4:
343 2387 597 2453 Postremum
620 2410 664 2455 eo
689 2389 902 2454 decursum
925 2394 998 2466 ost,
1027 2394 1069 2452 ut
1090 2410 1160 2470 po·

35 2496 125 2562 ulus
158 2496 404 2581 proconsuli
437 2496 611 2561 creando
644 2497 685 2562 in
717 2496 956 2580 Hispaniam
990 2495 1162 2560 comitia

35 2598 186 2665 aberet.
235 2601 375 2668 Prorsus
398 2603 584 2669 inauditum
607 2611 672 2684 est,
700 2605 860 2689 populum
883 2604 1017 2669 comitia
1039 2582 1162 2668 babere

35 2714 62 2772 rt
94 2728 293 2791 quemquam
326 2712 391 2775 nisi
426 2732 500 2775 eum
533 2696 778 2795 magistratum,
813 2713 869 2794 qui
897 2710 1057 2794 populum
1085 2731 1162 2774 con·

35 2821 156 2881 catum
189 2824 298 2899 roget3
331 2818 423 2883 nulla
457 2821 593 2884 minima
626 2827 685 2885 aut
719 2820 753 2884 in
782 2819 846 2883 hac
874 2824 934 2883 aut
961 2818 995 2882 in
1023 2824 1164 2899 cognata

35 2923 191 2989 tutionem
229 2925 376 2990 habendi
409 2926 633 3010 appellatione
668 2927 892 2993 inconstantia
925 2931 983 2989 est.
1045 2922 1163 3005 Populi

35 3050 123 3097 >men
157 3037 266 3098 ortum
301 3055 373 3098 esse
406 3041 488 3116 puto
517 3056 557 3099 ex
585 3056 657 3119 pro
685 3043 720 3099 et
748 3035 791 3099 ad
819 3034 853 3098 id
881 3031 1164 3097 accommodatum

35 3135 196 3219 aberet,
230 3162 332 3225 quum
366 3149 456 3207 recte
494 3143 653 3225 scriptum
687 3141 820 3206 fnisset:
848 3175 893 3185 —
919 3146 963 3205 ut
991 3159 1163 3222 procon-

35 3245 86 3309 rli
125 3248 305 3313 creando
338 3284 382 3293 —
416 3251 587 3314 comitia
627 3249 889 3315 haberentur.
946 3246 1031 3330 [Quo
1064 3244 1163 3310 modo

35 3352 293 3422 leissenbornius
339 3377 494 3422 enarrare
534 3363 690 3436 conatur,
735 3377 795 3421 nec
841 3355 974 3421 comitia
1013 3353 1163 3420 habere

35 3462 128 3526 icitur
161 3483 223 3527 nec
257 3465 390 3530 omnino
423 3464 591 3544 habere,
627 3465 692 3529 nisi
725 3463 782 3529 ubi
816 3463 956 3546 aliquid
975 3463 1018 3528 ab
1052 3461 1163 3546 aliquo

35 3568 225 3653 ilsgitatum
259 3573 357 3655 eique
391 3593 583 3637 concessum
618 3569 844 3654 significatur]
900 3570 1026 3636 Eodem
1055 3571 1164 3653 capite

56 3681 96 3741 10
125 3678 166 3743 de
197 3679 381 3745 animorum
408 3679 526 3745 habitu
555 3685 632 3762 post
658 3678 693 3743 P.
717 3678 905 3762 Scipionem
931 3678 1164 3762 proconsulem

35 3809 41 3849 l
62 3784 259 3870 Hispaniam
282 3792 431 3851 creatum
453 3788 501 3851 sic
524 3786 681 3851 scribitur
702 3787 736 3850 in
759 3785 944 3852 codicibus:
979 3782 1164 3850 Ceterum

35 3899 101 3958 cst
133 3914 215 3958 rem
250 3889 381 3960 actam
403 3895 682 3959 —silentium
711 3894 848 3960 subito
878 3900 1007 3959 ortum
1035 3898 1074 3956 et
1102 3898 1164 3956 ta·

35 3999 91 4065 ita
122 4003 345 4083 cogitatio,
381 4000 572 4085 quidnam
600 4002 785 4084 egissent
812 4001 904 4066 nori
931 4000 1046 4065 favor
1074 3999 1164 4083 plus

35 4106 217 4173 aluisset
256 4129 372 4191 quam
412 4111 532 4175 ratio.
601 4110 747 4174 Primum
787 4109 857 4191 qui,
895 4129 936 4173 ne
975 4108 1164 4186 erraverint,

35 4222 136 4294 tinent,
159 4236 234 4294 non,
257 4217 337 4301 quid
360 4219 435 4282 nori
458 4219 593 4300 egerint,
615 4220 829 4300 interrogant,
853 4216 911 4281 sed
933 4215 1013 4299 quid
1037 4216 1165 4298 egerint

35 4319 100 4389 Was
123 4323 233 4389 haben
255 4326 313 4389 wir
335 4325 422 4389 denn
443 4325 620 4407 gethan?);
654 4326 772 4391 deinde
802 4326 835 4389 in
864 4324 969 4390 altera
992 4325 1165 4407 negatione
