2994 5108
710 495 751 554 47
1205 508 1267 564 Lib.
1287 509 1307 561 1.

150 677 194 743 ab
219 676 357 760 obliqua
380 679 532 744 oratione
556 676 598 741 ad
621 685 754 743 rectam.
804 679 969 743 Adiuncta
991 681 1023 744 in
1046 681 1096 759 iis,
1126 679 1165 745 de
1189 681 1308 765 quibus

151 786 277 851 dictum
300 791 360 867 est,
383 786 571 852 hominibus
593 807 648 851 res
671 793 808 851 notatur
830 790 1025 871 pronomine
1044 788 1183 853 subiecti
1200 790 1308 855 indice

148 916 224 961 oum
252 893 399 979 pondere
422 895 518 960 initio
541 896 713 961 sententiae
733 896 859 978 posito:
887 895 933 959 Ei
963 896 1002 959 in
1031 918 1143 979 quern
1173 904 1234 962 cet.
1257 898 1307 962 Ex

149 1004 186 1069 11
207 1003 335 1070 factum
358 1009 396 1069 11
418 1009 598 1087 pervagato
622 1003 750 1069 mendo.
795 1002 869 1069 Vid.
893 1003 934 1068 ad
957 1003 1011 1084 IV,
1034 1009 1085 1085 48,
1111 1012 1137 1068 l.
1163 1005 1285 1088 (1861.)

236 1110 316 1196 Cap.
342 1117 375 1191 5,
407 1117 439 1176 l:
474 1112 556 1177 lam
584 1119 665 1176 tum
692 1112 734 1176 in
756 1111 919 1177 Palatio
949 1120 1081 1179 monte
1106 1114 1308 1198 Lupercal

149 1219 224 1287 hoo
252 1220 382 1286 fnisse
412 1220 573 1286 dicitur.
628 1219 742 1303 Neque
770 1219 973 1285 Palatium
1006 1243 1117 1286 mons
1153 1224 1199 1287 sic
1228 1245 1306 1288 con-

149 1330 261 1395 iuncte
291 1350 352 1413 pro
380 1335 493 1394 monte
517 1327 668 1394 Palatino
697 1327 818 1393 dicitur
846 1336 879 1393 11
907 1330 1002 1410 mire,
1035 1331 1146 1414 posito
1176 1333 1307 1397 nomine

148 1439 287 1521 proprio
310 1438 407 1521 qnasi
430 1443 578 1516 cavetur,
612 1457 654 1502 11
677 1436 765 1520 quod
789 1436 881 1502 aliud
903 1438 1064 1520 palatium
1086 1439 1306 1522 intellegatur.

150 1545 344 1611 Retractum
367 1544 432 1610 huc
454 1550 589 1610 monte
613 1566 652 1610 ex
670 1547 828 1630 proximis
846 1547 969 1610 verbis:
994 1546 1087 1621 dein
1106 1547 1307 1613 Palatium

148 1676 262 1719 mons
291 1652 548 1737 appellatus,
578 1675 651 1737 quae
679 1655 752 1738 ipsa
778 1656 922 1733 notatio,
952 1675 1009 1718 cur
1037 1676 1131 1720 mons
1161 1656 1307 1740 appella·

147 1769 204 1827 tus
234 1763 279 1827 sit
300 1761 480 1841 Palatium,
512 1761 672 1842 ostendit,
700 1762 764 1827 hoc
791 1783 910 1826 nomen
934 1784 1035 1846 supra
1057 1763 1142 1828 nude
1165 1765 1307 1847 positum

148 1870 263 1936 fnisse.
309 1869 433 1951 (1861.)

237 1976 317 2063 Cap.
338 1983 367 2057 9,
391 1968 585 2043 aladini·
605 1977 749 2043 deinde
768 1978 955 2061 (Romulus)
979 1979 1173 2044 finitimis
1197 2000 1306 2064 spec-

148 2087 333 2152 taculum
361 2086 491 2159 111111.
522 2093 755 2170 quantoque
784 2095 987 2171 apparatu
1016 2096 1096 2153 tum
1120 2088 1308 2155 sciebant

149 2202 221 2260 ant
243 2201 451 2279 poterant,
475 2193 779 2274 concelebrant,
801 2203 844 2260 111
866 2217 946 2261 rem
970 2196 1121 2261 claram
1145 2219 1306 2282 exspec-

148 2310 359 2387 tatamque
387 2301 585 2368 facerent.
636 2302 714 2368 Haeo
737 2311 904 2388 postrema
927 2305 1027 2370 verba
1048 2327 1155 2389 neque
1179 2304 1220 2370 de
1241 2306 1307 2370 Ro-

149 2413 255 2477 manis
284 2411 431 2495 intellegi
460 2419 601 2495 possunt
627 2410 748 2496 (neque
771 2415 857 2477 enim
880 2419 939 2478 aut
960 2412 1023 2479 hoc
1046 2421 1106 2478 aut
1128 2412 1307 2498 quidquam

150 2520 241 2585 aliud
269 2519 328 2586 illo
356 2526 504 2603 tempore
528 2519 644 2604 populi
667 2520 814 2586 consiliis
838 2527 871 2586 11
894 2521 1038 2587 decretis
1062 2528 1171 2587 actum
1195 2523 1305 2587 Livius

149 2627 313 2712 significat
347 2635 405 2693 aut
432 2650 572 2712 usquam
601 2630 648 2693 sic
676 2628 719 2693 ad
747 2629 906 2713 populum
935 2631 1087 2714 civesque
1116 2652 1136 2695 a
1164 2631 1304 2697 Romulo

147 2736 284 2818 transit)
312 2758 420 2820 neque
449 2737 489 2801 de
518 2739 716 2821 peregrinis3
751 2738 792 2801 ad
822 2759 879 2803 eos
903 2740 1045 2803 enimin
1068 2741 1225 2823 proximis
1249 2740 1304 2804 de-

147 2869 236 2911 mum
264 2845 373 2910 verbis
401 2845 599 2911 transfertur
618 2847 768 2911 narratio
792 2845 923 2928 (multi
946 2846 1140 2912 mortales
1163 2869 1304 2912 conve·

147 2954 272 3037 nere);
301 2974 408 3036 neque
430 2975 506 3018 sane
529 2956 585 3034 iis,
616 2955 672 3038 qui
695 2954 827 3019 aliunde
851 2955 1094 3034 alliciebantur,
1124 2955 1205 3038 ipsis
1228 2976 1304 3038 pro-

147 3065 294 3147 positum
328 3070 401 3128 erat
433 3084 502 3127 rem
536 3062 657 3128 claram
691 3071 983 3147 exspectatamque
1010 3064 1128 3129 iacere.
1185 3063 1303 3127 Totum

147 3171 210 3237 hoc
232 3171 277 3235 ad
299 3171 431 3236 Romuli
455 3171 983 3256 111111111111111111111111111
1002 3178 1141 3256 apparet
1159 3171 1304 3236 scriben-

150 3279 294 3364 dumque
317 3299 405 3344 esse:
432 3286 671 3363 quantoque
695 3287 900 3363 apparatu
923 3288 1001 3345 tum
1025 3279 1212 3344 sciebant
1234 3287 1305 3344 aut

148 3392 344 3471 poterant
367 3386 530 3468 (homines
552 3387 610 3466 illi,
639 3389 695 3472 qui
719 3393 788 3453 tum
812 3388 929 3470 erant),
959 3387 1233 3468 concelebrat,
1261 3393 1305 3452 ut

147 3516 227 3560 rem
261 3495 414 3560 claram
449 3502 815 3580 exspectatamque
848 3496 1015 3562 faceret.
1072 3497 1203 3562 Accidit
1241 3496 1304 3578 hic,

148 3604 239 3688 quod
268 3605 303 3668 in
332 3606 501 3688 prooemio
531 3627 562 3687 p.
590 3610 625 3668 11
657 3605 830 3670 simillimis
858 3605 987 3689 aliquot
1013 3605 1170 3688 exemplis
1194 3606 1227 3668 in
1249 3627 1303 3670 co-

148 3711 219 3778 dice
240 3711 420 3797 archetypo
444 3713 582 3778 subinde
604 3711 726 3779 factum
749 3736 822 3779 esse
846 3713 985 3794 ostendi,
1019 3721 1056 3777 ut
1078 3713 1169 3778 verbi
1193 3718 1304 3796 poste·

147 3822 247 3887 rioris
275 3841 450 3902 numerus,
480 3821 610 3887 adiecta
638 3822 749 3887 littera
773 3841 807 3902 11,
834 3821 1144 3886 accommodaretur
1167 3821 1210 3885 ad
1226 3843 1303 3886 -ver-

150 3928 226 3994 bum
261 3931 486 4010 interiectum3
520 3950 596 3995 nam
630 3938 767 4015 propter
797 3929 986 3995 sciebant
1013 3937 1082 3994 aut
1111 3936 1304 4012 poterant

149 4039 309 4123 scriptum
343 4045 393 4103 111
427 4038 718 4104 concelebrant
746 4074 788 4082 —
810 4039 1006 4104 facerent.
1062 4036 1236 4102 Celebrare
1270 4043 1305 4101 et

150 4144 380 4211 concelebrare
413 4167 482 4211 rem
516 4147 603 4231 apud
633 4147 760 4212 Livium
793 4169 860 4212 non
889 4147 995 4212 solum
1025 4148 1099 4229 ipsa
1127 4145 1302 4209 multitudo

150 4253 285 4334 dicitur,
318 4276 389 4337 quae
424 4256 591 4336 convenit,
621 4256 682 4321 sed
717 4257 830 4335 etiam,
865 4257 920 4340 qui
956 4276 1025 4320 rem
1059 4253 1243 4318 celebritati
1271 4261 1304 4318 et

150 4362 385 4429 contrahendis
408 4364 597 4440 hominibus
619 4372 731 4449 aptam
754 4366 913 4445 instituit,
946 4363 1035 4428 velut
1056 4362 1149 4441 VIII,
1181 4367 1233 4441 10,
1265 4367 1303 4427 10
