2994 5108
213 497 275 553 Lib.
293 497 367 552 XXI.
758 480 822 546 278

299 668 378 753 Gap.
402 671 459 747 55,
488 671 506 731 5
536 664 583 748 (in
611 666 832 751 descriptione
854 666 973 751 proelii
996 665 1039 732 ad
1061 665 1244 749 Trebiam):
1274 666 1371 752 qui-

168 860 171 865 ,
213 776 288 842 bus
317 773 540 857 (Balearibus)
575 795 693 858 quum
726 775 877 840 maiore
904 773 1052 839 robore
1079 773 1269 858 legiones
1298 773 1371 840 ob·

216 885 429 962 sisterent,
459 881 641 947 deductae
668 901 843 966 propere
871 882 913 947 in
936 902 1088 948 cornua
1108 881 1223 948 leves
1245 902 1371 948 arma·

213 999 314 1056 turae
343 995 445 1056 sunt.
502 988 592 1054 Adeo
620 987 674 1054 hic
701 988 841 1073 pluralis
870 988 998 1071 (leves
1026 988 1258 1071 armaturas)
1281 990 1372 1056 inso-

213 1099 284 1164 lens
308 1104 373 1178 est,
401 1098 458 1179 qui
479 1117 521 1160 ne
543 1101 614 1160 tum
637 1097 768 1178 quidem
789 1097 932 1181 ponitur,
961 1118 1061 1180 quum
1084 1097 1224 1162 duorum
1246 1099 1372 1163 exerci-

214 1213 309 1272 tuum
330 1205 410 1270 levis
433 1210 611 1269 armatura
633 1203 755 1269 milites
779 1204 875 1270 simul
899 1212 1210 1285 commemorantur,
1244 1211 1372 1271 utnon

215 1313 363 1379 dubitem
389 1313 566 1378 restituere
595 1309 699 1393 (quod
720 1310 926 1380 Alschefskio
956 1313 991 1376 in
1013 1320 1157 1378 mentem
1177 1313 1281 1394 venit,
1312 1313 1374 1380 sed

216 1423 330 1488 statim
353 1421 511 1486 omissum
533 1418 614 1501 est):
650 1417 823 1484 diducta
848 1441 903 1502 pr.
926 1421 967 1484 in
988 1440 1016 1485 c.
1038 1418 1143 1485 levis
1166 1418 1227 1502 (sic
1248 1419 1289 1504 P)
1312 1441 1372 1487 ar·

214 1534 435 1607 maturast3
469 1527 589 1592 erroris
613 1526 704 1608 origo
727 1546 767 1589 ex
789 1532 825 1589 st
846 1546 908 1609 pro
930 1535 1027 1593 sunt
1048 1533 1186 1613 accepto
1208 1527 1262 1610 (ut
1283 1548 1372 1614 sape

214 1638 248 1700 in
271 1633 570 1715 Ciceronis-libris)
593 1639 674 1698 nata
696 1638 755 1698 est.
807 1631 873 1716 [lV,
902 1638 931 1713 8,
962 1638 981 1698 3
1003 1636 1039 1699 in
1061 1634 1096 1699 M
1118 1634 1278 1701 scribitur
1298 1636 1374 1702 ini·

214 1745 316 1809 tium
351 1749 447 1809 sunt
478 1742 537 1806 rei
569 1762 629 1824 pro
664 1738 727 1822 st]
782 1740 968 1807 Diduotae
1001 1743 1069 1807 iam
1096 1741 1371 1810 Drakenborcbio

213 1851 401 1935 placuerat3
436 1850 540 1915 divisa
568 1848 653 1913 enim
683 1848 764 1913 levis
792 1855 961 1914 armatura
988 1849 1096 1915 altera
1123 1869 1201 1934 pars
1228 1851 1263 1915 in
1293 1850 1373 1916 dex-

213 1965 316 2038 trum,
349 1957 456 2023 altera
483 1959 518 2023 in
547 1957 719 2021 sinistrum
747 1977 851 2021 cornu
880 1956 1026 2022 abducta
1048 1965 1108 2023 est.
1166 1955 1307 2040 [Seneca
1329 1959 1372 2024 de

213 2066 291 2131 Vita
318 2064 425 2131 Beata
458 2069 491 2145 Β,
527 2069 545 2128 2
575 2069 805 2129 armaturas
837 2062 948 2130 leves
984 2065 1024 2130 de
1057 2055 1159 2131 v'uriis
1191 2065 1374 2149 generibus

213 2172 294 2238 levis
323 2180 497 2238 armaturae
526 2171 622 2250 dixit,
652 2172 679 2236 si
702 2176 813 2235 tamen
833 2172 863 2235 is
884 2171 975 2238 locus
998 2193 1100 2238 sanus
1123 2178 1184 2240 est.
1240 2173 1293 2238 Ad
1316 2173 1372 2239 Li·

213 2281 301 2346 vium
340 2301 407 2345 non
445 2279 550 2361 magis
586 2278 650 2343 hoc
684 2279 829 2362 pertinet
862 2300 962 2364 quam
996 2281 1110 2345 eadem
1144 2279 1246 2346 verba
1280 2281 1373 2366 apud

214 2386 326 2470 script.
349 2385 413 2451 bel.
436 2385 534 2450 Afric.
558 2405 585 2450 c.
610 2389 649 2450 59
672 2382 808 2469 posita]

300 2492 379 2577 Cap.
403 2497 460 2573 56,
490 2497 508 2556 2
538 2491 593 2574 (de
615 2493 773 2558 Romanis
804 2494 838 2556 in
868 2494 995 2577 proelio
1023 2493 1066 2559 ad
1089 2494 1274 2578 Trebiam):
1302 2494 1372 2561 de·
1437 2528 1444 2535 ·

216 2623 297 2667 cem
324 2601 437 2666 milia
463 2600 589 2665 ferme
616 2599 818 2665 hominum
838 2636 883 2646 —-
904 2601 1037 2666 media
1057 2599 1249 2668 Afrorum
1271 2604 1371 2682 acie,
1459 2681 1465 2692 ·

130 2725 199 2793 (227)
220 2730 304 2793 qure
338 2708 515 2774 Gallicis
550 2708 720 2773 auxiliis
754 2706 920 2804 firmata
952 2715 1056 2788 erat,
1092 2730 1177 2774 cum
1211 2711 1374 2792 ingenti

216 2816 321 2881 caede
343 2816 523 2882 hostium
545 2836 778 2900 perrupere.
829 2815 940 2881 Media
961 2816 1115 2881 Afrorum
1138 2817 1226 2882 acies
1248 2817 1283 2880 in
1305 2817 1372 2882 bac

216 2946 325 3008 pugna
347 2946 412 2990 non
435 2924 513 2989 solis
538 2922 643 2987 Gallis
667 2910 823 3001 constitit,
848 2923 916 3004 sed,
939 2930 977 2989 ut
999 2924 1071 3007 ipse
1095 2923 1205 2989 Livius
1228 2943 1255 2988 c.
1276 2927 1327 3003 55,
1351 2927 1372 2986 2
1414 2965 1419 2973 ·

215 3033 311 3112 dixit,
345 3033 433 3097 omni
466 3031 616 3115 peditum
649 3028 998 3114 robore;‘HispanoS,
1034 3031 1167 3110 Gallos,
1200 3029 1298 3097 Afros
1321 3031 1373 3096 di·

282 3233 495 3288 cordaticnibus
513 3232 642 3286 dolorem
660 3231 858 3300 efficientibus)
877 3239 910 3288 at
928 3233 984 3300 (cd)
1003 3238 1037 3288 ts
1056 3231 1307 3288 admonendum
1326 3231 1375 3298 (de

282 3317 348 3372 iano
366 3318 464 3371 Tulliae
484 3317 671 3385 exstruendo).
713 3319 826 3372 Mutata
846 3319 1050 3389 praepositioue
1072 3319 1175 3372 littera
1193 3315 1372 3371 detractione

283 3403 368 3457 etiam
391 3421 473 3460 casus
496 3407 619 3457 mutatus
642 3407 691 3455 est.
730 3402 782 3470 (Eo
805 3404 911 3472 capite,
940 3404 975 3459 de
998 3421 1054 3472 quo
1079 3403 1152 3470 dixi,
1180 3400 1247 3471 ξι,
1274 3400 1325 3455 ubi
1342 3401 1375 3456 in

283 3488 428 3543 codicibus
446 3492 501 3542 eut:
529 3487 582 3540 ltu
600 3487 693 3540 mille
712 3489 887 3556 equitibus
904 3488 1054 3556 Magoni,
1072 3487 1168 3542 mille
1185 3484 1375 3556 peditibus

284 3571 447 3640 dimissis,
464 3572 495 3625 A.
506 3572 668 3625 Perizonius
681 3576 775 3626 sutem
784 3591 838 3642 pro
848 3573 987 3642 Magoni
1000 3574 1122 3628 coniecit
1135 3571 1375 3641 cumldsgone,

284 3656 463 3711 scribendum
480 3658 603 3711 ridetur:
625 3657 680 3710 Ita
698 3674 772 3711 cum
790 3659 883 3712 mille
902 3660 1080 3727 equitibus
1098 3657 1252 3725 Magone,
1272 3655 1376 3712 mille

282 3741 457 3811 peditibus
481 3741 639 3808 dimisso;
666 3758 761 3797 errore
786 3745 966 3813 participium
994 3743 1031 3798 sd
1058 3742 1240 3813 peditibus
1263 3757 1377 3796 accom-

283 3828 430 3882 modatum
448 3833 498 3882 est
537 3825 635 3895 Neque
653 3827 728 3881 enim
745 3827 927 3884 dimittuntur
944 3828 1056 3894 milites,
1082 3828 1212 3896 quicum
1230 3824 1304 3880 duce
1320 3825 1374 3879 nli·

284 3930 339 3981 quo
358 3914 519 3979 mittuntur,
537 3917 567 3964 et
583 3911 678 3980 potius
697 3911 732 3966 de
750 3912 872 3981 Magone
890 3913 989 3983 agitur.
1020 3912 1105 3978 1862.)
1140 3911 1276 3983 Extremo
1296 3909 1377 3965 deni·

284 4015 338 4066 que
361 3999 454 4068 capite
473 3994 499 4065 (ἓ
517 3995 545 4062 9)
563 3996 666 4050 iniuria
683 4013 699 4050 e
717 3995 778 4050 cod.
798 4004 961 4052 revocatum
979 4002 1034 4051 est:
1062 4002 1099 4052 ut
1119 3996 1177 4051 vix
1199 4011 1377 4051 armorum
1449 3999 1455 4008 '

284 4083 507 4137 tenendorum
525 4082 687 4149 potentia
706 4088 801 4137 esset
813 4102 864 4152 pro
880 4087 1004 4138 essent.
1027 4080 1100 4136 Num
1114 4080 1316 4150 potentiam
1330 4085 1378 4135 te·

258 4203 261 4209 -
283 4168 387 4221 nendi
409 4185 460 4236 pro
479 4167 583 4221 viribus
603 4166 638 4220 ad
656 4168 809 4222 tenendum
827 4185 909 4223 nemo
927 4168 1002 4221 Livii
1020 4172 1105 4222 aetste
1123 4166 1208 4231 dixit;
1231 4166 1379 4231 110ch

284 4251 349 4305 dem
367 4253 477 4320 generis
496 4257 550 4318 ost,
574 4251 650 4320 quod
668 4250 775 4306 Seneca
796 4254 832 4307 ud
850 4253 985 4307 Marciam
1008 4269 1032 4306 c.
1051 4253 1082 4319 7,
1104 4253 1120 4305 3
1138 4251 1211 4305 dixit
1228 4251 1380 4307 secandi

284 4337 479 4405 potentiam
499 4335 818 4406 (Schneidevermdgen).
