2994 5108
218 514 281 568 aa
298 511 385 566 xxv.
767 473 830 558 3'56

134 695 205 760 (291)
223 688 384 770 accipiam
417 706 525 769 neque
553 682 631 747 addi
660 691 700 746 et
727 683 761 746 in
788 682 939 765 proximo
967 683 1127 748 orationis
1153 681 1301 747 membro
1324 680 1380 760 (et

219 795 331 860 fossa
359 795 517 877 ingens)
540 798 674 876 potest:
696 790 766 855 haec
788 792 877 855 enim
899 792 1043 874 partium
1065 794 1176 876 operis
1199 790 1380 874 descriptio

219 925 260 968 ex
294 923 390 986 aquo
418 902 472 982 (et
501 937 544 946 —
566 903 618 982 et)
647 898 792 981 generali
827 900 937 983 operis
966 899 1200 982 significationi
1227 898 1379 984 eopulari

220 1012 344 1092 nequit.
394 1008 590 1074 Tollendum
619 1016 668 1072 est
698 1015 738 1072 et
768 1015 882 1071 natum
911 1029 952 1071 ex
978 1015 1126 1074 extrema
1151 1008 1268 1073 littera
1287 1008 1380 1073 vocis

220 1118 313 1183 inde
337 1117 415 1199 (rid.
438 1117 481 1182 ad
504 1116 619 1195 xm
641 1120 693 1194 40,
719 1115 818 1197 17).¹)
850 1115 1030 1200 Aliquanto
1053 1117 1139 1182 infra
1160 1115 1192 1200 (ξ
1217 1116 1281 1196 17),
1305 1118 1381 1195 elsi,

221 1247 294 1308 qua
316 1227 369 1290 via
390 1248 411 1290 a
433 1232 533 1310 portu
555 1224 598 1289 ad
620 1246 711 1289 mare
732 1225 932 1288 transmissa
954 1230 1021 1303 est,
1047 1224 1165 1289 eadem
1186 1223 1381 1309 plerumque

221 1335 293 1399 iure
321 1335 361 1398 in
383 1342 543 1419 portum
567 1355 587 1397 a
609 1334 709 1397 mari
731 1334 977 1397 transmissa
998 1333 1062 1414 (rel
1086 1335 1197 1417 potins
1218 1333 1267 1398 ad
1290 1356 1381 1419 por

222 1444 319 1526 tuni)
349 1444 414 1507 dici
446 1449 571 1526 potest,
606 1463 702 1506 nemo
735 1448 846 1505 tamen
880 1440 978 1506 facile
1005 1443 1054 1505 ita
1081 1442 1245 1526 appellat,
1276 1461 1381 1526 quum

222 1555 333 1635 agitur
360 1552 400 1616 de
429 1551 680 1633 opportunitate
708 1571 809 1614 naves
838 1570 878 1614 ea
905 1552 958 1614 ria
981 1572 999 1614 e
1020 1557 1120 1633 portu
1142 1551 1177 1614 in
1198 1571 1289 1615 mare
1311 1557 1382 1616 tra·

223 1661 332 1725 hendi,
388 1659 505 1740 Itaque
539 1680 640 1741 quum
674 1659 707 1721 in
736 1657 762 1720 P
790 1659 974 1740 ceterisque
1003 1658 1071 1723 lere
1099 1659 1269 1724 eodicssins
1298 1661 1381 1724 seri·

222 1770 338 1834 batur:
374 1787 460 1851 qua
488 1768 528 1830 in
557 1773 681 1849 portu
707 1801 752 1809 —
773 1766 822 1830 ad
850 1787 975 1843 mare,
1004 1789 1170 1852 quumque
1198 1767 1289 1852 apud
1317 1767 1382 1832 Po·

223 1876 346 1961 lybium
371 1874 472 1954 (VIII,
491 1873 546 1955 36)
569 1876 627 1939 sit:
650 1883 789 1955 φέρωσαν
807 1886 835 1936 ἐκ
851 1884 900 1936 roi·
917 1884 1022 1954 λιμένος
1038 1879 1076 1946 εἷς
1091 1882 1138 1951 τήν
1155 1880 1207 1945 ἔξω
1229 1882 1382 1947 θάλατταν,

223 1992 311 2049 reete
329 1983 480 2065 Sigonius
503 1982 602 2046 scribi
627 1982 747 2046 voluit:
770 2005 853 2065 quae
875 2003 893 2045 e
917 1984 959 2065 (is
977 1983 1110 2067 quidem
1127 1983 1186 2065 ex)
1203 1988 1382 2068 portu-—

224 2092 273 2157 ad
295 2112 412 2155 mare.
458 2090 563 2168 Quum
586 2110 603 2152 e
626 2097 702 2174 post
724 2112 808 2174 quae
830 2091 1014 2169 excidisset,
1036 2091 1187 2157 additum
1208 2093 1333 2157 estin.

310 2199 389 2282 Cap.
416 2203 475 2277 12,
500 2205 536 2262 4:
570 2199 624 2262 Ex
653 2197 772 2263 huius
801 2199 945 2264 llaroii
968 2199 1079 2281 (vatis)
1108 2200 1264 2264 duobus
1293 2220 1381 2265 ear-

224 2308 399 2372 minibus
433 2307 611 2371 alterius
645 2313 737 2389 post
770 2328 852 2370 rem
886 2314 1018 2371 aetam
1047 2307 1148 2372 editi
1176 2329 1261 2373 eum
1290 2315 1382 2374 rato

225 2416 458 2481 auotoritas
498 2422 644 2479 eventu
679 2413 806 2479 alteri
840 2436 1015 2497 quoque.
1056 2416 1172 2480 euius
1205 2415 1382 2481 nondum

224 2532 383 2606 tempus
406 2530 582 2600 venerat,
605 2522 822 2587 adferebat
843 2523 976 2587 fidem.
1011 2524 1125 2605 Neque
1147 2525 1382 2589 auotoritas

224 2654 309 2696 eum
344 2637 489 2695 euentu
517 2639 607 2695 reete
635 2653 694 2713 pro
723 2633 924 2696 auctoritate
953 2639 1070 2696 euentu
1100 2631 1295 2697 confirmata
1323 2637 1382 2717 po'-

224 2740 314 2804 nitur
335 2760 442 2823 neque
465 2746 580 2802 ratus
603 2747 773 2804 eventus
797 2739 867 2803 ullo
891 2742 1040 2822 exemplo
1065 2763 1104 2804 ex
1126 2742 1262 2804 minima
1286 2747 1381 2825 parto

226 2849 323 2913 simili
354 2849 475 2912 dieitur
508 2847 703 2915 (auctoritas
739 2848 878 2911 alieuius
913 2856 988 2911 rata
1016 2871 1089 2912 esse
1118 2854 1151 2912 et
1178 2847 1295 2912 haberi
1322 2870 1381 2933 po-

224 2965 315 3036 test),
344 2958 479 3039 ipseque
509 2954 684 3019 verborum
712 2956 791 3019 ordo
816 2957 1036 3039 suspicionem
1059 2956 1168 3020 mendi
1189 2955 1282 3020 facit.
1332 2956 1382 3021 Ex

226 3072 408 3129 cumrato
456 3065 690 3127 auctoritas
737 3073 882 3128 euentu
924 3063 1008 3127 effici
1049 3064 1193 3127 ridetur:
1242 3086 1382 3130 corro-

227 3174 376 3238 borata
405 3173 633 3236 auctoritas
664 3179 808 3235 eventu
839 3172 912 3252 (aut
941 3171 1207 3251 confirmata).
1266 3171 1382 3256 [Con-

226 3283 394 3345 firmata
416 3283 480 3344 iam
505 3280 704 3357 Freundius3
734 3280 939 3362 probabilius
964 3282 1065 3344 etiam
1088 3279 1261 3361 Ussingius
1285 3301 1382 3345 eom-

227 3388 411 3472 probata.
463 3387 524 3450 Pro
555 3395 684 3451 aetam
714 3391 869 3468 quoniam
898 3390 930 3451 in
954 3389 979 3451 P
1004 3396 1053 3452 est
1076 3395 1206 3466 euolat,
1237 3388 1383 3454 seriben-

228 3497 304 3560 dum
329 3496 457 3560 videtur
479 3495 637 3559 factam.
687 3495 793 3577 1862]

313 3603 390 3686 Cap.
426 3608 478 3682 13,
517 3608 554 3666 10
583 3603 638 3684 (de
667 3604 836 3669 Hannonis
864 3607 997 3676 eastriS,
1032 3605 1066 3668 in
1095 3626 1168 3685 quae
1191 3603 1256 3669 duo
1280 3604 1385 3670 millia

227 3712 453 3796 plaustrorum
482 3720 515 3775 et
543 3710 712 3774 incondita
740 3711 841 3776 turba
868 3712 1035 3777 homiuum
1063 3722 1221 3777 venerant
1250 3694 1299 3777 ad*
1317 3711 1385 3778 fru-

225 3871 372 3881 ‘-.
380 3870 429 3874 ,-.r
454 3870 456 3873 .

256 3954 281 4016 ¹)
300 3950 361 4019 §10
374 3949 484 4003 omissis
506 3949 613 4016 aliquot
634 3948 735 4002 litteris
754 3955 852 4003 natum
873 3955 916 4002 est
928 3957 1085 4005 monstrum
1099 3951 1265 4004 locutionis:
1284 3952 1387 4020 ioque

296 4034 583 4089 finisHannibali
601 4033 713 4088 fuit—
726 4052 835 4087 arcem
854 4037 1215 4106 oppugnare-Longe
1233 4034 1312 4090 alind
1330 4041 1386 4092 est:

296 4121 395 4175 labor
417 4125 471 4173 est
493 4120 624 4181 faeere,
654 4121 707 4173 hoo
727 4124 771 4172 est
790 4120 917 4186 difficile,
946 4123 1037 4176 aliud:
1067 4123 1094 4175 is
1118 4121 1204 4175 linio
1228 4121 1390 4176 mihieet

295 4213 418 4261 laoere.
470 4205 560 4258 Multo
591 4207 705 4274 pravius
737 4213 916 4274 eomparatur
948 4209 1028 4262 illud:
1062 4207 1185 4261 edendi
1215 4205 1304 4261 finio
1335 4211 1390 4261 est

299 4290 472 4344 desideria
505 4297 636 4344 naturae
671 4293 905 4362 restinguere,
939 4295 987 4347 ubi
1021 4293 1091 4346 nihil
1125 4292 1223 4361 potuit
1249 4291 1308 4347 nisi
1334 4309 1387 4346 re·

299 4376 479 4444 stinguere
497 4376 562 4444 diei,
582 4377 827 4447 restinguendi
845 4379 1060 4433 vitiosissimum
1079 4383 1160 4433 esset.
