2994 5108
700 452 761 513 223
1194 463 1256 516 Lib.
1274 461 1307 514 X.

153 639 213 704 sed
240 658 342 702 naves
366 635 451 717 (tum
474 635 594 719 ipsum)
618 637 797 719 circumagi
820 644 853 701 et
876 637 1053 719 circumagi
1076 638 1109 701 in
1133 637 1309 700 stationem

154 754 260 813 tutam
279 745 382 829 (quod
406 743 446 810 de
470 744 587 810 alienis
610 745 748 810 navibus
766 767 883 829 parurn
902 745 1048 810 curaturi
1067 744 1184 826 erant),
1208 765 1309 825 quum

153 856 264 921 Livius
291 855 361 939 ipse
391 859 468 937 post
495 851 527 936 (ᾖ
558 852 611 934 12)
640 852 817 936 significet,
852 853 986 919 illorum
1015 854 1162 918 locorum
1186 852 1309 917 incolas

153 962 261 1030 nullas
283 961 440 1028 habuisse
461 962 526 1027 nisi
548 960 723 1027 fluviatiles
747 983 861 1040 naves,
890 983 963 1045 quae
992 984 1056 1026 non
1086 983 1125 1027 ex
1154 961 1222 1026 alto
1246 962 1309 1026 cir-

153 1070 412 1156 cumagebantur
434 1078 468 1136 et
490 1070 533 1136 ad
556 1091 638 1153 quas
662 1071 870 1153 accipiendas
893 1092 976 1154 opus
999 1092 1063 1135 non
1088 1077 1160 1136 erat
1176 1069 1308 1134 flumine

154 1179 333 1265 praalto.
384 1179 491 1245 Nares
520 1179 622 1263 igitur
649 1179 826 1245 manifesto
855 1179 961 1262 ipsius
990 1178 1159 1263 Cleonpmi
1188 1177 1310 1261 signifi·

155 1296 284 1369 contin,
318 1287 532 1371 indicantque
567 1287 794 1371 exploratores
824 1289 894 1353 eius
923 1289 971 1353 rei
999 1287 1207 1367 facultatem,
1245 1308 1312 1369 qua

154 1421 229 1465 mox
248 1400 277 1464 is
299 1399 416 1476 utitur,
439 1396 548 1461 invehi
572 1395 708 1461 classem
731 1396 856 1462 iubens.
901 1396 1017 1479 ltaque
1040 1397 1110 1460 haec
1135 1397 1181 1461 sic
1205 1395 1311 1461 cohae-

154 1528 226 1573 rere
258 1511 413 1591 apparet:
453 1504 658 1570 ulteriora
692 1504 820 1570 colles
855 1504 989 1570 videri
1024 1525 1126 1584 esse,
1162 1504 1312 1569 ostium

154 1615 339 1681 fluminis
368 1613 549 1697 praealti,
579 1634 657 1695 quo
688 1614 915 1696 circumagi
942 1635 1064 1678 naves
1092 1613 1132 1676 in
1162 1612 1312 1677 statio·

154 1746 239 1790 nem
268 1729 400 1789 tutam
427 1723 459 1801 *,
493 1721 665 1802 vidisse3
700 1744 766 1787 non
789 1721 920 1799 dubito,
955 1723 1033 1805 quin
1056 1727 1133 1786 ante
1156 1721 1312 1785 vidisse

155 1832 314 1898 exciderit
336 1837 516 1914 possent.
572 1828 635 1911 (De
663 1829 821 1896 vidisse
850 1849 910 1914 pro
940 1831 1159 1895 sevidisse
1182 1831 1216 1893 in
1239 1851 1312 1894 ora-

86 1997 91 2003 .
153 1942 244 2008 tione
268 1939 407 2022 obliqua
428 1939 558 2022 longius
581 1939 775 2004 continuata
796 1937 877 2002 nihil
899 1959 981 2021 opus
1006 1944 1055 2003 cst
1078 1937 1167 2019 dici.)

240 2045 319 2132 Cap.
345 2051 379 2127 3,
411 2050 443 2111 7:
475 2048 543 2130 qui
573 2054 709 2112 terror
737 2044 974 2127 (Romanorum
997 2047 1039 2111 ab
1063 2046 1213 2111 Etruscis
1237 2066 1311 2110 cum

153 2156 252 2223 foeda
285 2156 374 2221 caede
406 2156 441 2220 in
474 2162 583 2221 castra
618 2154 876 2238 compulsorum)
911 2176 986 2218 non
1021 2176 1066 2220 eo
1101 2159 1263 2219 tantum
1294 2175 1314 2218 a

154 2264 279 2330 Fabio
301 2263 476 2346 (Maximo,
506 2285 604 2346 quem
628 2262 740 2329 Livius
769 2262 845 2327 huic
875 2262 962 2326 bello
991 2261 1177 2328 interfuisse
1200 2262 1312 2346 negat)

154 2373 368 2452 abhorret,
404 2372 527 2456 quod,
562 2373 597 2438 si
625 2391 703 2454 qua
733 2372 816 2436 alia
844 2377 932 2435 arte
955 2391 1174 2453 cognomen
1199 2393 1314 2436 suum

153 2482 348 2567 aequavit,
383 2487 468 2546 turn
498 2480 668 2544 maxime
697 2479 864 2544 bellicis
893 2479 1096 2544 laudibus.
1154 2479 1314 2556 Quoniam

151 2589 327 2676 particula
361 2596 445 2654 turn
479 2589 527 2653 sic
558 2589 594 2653 in
627 2587 848 2671 comparando
878 2587 968 2671 (post
1002 2589 1035 2652 si
1070 2589 1159 2670 quis
1189 2587 1313 2667 alius)

152 2697 277 2764 additae
299 2696 427 2762 nullum
448 2698 580 2762 omnino
604 2695 790 2779 exemplum
812 2701 954 2775 estnec,
977 2695 1056 2780 quid
1078 2703 1165 2779 agat,
1188 2697 1315 2761 intelle-

151 2808 259 2891 gitur,
289 2805 385 2870 valde
408 2806 574 2890 suspicor,
603 2824 676 2869 eam
700 2825 740 2868 ex
762 2804 876 2869 littera
897 2810 910 2865 t
931 2804 1127 2887 praecedenti
1152 2814 1185 2870 et
1208 2825 1236 2867 ι
1260 2826 1310 2870 se·
1329 2821 1400 2890 (188)

152 2914 272 2998 quenti
306 2919 415 2980 ortam
448 2933 521 2978 esse
555 2912 844 2994 scribendumque:
885 2913 1003 2994 quod,
1044 2915 1077 2977 si
1117 2935 1195 2997 qua
1233 2914 1316 2978 alia

152 3029 256 3101 arte,
303 3041 524 3103 cognomen
564 3042 681 3086 suuni
722 3021 897 3102 aequavit
936 3022 1106 3086 maxime
1145 3022 1314 3087 bellicis

151 3130 360 3197 laudibus.
408 3127 547 3213 [Quum
570 3129 748 3207 maxime,
773 3128 864 3212 quod
888 3129 981 3194 video
1007 3129 1105 3193 alicui
1122 3131 1156 3192 in
1172 3136 1315 3194 mentem

152 3241 296 3319 venisse,
318 3237 395 3303 hinc
417 3237 562 3311 alienum
585 3235 659 3319 est]
704 3236 856 3302 Proximo
879 3237 988 3320 capite
1013 3236 1059 3319 (4)
1084 3234 1100 3318 ᾗ
1125 3242 1143 3301 9
1167 3237 1257 3319 quod
1280 3244 1314 3303 et

152 3347 288 3415 codices
318 3353 352 3412 et
380 3346 541 3411 editiones
571 3345 647 3410 inde
670 3366 691 3410 a
713 3344 880 3411 Gronovio
909 3345 1047 3411 habent:
1081 3367 1152 3411 nec
1181 3353 1315 3412 tamen

153 3456 322 3523 iniussu
360 3474 522 3520 movere
562 3453 771 3533 auderent,
811 3475 940 3534 vereor,
979 3475 1020 3519 ne
1060 3455 1215 3520 mendose
1254 3477 1315 3538 pro

154 3564 310 3631 moueri
339 3562 513 3628 scribatur.
565 3561 644 3640 Quae
675 3563 761 3627 enirn
789 3562 940 3645 exempla
966 3562 1059 3627 verbi
1086 3545 1244 3628 movere
1268 3564 1329 3627 in·>

154 3671 332 3738 transitive
361 3672 464 3755 positi
491 3672 702 3755 reperiuntur
729 3670 888 3754 plurima,
923 3691 962 3735 ea
983 3669 1046 3735 hac
1070 3671 1145 3754 ipsa
1167 3673 1315 3736 multitu·

156 3780 236 3847 dine
258 3786 369 3846 certos
392 3779 462 3844 eius
485 3800 565 3844 usus
587 3778 669 3845 fines
693 3780 885 3859 ostendunt3
916 3778 1037 3844 dicitur
1060 3781 1146 3844 enim
1171 3780 1211 3844 de
1234 3781 1316 3844 duce

157 3894 220 3954 aut
258 3888 299 3953 de
338 3893 411 3953 toto
451 3888 596 3952 exercitu
630 3909 648 3952 e
683 3889 802 3953 castris
841 3888 948 3953 aliove
987 3889 1061 3953 loco
1096 3886 1318 3971 proficiscenti

158 3993 407 4077 (salomonen),
442 4017 609 4078 nunquam
644 3996 684 4060 de
719 3997 856 4079 singulis
890 3996 1077 4061 hominibus
1113 4017 1147 4060 se
1177 4017 1317 4061 commo·

156 4105 314 4171 ventibus
338 4102 424 4185 (sich
446 4103 581 4185 riihren)
605 4111 638 4168 et
660 4105 960 4189 prorumpentibus.
1012 4104 1081 4183 VH,
1112 4110 1160 4183 14,
1184 4111 1203 4169 8
1226 4112 1315 4170 recte

156 4212 316 4279 Hertzins
355 4213 520 4277 revocavit
559 4213 709 4276 moveri
748 4213 780 4294 (e
814 4211 946 4277 llLlHI
989 4213 1106 4277 ceteris
1150 4213 1314 4294 omnibus)
