2994 5108
200 504 368 560 11111111.
452 472 455 478 ’
744 494 805 557 626

201 701 274 745 cum
296 679 441 744 Eumene
464 699 574 744 coram
595 679 629 743 in
652 683 769 742 senatu
787 676 1001 764 disceptaret)
1025 701 1140 763 quum
1164 700 1352 746 110110011-

105 814 109 822 ·
200 789 370 870 tigisset
402 787 487 870 (cod.
523 807 606 851 cum
636 787 896 869 contigisset,
926 789 1047 854 extrita
1074 790 1252 873 negatione
1275 794 1351 854 ante

202 895 298 978 con),
320 896 519 961 libertate
551 896 899 980 intemperantius
928 897 1119 963 invectus
1140 898 1180 962 in
1203 918 1352 981 regem,

201 1005 304 1086 (recte
327 1004 426 1069 Gron.
455 1004 652 1069 libertate
685 1004 979 1088 intemperanti
1001 1007 1086 1086 ina,
1117 1007 1274 1090 quoniam
1299 1005 1348 1070 li·

200 1113 362 1179 bertate
395 1111 530 1176 invehi
564 1113 628 1177 dici
651 1111 787 1192 nequit),
811 1112 918 1196 quod
946 1112 1158 1198 Lyciorum
1187 1119 1349 1197 gentem

201 1221 398 1286 adversus
438 1219 614 1284 Rhodios
660 1221 915 1285 concitasset
956 1223 1209 1305 graviorque
1251 1222 1354 1288 Asia

202 1337 326 1408 esset,
352 1350 468 1411 quam
492 1328 716 1393 Antiochus
740 1328 902 1403 suisset,
926 1331 1165 1413 popularem
1189 1330 1354 1415 quidem

202 1458 246 1502 ac
269 1444 422 1521 gratam
446 1436 607 1520 populis
631 1436 733 1501 Asiae
756 1439 854 1515 (nam
880 1459 923 1502 eo
947 1460 1107 1522 quoque
1129 1439 1207 1503 iam
1236 1439 1353 1505 favor

201 1547 338 1611 Persei
362 1544 540 1626 venerat)
564 1544 963 1624 orationemhabuit‚
982 1554 1161 1612 ceterum
1179 1548 1356 1613 invisam

201 1655 362 1720 senatui
386 1649 660 1736 inutilemque
683 1652 761 1718 sibi
785 1660 823 1717 et
846 1655 1010 1718 civitati
1035 1676 1124 1720 suae.
1166 1655 1240 1721 Non
1263 1664 1351 1722 recte

200 1784 261 1828 nec
282 1762 398 1826 Latine
421 1761 633 1845 popularis
657 1763 763 1826 oratio
787 1761 984 1845 appellatur,
1007 1784 1078 1846 quae
1102 1785 1122 1828 a
1141 1764 1272 1829 Rhodio
1293 1765 1355 1829 ho-

115 1870 186 1939 (515)
206 1872 292 1936 mine
315 1872 349 1936 in
372 1876 490 1935 senatu
513 1870 659 1934 Romano
692 1868 808 1934 habita
841 1879 890 1935 est
924 1871 1080 1936 aduersus
1107 1894 1218 1956 regem
1248 1880 1353 1938 exter·

201 2002 286 2059 num,
311 1980 504 2063 optimatum
527 1977 704 2062 populique
722 1980 864 2061 partium
883 1980 1066 2045 dissensum
1084 2002 1148 2045 non
1170 1982 1352 2064 atti'ngens;

200 2108 260 2153 nec
276 2087 359 2152 bene
382 2087 597 2170 popularis
621 2107 664 2151 ao
686 2092 809 2168 grata
831 2087 995 2171 populis
1013 2089 1116 2153 Asiae
1134 2090 1239 2171 (quod
1256 2089 1353 2172 longe

201 2194 290 2262 aliud
314 2195 376 2277 est)
401 2196 648 2277 coniunguntur.
693 2195 730 2258 ln
754 2195 866 2260 codice
890 2196 1049 2278 scriptum
1073 2203 1198 2262 exstat:
1223 2219 1354 2282 popu·

199 2304 326 2369 larem
344 2303 502 2385 quidem
519 2303 897 2385 quidemingratam
914 2304 1080 2387 populis
1098 2325 1241 2371 nameo
1260 2326 1351 2389 quo·

201 2435 275 2497 que
300 2419 360 2477 cet.
406 2411 516 2475 Livius
538 2410 619 2476 nihil
648 2413 827 2494 scripserat
854 2412 918 2476 nisi
951 2411 1038 2476 haec:
1073 2412 1353 2498 popularibus

200 2521 358 2604 quidem
381 2520 507 2602 (seinen
532 2519 765 2601 Landsleuten)
790 2527 946 2601 gratam
975 2520 1075 2600 (nam
1111 2543 1154 2587 eo
1189 2542 1345 2604 quoque

199 2630 276 2694 iam
299 2628 414 2693 favor
437 2627 577 2692 Persei
600 2627 781 2709 uenerat)
806 2629 1031 2693 orationem
1055 2629 1212 2694 habuit.
1247 2630 1297 2695 Ex
1317 2650 1345 2692 ι

200 2744 352 2821 gratam
377 2745 482 2801 ortum
508 2738 715 2818 ingratam.
750 2736 811 2800 Pro
831 2737 1104 2820 popularibus
1129 2760 1230 2820 quum
1248 2739 1350 2804 libra·

199 2848 267 2911 rius
290 2847 374 2910 male
399 2845 635 2928 popularem
659 2846 852 2926 scripsisset,
871 2847 1032 2927 corrigere
1050 2846 1162 2910 volens
1182 2848 1346 2930 populis

199 2956 343 3039 scripsit,
368 2976 450 3019 novo
473 2953 599 3027 mendo,
629 2960 666 3017 ut
694 2952 773 3019 alibi
802 2975 866 3018 non
895 2974 969 3017 raro
1004 2953 1079 3034 (vid.
1106 2977 1136 3037 p.
1160 2954 1249 3035 492).
1294 2954 1346 3018 Eo

198 3063 311 3128 referri
346 3069 485 3146 apparet
518 3063 559 3125 ad
593 3062 743 3125 Rhodum
778 3060 1036 3147 popularium
1071 3063 1201 3126 nomine
1227 3061 1346 3145 signifi-

199 3172 352 3253 catam.¹)
387 3170 417 3253 [ξ
432 3176 470 3234 10
494 3192 510 3234 e
531 3170 649 3234 codicis
670 3169 731 3231 hac
748 3168 925 3250 scriptura:
945 3169 1130 3252 <lanaque
1150 3172 1216 3234 cui
1234 3191 1347 3254 quam

199 3279 451 3362 amplissima
492 3279 585 3341 elata
618 3278 789 3360 perspicue
825 3277 981 3351 efficitur,
1021 3280 1195 3360 geminatis
1231 3279 1347 3343 litteris

199 3408 299 3470 quae
323 3386 448 3469 (quae):
473 3409 553 3470 qua
577 3388 764 3468 cuiquam
788 3386 1042 3468 amplissima
1070 3386 1264 3468 (umquam),
1287 3386 1344 3451 da·

197 3499 247 3559 ta.
295 3494 400 3576 leot]

283 3601 359 3686 Cap.
387 3609 434 3682 15,
465 3608 481 3666 5
513 3602 566 3684 (de
600 3603 681 3681 loco,
716 3602 773 3666 ubi
806 3602 945 3666 Eumeni
978 3603 1126 3687 Delphos
1162 3603 1347 3668 escendenti

196 3712 349 3775 Euander
372 3719 404 3775 et
426 3711 482 3774 alii
505 3711 650 3775 insidiati
675 3711 779 3789 suntl:
812 3710 1146 3775 Escendentibus
1175 3712 1225 3775 ad
1254 3719 1347 3776 tem·

195 3819 302 3903 plum
323 3856 366 3864 —
388 3821 566 3884 maceria
591 3827 677 3884 erat
711 3819 758 3883 ab
788 3819 886 3882 laeva
916 3819 1070 3883 semitae
1102 3820 1269 3902 paulum
1292 3841 1347 3884 er·

221 4108 246 4174 ¹)
267 4107 407 4176 [Dubitari
425 4109 503 4162 nullo
521 4109 605 4162 modo
625 4113 727 4177 potest,
753 4110 819 4176 quin
843 4126 946 4161 nomen
971 4107 1109 4176 principis
1135 4107 1285 4173 legationis
1302 4123 1346 4175 po·

229 4222 230 4225 ¹
264 4195 347 4247 situm
367 4194 461 4260 fuerit,
490 4195 523 4247 de
550 4213 604 4262 quo
623 4202 721 4263 postea
739 4195 843 4263 agitur.
880 4194 952 4246 Eum
980 4211 1037 4246 non
1065 4192 1150 4247 luisse
1175 4192 1245 4247 falsa
1264 4194 1342 4245 simu·

262 4278 392 4345 laturum,
411 4285 468 4333 tam
487 4297 618 4350 perversa
636 4285 680 4332 est
698 4280 787 4333 oratio
807 4285 835 4332 et
853 4285 914 4333 toto
934 4296 1036 4349 genere
1056 4286 1085 4332 et
1102 4279 1182 4332 verbi
1202 4278 1299 4344 forma,
1317 4284 1345 4328 ut

262 4364 348 4416 mirer
365 4365 476 4433 placere
494 4365 609 4419 Hertzio
627 4366 759 4434 potuisse.
798 4363 882 4433 1864]
