2994 5108
245 483 307 538 111.
326 482 373 538 vu
794 469 854 530 158

246 656 355 737 XXX,
387 660 441 737 12,
474 660 511 720 15
535 660 569 720 et
593 659 641 736 16,
664 655 706 719 ai.
751 653 846 720 Unde
873 660 984 719 tamen
1013 655 1116 723 enim
1139 660 1248 721 ortum
1270 657 1405 741 putabi-

247 766 341 830 mus?
376 764 515 829 Poterat
548 769 706 848 suspecta
738 784 811 828 esse
844 783 946 847 prava
973 762 1103 828 librarii
1131 762 1304 849 diligentia
1331 787 1406 831 sen·

245 875 369 940 tentias
402 878 536 938 nectere
567 872 731 937 studentis
760 877 793 936 et
822 872 856 935 in
884 893 924 937 eo
953 871 1153 952 aberrantis,
1185 873 1250 939 nisi
1280 880 1406 940 certam

244 982 356 1048 mendi
395 980 556 1063 originem
595 979 785 1046 ostenderet
819 978 1030 1045 distributiva
1064 981 1269 1065 pronominis
1295 972 1407 1048 forma

245 1092 362 1170 rarior,
387 1111 485 1174 quam
498 1085 611 1153 Cicero
634 1088 734 1153 semel
755 1087 858 1153 habet
880 1086 1047 1170 (adAttic.
1060 1088 1133 1170 XII,
1156 1088 1221 1172 33).
1256 1088 1406 1176 Scripse-

244 1204 299 1265 rat
317 1199 403 1263 enim
414 1198 541 1262 Livius:
565 1195 725 1267 ductent
742 1196 915 1262 clientes
934 1197 1045 1262 circa
1063 1197 1247 1282 singulos
1263 1197 1406 1266 fuistis

245 1314 458 1392 patronos,
492 1311 554 1370 tot
585 1326 687 1369 nune
716 1304 913 1370 adversus
941 1327 1060 1379 unum
1088 1305 1248 1372 hostem
1271 1308 1404 1374 eritis.

247 1414 440 1497 (Quateni
461 1449 506 1458 -
528 1413 724 1495 singulos,
753 1419 816 1478 tot
837 1448 881 1458 —
902 1413 1043 1497 unum.)
1082 1413 1133 1479 Ex
1155 1415 1221 1481 eni
1240 1413 1361 1481 litteris
1384 1436 1407 1481 a

245 1529 348 1608 quot
371 1521 541 1587 distractis
563 1520 688 1586 factum
711 1527 763 1586 est
785 1522 897 1586 enim.
944 1520 1139 1604 [senserant
1161 1523 1277 1588 vitium
1298 1521 1383 1607 alii]

333 1629 411 1714 Cap.
436 1635 492 1709 20,
522 1633 540 1693 6
570 1628 610 1693 de
639 1628 683 1693 M.
706 1629 830 1695 Manlio
859 1637 1011 1696 accusato
1044 1631 1092 1696 sio
1120 1631 1291 1698 scribitur:
1324 1630 1406 1698 Ηο·

244 1741 370 1804 mines
409 1759 535 1823 prope
578 1737 905 1821 quadringentos
955 1738 1200 1822 produxisse
1239 1738 1407 1819 dicitur,

247 1847 397 1932 quibus
429 1847 515 1912 sine
543 1846 684 1911 fenore
715 1867 915 1929 expensas
937 1848 1132 1930 pecunias
1154 1846 1324 1913 tulisset
1344 1870 1407 1929 -3

246 1957 293 2021 ad
335 1956 416 2020 haec
450 1953 597 2019 decora
633 1975 790 2038 quoque
823 1953 925 2019 belli
959 1977 1036 2020 non
1070 1976 1407 2022 commemorasse

245 2069 415 2142 tantum,
445 2062 514 2127 sed
536 2061 767 2146 protulisse
790 2063 914 2127 etiam
937 2063 1244 2147 conspicienda,
1270 2064 1408 2148 spolia

244 2172 425 2236 hostium
447 2191 637 2235 caesorum
659 2170 707 2235 ad
730 2170 919 2251 triginta,
946 2194 1004 2250 —;
1033 2171 1081 2236 ad
1109 2171 1184 2237 hoo
1214 2176 1407 2238 servatos

246 2301 297 2344 ex
337 2278 527 2345 hostibus
568 2279 676 2343 cives
709 2278 919 2362 produxit,
958 2279 1066 2343 inter
1106 2301 1208 2364 quos
1242 2276 1277 2343 C.
1310 2278 1408 2344 Ser·

244 2387 391 2452 vilium
424 2387 661 2468 magistrum
694 2387 872 2468 equitum
900 2386 1109 2452 absentem
1136 2386 1407 2470 nominatum3

247 2502 286 2560 et
306 2516 424 2579 quum
443 2514 490 2559 ea
507 2515 677 2579 quoque,
702 2516 784 2578 quae
800 2494 911 2560 bello
929 2501 1046 2579 gesta
1069 2500 1222 2575 essent,
1249 2530 1294 2540 —
1317 2515 1406 2561 ora·

243 2603 356 2667 tione
379 2603 502 2667 etiam
518 2602 738 2686 magnifica
754 2638 798 2647 -
814 2610 1089 2684 memorasset,
1112 2602 1290 2669 nudasse
1315 2624 1408 2687 pec·

242 2716 306 2775 tus
332 2746 369 2754 -
395 2716 434 2775 et
462 2709 594 2775 Iovem
614 2746 659 2755 —
689 2710 909 2776 devocasse
936 2747 979 2756 —
1008 2718 1286 2795 precatusque
1315 2732 1408 2778 esse

243 2824 304 2883 eet.
335 2817 503 2884 Orationis
521 2824 722 2883 structuram
740 2825 773 2883 et
787 2820 1023 2884 sententiarum
1037 2820 1270 2885 cohaerentiam
1280 2819 1407 2904 planis-

247 2929 364 2992 simam
399 2926 574 3011 perturbat
609 2935 642 2992 et
668 2927 816 2991 funditus
846 2929 963 2992 evertit
992 2929 1183 2993 interiectus
1210 2928 1327 2993 mediis
1357 2929 1408 2993 in-

200 3063 203 3069 ·
242 3035 377 3100 finitivis
411 3035 609 3100 indicativus
632 3035 848 3118 produxit,
882 3057 942 3118 pro
972 3057 1038 3119 quo
1068 3035 1211 3101 editores
1241 3041 1320 3101 ante
1347 3035 1406 3101 Al-

242 3142 456 3224 schefskium,
490 3143 639 3208 Rhenani
668 3143 894 3209 coniecturam
924 3145 1037 3223 secuti,
1070 3166 1208 3228 prorsus
1243 3143 1408 3210 violenter

243 3252 489 3334 produxisse
518 3251 773 3330 substituerent,
807 3252 957 3335 neglecta
984 3272 1061 3315 sera
1084 3250 1232 3317 eiusdem
1253 3251 1409 3319 Rhenani

244 3360 438 3442 suspicione,
461 3359 496 3423 id
518 3359 653 3423 verbum
677 3360 719 3424 ab
742 3360 983 3444 interpolatore
1006 3359 1172 3440 additum,
1206 3380 1272 3424 non
1294 3366 1406 3445 atten-

244 3465 339 3530 derat
373 3468 473 3547 enim,
509 3468 564 3551 qui
600 3468 743 3547 addidit,
777 3468 864 3532 hunc
899 3488 1030 3551 quoque
1059 3468 1284 3533 accusativum
1312 3466 1408 3550 (ser-

242 3581 358 3639 vatos
385 3609 429 3618 —
456 3575 578 3657 cives)
612 3597 633 3639 a
673 3596 1008 3642 commemorasse
1042 3575 1200 3659 pendere,
1243 3576 1336 3660 quod
1374 3578 1404 3643 si

243 3680 429 3746 confirmari
464 3703 547 3767 opus
576 3690 679 3763 esset,
724 3685 805 3749 satis
836 3684 1025 3749 ostenderet
1052 3684 1176 3748 mentio
1207 3681 1242 3748 Ο.
1275 3683 1410 3751 Servilii

243 3790 400 3855 absentis.
452 3789 531 3873 (Sed
562 3790 694 3856 sublato
722 3792 991 3856 manifestissimo
1021 3791 1249 3858 additamento
1280 3793 1410 3861 resideo

242 3904 354 3962 tamen
384 3898 539 3963 mendum
567 3921 633 3964 non
662 3900 768 3965 minus
796 3899 1023 3980 manifestum,
1057 3922 1134 3964 nam
1161 3920 1270 3984 neque
1299 3902 1407 3985 passi·

242 4027 300 4070 vus
341 4005 519 4071 infinitivus
554 4006 658 4089 (esse
698 4009 783 4073 enirn
823 4009 1010 4074 necessario
1047 4009 1195 4088 auditur,
1234 4029 1277 4074 ne
1304 4008 1409 4076 Man·

242 4113 308 4178 lius
350 4115 478 4178 dicatur
516 4136 850 4181 commemorasse
880 4115 1099 4180 Servilium
1133 4117 1406 4201 nominatum)

243 4242 351 4305 neque
403 4224 610 4288 aecusativus
661 4223 729 4289 ullo
774 4224 873 4292 modo
921 4225 955 4289 in
997 4225 1157 4291 orationis
1202 4230 1409 4292 structuram

244 4328 369 4394 includi
409 4335 528 4413 potest.
590 4331 665 4398 Una
708 4332 822 4400 littera
858 4340 988 4400 mutata
1026 4341 1118 4401 recta
1157 4333 1268 4400 omnia
1307 4333 1408 4401 fient:
