2994 5108
745 503 766 564 6

853 596 871 641 s

175 688 309 773 scriptis
337 687 584 753 adnotationem
607 687 785 763 eiusmodi,
815 686 924 771 qualis
952 688 987 752 in
1011 687 1124 753 codice
1146 694 1335 753 nostrorum

176 796 354 881 archetypo
383 795 461 875 fuit,
495 817 516 860 a
543 796 649 880 primo
676 795 734 860 illo
756 795 1033 861 Nicomachorum
1057 796 1170 862 codice
1193 796 1336 862 alienam

175 906 295 970 iudico.
354 905 398 969 Et
435 905 544 988 ipsam
583 903 715 986 quidem
753 903 845 968 illam
886 905 1019 987 originis
1060 906 1336 983 communionem,

175 1013 284 1078 ductae
323 1034 363 1077 ex
402 1033 467 1078 nno
506 1011 619 1077 codice
658 1033 723 1076 non
756 1013 872 1097 paucis
905 1013 1033 1077 saeculis
1067 1033 1088 1076 a
1119 1013 1202 1078 Livii
1236 1020 1336 1079 aetate

176 1123 335 1199 seiuncto,
366 1121 393 1185 si
416 1119 498 1184 nihil
521 1119 611 1185 aliud
633 1127 851 1203 quaereretur,
880 1121 962 1186 satis
986 1128 1074 1186 esset
1096 1120 1239 1186 breviter
1260 1121 1337 1186 aliis

176 1229 374 1313 quibusdam
402 1228 600 1294 indiciorum
628 1229 804 1312 generibus
834 1229 877 1294 ad
904 1226 1157 1312 subscriptionis
1185 1232 1337 1295 testimo-

175 1339 268 1402 ninm
300 1337 465 1402 adiunctis
499 1335 702 1402 confirmare.
763 1337 909 1402 Primum
942 1338 1030 1402 enim
1062 1358 1129 1402 uno
1163 1344 1196 1401 et
1229 1338 1336 1404 altero

175 1444 249 1510 loco
277 1445 381 1511 verba
406 1446 533 1529 aliquot
562 1446 610 1511 sie
639 1466 739 1530 pravo
767 1446 841 1511 loco
869 1447 1048 1524 iterantur,
1077 1452 1115 1509 ut
1143 1465 1222 1510 casu
1244 1445 1279 1511 id
1302 1448 1336 1511 in

175 1553 328 1619 omnibus
351 1553 520 1619 codicibus
543 1554 660 1620 eodem
683 1555 782 1620 modo
804 1553 929 1619 factum
952 1575 1024 1619 esse
1047 1560 1200 1637 nequeat.
1250 1554 1334 1620 Eam

174 1682 245 1726 rem
266 1663 301 1726 in
321 1662 407 1727 libro
429 1663 446 1726 I
468 1683 540 1746 cap.
559 1667 611 1743 48,
635 1667 655 1726 4
673 1671 707 1728 et
723 1669 742 1729 5
759 1664 885 1748 primus
902 1660 1191 1727 Drakenborchius
1208 1664 1337 1727 notarit

176 1770 348 1851 (domum
382 1792 422 1835 se
452 1771 660 1854 reciperet
686 1772 1035 1855 pervenissetque
1063 1770 1112 1834 ad
1142 1791 1335 1835 summum

175 1875 363 1962 Cyprium
386 1879 542 1960 vicum),
566 1901 626 1963 ego
649 1887 761 1945 autem
783 1881 818 1944 in
840 1878 926 1944 libro
950 1878 993 1942 vl
1013 1899 1040 1942 c.
1060 1881 1111 1955 42,
1136 1881 1174 1942 12
1197 1875 1336 1957 (causa

174 1986 357 2052 libenter
378 1986 601 2067 facturos),
631 1987 672 2052 de
701 2009 766 2070 qno
789 1988 862 2053 loco
887 1985 967 2051 mihi
990 1985 1278 2050 Weissenbornius
1302 1995 1335 2052 et

174 2093 327 2160 Hertzius
351 2096 478 2159 assensi
502 2103 595 2175 sunt;
635 2095 814 2178 eodemque
844 2096 1011 2178 pertinent
1039 2095 1072 2158 in
1095 2093 1179 2158 libro
1201 2093 1256 2173 lv,
1284 2099 1337 2174 43,

124 2207 200 2277 (6)4
226 2203 400 2268 verborum
428 2224 449 2268 a
477 2201 716 2268 consulibus
744 2204 830 2266 intra
852 2202 950 2266 breve
974 2202 1118 2284 spatium
1139 2203 1336 2285 repetitio.¹)

174 2311 301 2376 Deinde
340 2311 468 2394 aliquot
505 2309 587 2374 locis
625 2309 726 2375 verba
764 2310 798 2373 in
839 2309 988 2374 omnibus
1028 2309 1196 2374 codicibus
1236 2311 1334 2375 omit-

163 2425 292 2483 ‘tuntur
312 2426 372 2483 aut
394 2416 513 2481 saltem
535 2418 569 2480 in
591 2417 741 2481 omnibus
763 2424 885 2500 prater
906 2417 1152 2482 recentissimos
1176 2425 1210 2484 et
1231 2419 1335 2484 inter-

173 2525 304 2610 polatos
340 2525 392 2604 (ut
414 2524 479 2603 III,
507 2529 560 2604 47,
587 2530 617 2603 4,
647 2524 718 2589 ubi-
733 2525 795 2589 ius
823 2546 890 2589 non
918 2524 1038 2608 legitur
1066 2525 1129 2589 nisi
1157 2526 1191 2589 in
1217 2547 1334 2593 recen-

172 2633 309 2700 tissimis
335 2632 503 2697 codicibus
525 2639 559 2697 et
581 2634 615 2697 in
637 2631 753 2697 horum
775 2634 922 2717 ipsorum
944 2632 1086 2716 aliquot,
1110 2639 1147 2697 ut
1170 2633 1333 2700 Gaertne-

173 2743 269 2807 riano
297 2748 331 2806 et
358 2739 543 2822 fragmento
566 2740 861 2823 Havercampiano,
885 2762 905 2805 s
928 2741 1073 2806 secunda
1102 2761 1201 2806 manu
1223 2741 1332 2809 alieno

172 2849 246 2915 loco
268 2851 437 2927 insertum,
460 2848 514 2925 lv,
533 2852 561 2926 3,
582 2853 630 2928 10,
649 2847 705 2912 nbi
723 2848 960 2913 auctoribus
975 2855 1106 2913 tantum
1121 2850 1156 2914 in
1168 2849 1333 2933 Lipsiensi

173 2966 207 3023 et
230 2957 340 3022 Lovel.
364 2965 483 3040 quarto
510 2956 690 3039 reperitur,
718 2957 751 3020 in
775 2963 914 3039 utroque
937 2978 958 3021 a
979 2956 1123 3023 secunda
1145 2978 1257 3037 manu,
1280 2959 1334 3035 Il',

173 3070 209 3145 6,
232 3070 267 3145 2,
296 3064 353 3129 ubi
387 3063 509 3129 excidit
542 3063 680 3129 alterius
710 3065 872 3133 consulis.
907 3066 964 3148 qui
991 3064 1124 3129 tribuno
1151 3067 1332 3149 respondit,

173 3194 307 3251 nomen,
330 3172 384 3250 IV,
409 3176 465 3245 25,
488 3178 522 3250 4,
546 3170 602 3250 IX,
627 3176 655 3251 3,
682 3177 730 3251 10,
754 3195 794 3239 ne
817 3194 875 3238 eos
897 3173 988 3238 locos
1010 3181 1275 3254 commemorem,
1297 3176 1332 3240 in

172 3282 293 3366 quibus
310 3282 380 3365 ipse
391 3279 476 3345 hanc
488 3280 707 3363 suspicionem
719 3283 813 3359 movi,
825 3282 868 3353 11,
882 3286 931 3359 38,
944 3281 1038 3358 2,Ι1’,
1055 3287 1102 3359 10,
1115 3284 1143 3359 3,
1156 3279 1200 3359 X,
1213 3285 1242 3359 2,
1254 3286 1284 3360 6,
1295 3281 1334 3361 X,

348 3456 407 3464 -Q

205 3525 223 3589 ¹)
241 3523 369 3578 Priorum
388 3523 499 3577 illarum
517 3523 708 3591 iterationem,
726 3525 756 3578 in
770 3526 870 3594 quibus
884 3524 995 3592 longius
1015 3523 1137 3591 spatium
1151 3523 1330 3578 interiectum

241 3613 293 3675 eat,
311 3626 395 3663 cansa
412 3608 495 3663 fnisse
513 3609 636 3676 videtur,
655 3610 731 3678 qnod
749 3611 880 3666 librarius
903 3609 1048 3674 antiquus,
1067 3607 1199 3662 absoluta
1215 3609 1332 3675 codicis,

241 3711 324 3762 quem
346 3695 531 3765 sequebatur,
555 3695 643 3749 altera
665 3701 715 3750 aut
737 3697 868 3752 columna
890 3694 1002 3766 paginae
1026 3697 1075 3746 aut
1092 3692 1210 3762 pagina,
1228 3700 1277 3747 sut
1295 3695 1333 3749 ad

240 3779 314 3847 eius,
337 3797 420 3848 quam
442 3779 498 3835 iam
520 3780 719 3852 descripserat,
748 3783 860 3838 initium
888 3796 983 3834 errore
1008 3777 1123 3832 redierit
1145 3783 1193 3830 sut
1215 3795 1273 3832 non
1297 3780 1334 3833 sd

240 3864 398 3933 proximam
415 3872 588 3936 sequentem,
605 3868 656 3922 sed
673 3867 709 3922 ad
723 3869 837 3923 tertiam
850 3865 1004 3930 transierit,
1018 3862 1119 3916 deinde
1133 3878 1227 3916 errore
1243 3864 1331 3918 anim·

240 3948 359 4004 adverso
379 3968 476 4005 verum
494 3958 607 4009 secntm
624 3955 669 4009 sit.
705 3952 739 4008 ln
756 3955 829 4008 libro
846 3953 898 4019 VI,
916 3953 950 4004 42
967 3950 1042 4002 inter
1059 3947 1145 4002 verba
1163 3947 1208 4000 bis
1227 3949 1333 4020 scripta

240 4035 379 4092 intersunt
398 4036 501 4092 litters
521 4042 583 4105 144;
607 4041 636 4094 in
654 4040 753 4095 codice
770 4040 953 4109 palimpsesto
972 4032 1115 4088 Ciceronis
1139 4032 1275 4088 librorum
1296 4035 1333 4090 de

240 4138 270 4175 re
287 4122 401 4191 pnblics
419 4124 537 4193 singula
557 4127 696 4180 columnae
714 4125 825 4178 litteras
842 4123 948 4176 habent
963 4124 1097 4174 centenas
1112 4118 1330 4188 quinquagenas.

240 4205 273 4261 In
300 4208 398 4262 codice
424 4209 506 4264 huius
533 4211 621 4281 ipsius
649 4210 761 4265 decadis
787 4208 914 4262 bivisnae
941 4204 1092 4258 Parisiensi
1119 4203 1193 4256 libro
1219 4203 1260 4271 X,
1290 4208 1331 4273 14,

241 4297 327 4349 7-10
353 4295 454 4350 lacuna
480 4302 524 4349 est
550 4297 708 4351 litterarum
733 4294 790 4348 fere
816 4295 869 4349 tro
895 4296 944 4345 aut
969 4291 1033 4353 δὼς
1061 4296 1106 4344 tot
1127 4288 1214 4356 igitur
1234 4287 1334 4345 lolium

243 4378 389 4450 archetypi
407 4378 515 4435 habuit.
