2994 5108
218 491 281 546 Lib.
300 492 321 546 Ι.
776 479 818 541 48

218 666 316 731 lunus
349 664 384 730 P.
418 665 520 730 Decio
553 664 676 730 factum
710 664 832 729 dicitur
870 662 1107 730 celebrante
1146 664 1309 748 collega
1342 674 1377 731 et

220 773 341 839 similia
363 773 489 854 alibi.¹)

306 880 385 967 Cap.
403 885 450 946 12.
490 881 589 947 Initio
610 902 719 965 operae
736 887 809 947 toto
827 901 945 964 genere
962 882 1072 946 tenuis
1090 882 1377 948 commemoranda

219 998 270 1056 cst
299 1012 351 1056 res
380 990 431 1055 vel
452 989 521 1070 hic,
555 990 611 1054 ubi
641 990 722 1055 nihil
747 996 798 1055 est
820 1009 989 1072 magnum,
1024 991 1142 1055 ceteris
1165 990 1209 1055 ad
1232 991 1376 1074 speciem

149 1118 203 1187 (41)
223 1101 338 1179 minor,
361 1121 427 1164 num
450 1099 543 1182 parri
566 1104 675 1163 tamen
699 1097 864 1163 interdum
885 1097 928 1163 ad
952 1119 1085 1163 sensum
1107 1100 1304 1182 scriptorum
1327 1099 1377 1164 in·

218 1207 438 1292 tellegendum
473 1215 506 1271 et
534 1205 577 1270 ad
604 1207 759 1273 iudicium
788 1206 828 1271 de
858 1207 1031 1290 scriptura
1052 1207 1192 1272 veritate
1214 1209 1374 1273 momenti

220 1316 319 1382 etad
343 1336 441 1400 cluam
465 1316 585 1399 sapius
608 1322 727 1399 postea
748 1313 951 1379 redeundum
974 1316 1053 1394 erit,
1088 1317 1250 1382 orationis
1274 1318 1377 1382 inter·

220 1425 355 1509 punctio
385 1430 418 1488 et
446 1425 684 1489 sententiarum
707 1430 798 1489 recta
822 1425 1001 1507 separatio.
1051 1424 1236 1509 Apparebit
1258 1423 1377 1491 saltem

220 1534 343 1613 statim,
366 1553 465 1616 quam
487 1532 574 1597 leves
598 1553 727 1598 errores
749 1531 913 1597 interdum
935 1531 1053 1597 fallant
1075 1539 1378 1617 propagenturqne.

220 1642 302 1707 Nam
332 1643 366 1706 iu
394 1640 457 1707 hoc
486 1642 603 1725 capite,
633 1640 983 1725 praeterquamquod,
1017 1640 1074 1705 ubi
1098 1641 1208 1706 Livius
1230 1639 1261 1725 (ξ
1285 1641 1319 1723 2)
1342 1643 1378 1707 in

219 1749 385 1816 narrando
409 1750 541 1815 Romuli
564 1756 598 1814 et
620 1749 687 1814 Titi
708 1748 797 1814 Tatii
821 1747 947 1832 proelio
971 1750 1181 1833 principes
1204 1771 1309 1834 pugn
1318 1772 1377 1815 am

219 1859 384 1929 risisse.
413 1857 476 1923 hoc
500 1864 565 1936 cst,
594 1859 719 1941 primos
743 1864 776 1923 et
799 1863 876 1922 ante
899 1862 1027 1922 ceteros
1050 1879 1223 1942 pugnasse,
1251 1858 1293 1924 ab
1317 1857 1378 1925 Sa·

220 1968 306 2032 binis
329 1967 466 2031 bletiurn
490 1965 656 2032 Curtium.
686 1987 705 2030 a
728 1965 886 2031 Romanis
909 1965 1062 2030 Hostium
1084 1964 1264 2031 Hostilium
1287 1967 1380 2048 dicit,

220 2075 510 2158 (quemadmodum
539 2073 602 2138 hoc.
630 2075 703 2157 ipso
732 2074 840 2157 capite
863 2073 984 2138 Metius
1007 2073 1056 2138 ab
1081 2073 1252 2140 Sabinis
1274 2077 1379 2158 prin·

219 2206 313 2268 ceps
336 2183 383 2248 ab
408 2204 499 2248 arce
522 2183 811 2247 decucurrisse
835 2181 977 2262 dicitur),
1000 2180 1274 2266 interpunctionis
1297 2191 1381 2250 nota

220 2299 298 2374 post-
327 2290 492 2355 ciebant
521 2291 646 2374 posita,
680 2291 765 2355 male
794 2311 815 2354 a
842 2290 1008 2373 plerisque
1031 2290 1153 2355 Metius
1182 2298 1216 2356 et
1237 2291 1380 2359 Hostius

220 2400 384 2483 principes
408 2398 616 2464 substantivo
640 2399 801 2482 appellari
824 2404 985 2482 putantur
1008 2398 1112 2482 (quod
1130 2400 1184 2463 rix
1201 2400 1380 2482 crederem,

219 2508 284 2572 nisi
313 2508 413 2571 etiarn
436 2506 694 2571 admonitionem
717 2506 918 2591 adscriptam
942 2506 1114 2588 riderem);
1148 2506 1265 2572 deinde
1288 2506 1320 2591 (ἕ
1344 2509 1379 2589 3)

221 2616 329 2680 irratio
361 2616 407 2679 sic
431 2615 644 2680 describitur:
674 2614 725 2680 Ut
752 2614 923 2680 Hostius
953 2615 1122 2693 cecidit,
1157 2615 1379 2682 confestim

221 2724 400 2788 llonrana
433 2723 662 2788 inclinatur
695 2725 803 2787 acies
832 2722 1004 2807 fusaque
1033 2732 1096 2788 est
1124 2721 1173 2787 ad
1200 2731 1378 2791 veterem

221 2839 378 2916 port-am
396 2831 561 2896 Palatii.
595 2832 790 2897 Romulus
813 2839 852 2896 et
873 2834 963 2915 ipse
986 2832 1109 2897 turba
1130 2832 1378 2913 fugientium

221 2946 351 3007 rictus.
386 2962 495 3006 arma
530 2941 577 3005 ad
612 2940 751 3005 ciclum
779 2939 949 3005 tollens.
989 2940 1194 3023 luppiter,
1228 2942 1378 3024 inquit.

220 3056 297 3114 cett.
339 3049 412 3115 Non
436 3048 485 3113 ad
506 3057 683 3114 ret-erem
700 3048 854 3113 Palatii
878 3055 1036 3132 portam
1059 3048 1133 3112 fusa
1157 3056 1207 3113 est
1225 3049 1378 3115 Romana

220 3158 307 3221 acies
341 3157 389 3237 (id
423 3164 488 3223 est.
523 3157 611 3241 apud
647 3179 718 3222 earn
749 3164 896 3240 portam3
929 3177 1035 3238 neque
1065 3159 1150 3221 eninr
1179 3157 1298 3223 fundi
1329 3159 1379 3223 ad

222 3272 383 3347 portam
404 3273 454 3329 est
478 3264 609 3330 lusurn
631 3265 732 3329 alibi
755 3264 897 3347 fugere
921 3264 970 3328 ad
992 3264 1176 3348 portam),
1200 3265 1258 3329 sed
1275 3289 1378 3349 quum

221 3374 254 3435 in
278 3372 393 3437 collem
417 3373 638 3456 Capitolinum
661 3381 776 3438 contra
802 3372 941 3438 Sabinos
964 3374 1153 3454 erigeretur.
1182 3395 1289 3457 neque
1312 3374 1377 3441 hic.

222 3479 339 3563 proelii
368 3490 485 3545 eventu
516 3483 581 3545 iarn
610 3481 792 3547 declarato.
825 3480 1076 3563 superaddenda
1101 3490 1171 3545 erat
1195 3482 1275 3561 loci,
1310 3505 1378 3566 quo

222 3595 402 3672 pugnaturn
425 3600 523 3668 essct,
546 3590 683 3654 notatio.
728 3589 810 3652 Lirii
835 3591 998 3653 sententia
1021 3588 1209 3655 huiusmodi
1232 3591 1311 3655 luit:
1333 3626 1379 3636 -

223 3698 399 3762 llornanu
422 3696 649 3762 inclinatur
670 3698 781 3761 acies
803 3695 976 3779 fusaque
999 3704 1070 3761 est.
1121 3698 1178 3762 lld
1199 3706 1378 3764 ueterem

223 3818 380 3889 prmtam
403 3805 559 3870 Palatii
583 3805 775 3870 Romulus
804 3814 841 3869 et
871 3806 960 3889 ipse
989 3805 1108 3870 turba
1131 3805 1378 3889 fugientium

252 4027 272 4073 'l
293 4024 358 4093 Ν..
372 4038 401 4077 ut
416 4024 523 4094 aliquid
539 4031 641 4079 contra
650 4024 736 4080 dicat.
749 4025 835 4078 verba
849 4036 978 4093 «inante
994 4043 1113 4095 appar.
1131 4036 1198 4080 turn
1215 4029 1375 4085 sciebant

289 4130 313 4165 a
323 4130 350 4180 p.
361 4112 457 4165 uertit:
476 4111 586 4165 suriel
601 4111 694 4164 aeine
706 4109 815 4164 Leute
830 4110 990 4165 kirnnten.
1008 4128 1071 4179 qne
1084 4111 1255 4181 significare:
1273 4124 1379 4184 κομι

289 4215 363 4250 man
381 4196 510 4250 ‹lanrals
528 4195 694 4251 reretand
711 4195 778 4249 und
792 4195 921 4250 konnte
934 4211 1059 4267 apparet.
1087 4199 1148 4252 lloc
1162 4199 1192 4251 in
1205 4200 1297 4266 primo
1310 4200 1377 4254 loco

289 4283 412 4351 exempli
429 4299 513 4337 causa
531 4281 696 4336 adnitundum
715 4281 798 4336 satis,
820 4282 934 4351 opinor.
956 4282 1097 4337 declarat.
1119 4300 1171 4337 cur
1187 4284 1291 4338 similia
1309 4301 1376 4355 per·

289 4368 376 4421 multa
395 4369 498 4423 tacitus
516 4364 750 4436 praetermittant}
