2994 5108
223 509 285 565 Lib.
303 510 352 565 III.
780 499 820 562 92

155 686 207 754 (⁷6)
313 681 393 768 Cep.
417 687 467 764 37,
489 686 525 748 2:
549 683 751 749 Primores
773 690 934 769 petrum
957 685 1096 751 odisse
1118 684 1382 765 decemviros,

224 791 366 858 odisse
394 791 569 877 plebem3
601 812 674 858 neo
695 792 887 876 probare,
921 814 1006 878 quse
1027 792 1197 871 fierent,
1230 798 1272 859 et
1293 813 1380 859 cre·

223 900 319 966 dere
336 898 443 965 haud
459 899 640 984 indignis
658 901 864 982 accidere,
886 901 1004 968 avide
1020 900 1175 967 ruendo
1192 901 1242 968 ad
1258 900 1380 968 liber·

222 1014 349 1074 tatem
378 1009 418 1074 in
447 1008 695 1074 servitutem
723 1008 892 1093 elapsos
918 1009 1060 1076 iuvare
1081 1008 1209 1091 nolle,
1240 1029 1381 1075 numu·

222 1115 310 1182 lere
339 1137 501 1201 quoque
529 1117 723 1197 iniurias,
757 1123 801 1182 ut
834 1117 957 1183 taedio
990 1119 1255 1203 praesentinm
1284 1137 1381 1204 conf

224 1224 334 1291 sules
374 1224 451 1290 duo
491 1224 656 1290 tandem
689 1231 730 1291 et
764 1231 899 1292 status
937 1225 1141 1310 pristinus
1173 1247 1307 1293 rerum
1341 1227 1381 1291 in

224 1332 477 1398 desiderium
498 1333 676 1397 venient.
719 1333 859 1398 Prorsus
881 1332 1118 1399 incredibiliter
1139 1335 1301 1419 primores
1322 1355 1383 1418 ps·

223 1448 320 1520 trum,
351 1440 408 1525 qui
431 1439 571 1505 oderent
594 1440 794 1506 decemviros
817 1448 859 1521 et,
889 1462 961 1525 quae
983 1440 1110 1521 fierent,
1138 1441 1385 1528 improbabant,

225 1548 411 1615 cumulasse
445 1548 508 1632 ipsi
541 1549 682 1614 iniurias
716 1548 974 1614 decemvirorum
1002 1556 1195 1631 narrantur,
1228 1550 1293 1616 hoc
1319 1556 1382 1630 est,

224 1658 355 1724 suxisse
378 1657 461 1723 alies
484 1655 652 1738 addend03
684 1677 744 1723 nco
772 1655 922 1740 proiecto
944 1657 978 1723 in
1001 1658 1202 1724 desiderium
1222 1665 1383 1725 venturus

224 1773 296 1832 eret
318 1766 478 1850 pristinus
501 1770 609 1830 status
633 1770 666 1830 et
689 1764 896 1846 consulatus,
931 1767 959 1831 si
986 1766 1109 1851 plebeii
1136 1768 1300 1851 primores
1322 1788 1383 1852 pa·

223 1882 329 1955 trum,
364 1873 421 1958 qui
450 1873 600 1938 consules
628 1871 732 1938 futuri
760 1879 857 1938 erant
880 1879 914 1939 et
935 1873 1132 1959 plurimum,
1167 1874 1383 1960 sipristinus

155 1992 209 2060 (⁷7)
229 1989 336 2049 status
369 1981 524 2063 redisset,
562 1982 717 2067 potentiae
749 1979 910 2061 habituri,
949 1983 1089 2048 iniurias
1123 1983 1384 2051 decemvirorum

223 2090 426 2157 cumulantes
447 2089 605 2154 viderent.
648 2087 794 2172 (Siquis
817 2090 1026 2165 cumulare
1051 2091 1265 2176 interpretari
1282 2111 1383 2157 cona·

222 2200 313 2266 bitur
336 2198 530 2263 oratione
552 2216 711 2278 engere,
738 2219 846 2282 neque
868 2198 903 2264 id
923 2199 1024 2266 verbo
1048 2198 1253 2284 significatur
1273 2220 1385 2283 neque

222 2308 384 2393 primores
413 2311 547 2389 petrum
576 2326 651 2370 cum
682 2304 822 2390 plebeiis
846 2328 1015 2374 sermones
1038 2307 1260 2375 conserebant·
1274 2328 1387 2392 neque

225 2415 290 2482 hoo
323 2414 392 2481 ullo
420 2413 520 2480 modo
549 2413 713 2496 particula
740 2408 902 2498 quoque
929 2421 1089 2501 tanquam
1117 2416 1249 2501 gravius
1277 2415 1385 2500 priori

226 2522 275 2588 illi
308 2524 447 2587 iuvere
480 2521 590 2587 nolle
623 2521 757 2606 adiungi
790 2522 947 2606 poteret.)
1001 2524 1145 2590 Tantum
1177 2523 1310 2604 aberet,
1342 2529 1386 2590 nt

225 2637 337 2715 patres
378 2630 508 2715 plebem
542 2630 635 2696 avide
667 2631 794 2695 ruendo
828 2631 871 2707 ed
902 2631 1090 2697 libertatem
1122 2633 1157 2697 in
1189 2633 1384 2698 servitutem

225 2739 354 2825 lapsum
377 2740 489 2804 iuvere
512 2737 642 2817 vellent,
665 2744 704 2803 ut
725 2739 858 2822 gravius
876 2740 975 2805 etiam
992 2762 1059 2806 non
1077 2740 1153 2820 suis,
1176 2740 1235 2806 sed
1252 2739 1384 2805 decem·

225 2848 369 2914 virorum
391 2847 521 2912 iniuriis
545 2846 685 2930 opprimi
707 2866 780 2910 eam
804 2854 977 2932 cuperent,
1012 2849 1059 2914 sic
1081 2847 1281 2914 desiderium
1304 2868 1384 2914 con-

227 2957 356 3023 sulatus
380 2963 413 3022 et
435 2955 569 3040 pristini
593 2960 703 3020 status
726 2955 888 3020 oriturum
910 2957 984 3022 reti.
1039 2955 1090 3020 Ea
1118 2957 1285 3022 sententis
1312 2955 1385 3022 elfi-

226 3066 332 3130 cietur
354 3086 420 3129 nna
441 3064 555 3129 littera
576 3068 718 3127 mutata:
749 3064 789 3127 in
813 3064 1054 3129 servitutem
1078 3065 1219 3149 lapsos
1241 3065 1385 3130 iuvere

294 3339 389 3403 patres
411 3350 470 3388 rem
492 3335 582 3405 ipsam
606 3334 640 3388 dc
662 3333 771 3404 legibus
789 3353 847 3389 non
867 3337 1009 3407 aspernati
1026 3341 1189 3404 narrantur,
1217 3334 1266 3391 sed
1284 3335 1383 3391 datu·

295 3437 365 3473 rum
398 3420 495 3490 leges
521 3419 689 3474 neminem
715 3421 786 3474 nisi
814 3438 853 3475 ex
879 3421 1040 3491 patribus
1068 3422 1180 3477 dixisse.
1230 3421 1318 3490 Atqui
1344 3420 1383 3478 (le

295 3504 454 3560 ferendis
481 3506 590 3575 legibus
618 3505 755 3574 agebatur
778 3506 821 3574 (ac
843 3525 880 3561 ns
898 3507 1021 3575 dubites,
1050 3509 1188 3577 seqnitur:
1217 3506 1384 3576 quumde

295 3591 431 3660 legibus
449 3591 669 3656 conveniret,
692 3591 731 3646 de
750 3593 864 3647 latore
881 3598 1018 3648 tantum
1036 3591 1268 3662 discreparet),
1289 3606 1384 3661 neque

295 3677 361 3730 ullse
384 3694 506 3746 unquam
524 3678 554 3731 in
572 3694 603 3731 re
621 3674 735 3745 publiea
751 3677 879 3732 Romane
901 3678 988 3733 detes
1012 3679 1090 3748 leges
1108 3683 1175 3733 sunt
1192 3678 1257 3745 (nisi
1276 3678 1383 3748 siquis

295 3765 387 3833 legem
400 3781 417 3818 a
431 3781 461 3818 se
475 3764 662 3833 compositum
676 3762 766 3831 alteri,
785 3769 817 3817 ut
832 3781 883 3832 pro
895 3782 944 3818 sna
954 3765 1047 3832 ferret,
1065 3765 1164 3831 dedit),
1182 3763 1385 3832 nequeidver·

295 3850 363 3903 bum
380 3849 416 3905 de
434 3866 468 3904 es
485 3868 515 3902 re
533 3849 578 3917 (de
596 3866 663 3903 vere
680 3849 709 3902 in
726 3865 757 3902 re
774 3849 888 3919 publice
905 3848 978 3920 leget
1003 3850 1038 3904 ab
1056 3849 1185 3904 Romano
1202 3849 1318 3904 homine
1331 3866 1385 3920 po·

296 3936 380 3990 situm
394 3939 438 3989 est
450 3935 554 4004 ponire
567 3934 670 4005 potnit,
684 3933 759 4002 qnod
774 3934 810 3988 ab
823 3934 961 3990 institutis
975 3941 1003 3989 et
1016 3935 1181 3990 notionibus
1190 3934 1383 3990 Romanorum

294 4020 458 4090 longissime
477 4019 653 4073 abhorrebat.
677 4018 776 4087 Itaque
790 4018 883 4087 Drak,
902 4038 938 4074 ne
956 4026 1107 4089 cogeretur
1125 4017 1132 4072 l
1151 4037 1204 4090 pro
1224 4020 1238 4073 l
1257 4019 1385 4075 scribere

296 4106 457 4173 (laturum
478 4103 592 4174 leges),
616 4121 633 4157 a
645 4103 770 4173 Vergilio
783 4105 862 4158 iura
876 4104 951 4159 data
964 4106 1112 4161 advocavit
1127 4110 1156 4159 et
1169 4121 1204 4159 ea
1218 4103 1386 4160 defensione

295 4192 397 4246 ceteris
416 4190 560 4245 satisfecit
603 4188 724 4257 (Dentur
742 4189 818 4259 leges
835 4189 918 4243 victis
937 4207 954 4242 a
971 4190 1134 4257 victoribus,
1153 4190 1237 4246 sociis
1255 4195 1285 4245 et
1301 4189 1384 4245 dedi·

296 4277 371 4330 tioiis
391 4294 406 4330 a
424 4280 524 4330 senatu
542 4282 570 4330 et
587 4273 804 4344 imperatoribus
824 4272 891 4343 [Cic.
910 4274 990 4328 Verr.
1009 4274 1045 4343 11,
1066 4277 1128 4344 1213
1150 4275 1212 4331 niv.
1231 4273 1279 4345 lX,
1298 4276 1385 4345 bost,

294 4361 380 4429 XLV,
398 4363 441 4429 31,
461 4359 496 4430 1],
514 4360 563 4431 qui
580 4359 665 4414 etiem
682 4359 761 4428 pacis
778 4359 856 4431 leges
874 4359 962 4427 dent)
