2994 5108
696 477 757 539 137
806 521 810 527 -
1187 491 1250 547 Lib.
1269 492 1301 546 V.

146 667 250 728 sunt
306 661 413 729 Valde
440 682 570 744 vereor,
603 684 645 728 ne
674 663 845 729 turbatum
872 662 999 748 aliquid
1027 663 1081 729 hic
1110 664 1163 730 sit.
1219 665 1303 731 Nam

143 792 252 856 neque
285 772 321 837 in
354 768 548 839 affirmando
584 771 736 857 oppida
769 773 817 837 sic
845 772 995 837 universe
1017 771 1129 838 Livius
1153 771 1303 839 dicturus
1405 789 1407 792 ⁴

143 878 246 946 inisse
280 878 426 961 ridetur,
459 878 518 946 sed
550 878 704 965 oppida
739 878 917 964 aliquot,
950 901 1011 945 nec
1039 882 1220 946 emissurus
1254 882 1303 946 in·

142 986 274 1054 felicem
308 988 566 1074 oppugnationis
600 994 751 1054 eventum
784 987 885 1070 (nec,
920 1010 1036 1073 quum
1064 1009 1204 1073 parum
1234 1012 1303 1074 op·

142 1096 345 1181 pugnatio
361 1097 651 1181 processisset,
669 1102 729 1163 aut
746 1094 921 1178 similiter).
957 1095 1232 1181 contrariumque
1250 1097 1303 1164 his

142 1204 336 1271 subiicitur:
368 1204 419 1270 At
444 1205 485 1271 in
512 1192 676 1272 Volscis
703 1204 906 1271 —Anxur
935 1205 1203 1290 nequicquam
1232 1227 1301 1291 op·

141 1318 368 1398 pugnatum
394 1349 439 1360 —
471 1317 525 1395 et,
558 1319 774 1399 postquam
806 1313 866 1378 ris
900 1313 1026 1378 irrita
1059 1321 1162 1395 erat,
1189 1348 1234 1360 —
1259 1350 1304 1360 -

142 1420 329 1487 obsideri
360 1427 559 1507 coeptum.
615 1421 733 1508 Itaque
763 1422 798 1487 in
819 1420 956 1487 Faliscis
986 1426 1020 1486 et
1043 1418 1203 1505 Capenati
1231 1425 1304 1506 agri

143 1529 332 1595 vastatione
375 1531 520 1596 contenti
558 1530 700 1597 Romani
740 1529 872 1614 oppidis
911 1529 1113 1595 abstinuisse
1150 1530 1303 1597 videntur
1378 1534 1386 1544 ’

143 1636 325 1722 Liuiusque
353 1638 541 1723 scripsisse:
576 1637 728 1722 oppida
761 1657 827 1701 ner
861 1645 1101 1721 oppugnata
1132 1660 1204 1705 neo
1233 1640 1302 1707 ob-

142 1766 261 1813 sessa
282 1752 400 1828 sunt,
429 1744 705 1831 quemadmodum
733 1767 761 1812 c.
790 1749 848 1826 24,
877 1747 896 1806 2
926 1746 966 1810 do
995 1746 1138 1813 tribunis
1162 1749 1302 1815 militum

141 1860 261 1921 contra
271 1854 406 1921 eosdem
413 1854 561 1921 Faliscos
569 1853 820 1940 Capenatesque
832 1853 956 1919 bellum
968 1855 1158 1938 gerentibus
1172 1858 1301 1924 scribit:

141 1963 273 2031 abiis
301 1985 382 2031 non
407 1963 530 2030 urbes
557 1963 594 2050 vi
624 1961 872 2047 (oppugnando)
902 1969 974 2028 aut
1002 1963 1200 2047 operibus
1230 1965 1301 2048 (ob-

143 2069 298 2155 sidendo)
326 2076 511 2153 tentate,
545 2071 615 2138 sed
649 2090 747 2153 ager
781 2078 843 2137 est
871 2070 1165 2156 depopulatus,
1200 2096 1301 2158 prae·

142 2179 287 2265 daque
314 2186 490 2246 -actm
545 2178 624 2263 (Cir.
648 2180 707 2260 IV,
741 2183 797 2259 21,
831 2183 866 2243 2:
900 2178 1022 2244 urbes
1056 2185 1191 2247 tamen
1224 2205 1301 2249 non

141 2288 413 2374 oppugnata.)
464 2287 532 2372 [Sic
560 2288 602 2355 ab
630 2288 716 2354 Aldo
744 2287 870 2354 editum
899 2295 951 2353 est
978 2293 1011 2352 et
1040 2289 1195 2356 insecutis
1224 2299 1301 2357 ante

144 2395 479 2480 Drakenborchinm]

230 2504 311 2590 (lap.
342 2509 397 2586 13,
432 2510 481 2569 11.
537 2502 723 2589 Capenates
758 2511 791 2571 et
819 2504 956 2585 Falisci,
991 2528 1092 2590 quum
1120 2510 1301 2577 exercitum

142 2614 341 2696 Romanum,
369 2614 427 2699 qui
448 2613 548 2680 Veios
571 2613 756 2695 obsidebat,
786 2615 934 2698 aggressi
955 2620 1073 2696 essent,
1101 2635 1121 2679 a
1143 2616 1301 2684 Romanis

142 2722 270 2808 repulsi
298 2724 437 2790 stricti
465 2727 575 2788 erant:
609 2722 811 2806 Repulsos
840 2722 983 2789 deindo
1011 2724 1189 2791 insecuti
1219 2728 1301 2792 ric·

140 2837 258 2898 tores
290 2832 496 2916 ingentem
529 2830 748 2898 ediderunt
781 2830 940 2912 caedem3
979 2852 1051 2896 nec
1084 2833 1143 2898 ita
1175 2835 1300 2902 multo

142 2947 237 3025 post
266 2940 345 3006 iam
372 2935 562 3026 palantes
590 2939 722 3005 veluti
743 2939 853 3006 forte
876 2940 1010 3006 oblati
1032 2942 1300 3025 populatores

143 3046 369 3135 Capenatis
393 3051 483 3133 agri
505 3048 711 3134 reliquias
735 3070 877 3133 pugnae
902 3049 1172 3133 absumpsere.
1212 3051 1299 3118 Hae·

141 3166 259 3224 serunt
285 3157 440 3224 Dukerus
469 3164 503 3224 et
524 3158 809 3224 Weissenbornius
838 3158 872 3222 in
899 3156 1043 3238 veluti;
1076 3179 1181 3242 neque
1210 3162 1296 3227 enim
1314 3180 1385 3251 (116)

141 3287 321 3352 apparere,
349 3288 408 3333 cur
429 3267 560 3332 veluti
581 3263 690 3332 forte
713 3265 762 3331 illi
784 3265 998 3350 populatores
1022 3264 1126 3331 oblati
1149 3266 1300 3336 dicantur

141 3374 256 3460 (quasi
289 3375 456 3441 simulatio
490 3395 587 3440 casus
615 3373 729 3456 fuerit)
759 3395 798 3439 ac
825 3395 892 3439 non
920 3371 1038 3439 forte.
1095 3372 1159 3440 Sed
1181 3384 1300 3461 praeter

139 3484 224 3563 hoc,
259 3483 351 3568 quod
376 3484 546 3549 verissime
568 3482 838 3566 reprehenditur,
873 3481 939 3546 alia
962 3487 1013 3546 est
1035 3482 1068 3545 in
1091 3482 1165 3567 ipsa
1185 3506 1299 3553 narra-

139 3591 234 3657 tione
258 3589 445 3657 difficultas.
494 3590 579 3656 Nam
601 3591 793 3675 palantes
816 3589 892 3655 illos
914 3588 1183 3673 populatores
1205 3596 1299 3661 video

137 3698 290 3783 intellegi
317 3697 352 3781 (a
374 3698 654 3782 Weissenbornio)
682 3700 822 3765 victores
852 3697 1044 3780 (Romanos)
1069 3720 1090 3763 a
1111 3700 1214 3782 Veiis,
1243 3706 1299 3788 qui

138 3809 286 3894 primum
314 3808 496 3892 composite
523 3808 627 3874 victos
657 3809 838 3893 persecuti,
872 3814 991 3891 postea
1018 3807 1124 3892 palati
1147 3816 1181 3875 et
1203 3810 1299 3877 effusi

136 3918 176 3982 in
208 3916 314 3982 victos
341 3916 532 3999 inciderint3
566 3938 639 4001 quae
673 3918 839 3982 enarratio
872 3938 979 4000 neque
1014 3938 1088 3982 cum
1120 3939 1157 3983 re
1190 3940 1298 4002 neque

137 4045 218 4091 cum
244 4023 353 4090 verbis
376 4025 537 4091 convenit.
592 4024 677 4090 Nam
710 4030 748 4089 ut
777 4026 940 4105 omittam,
974 4023 1110 4108 palari
1140 4048 1205 4092 non
1233 4028 1298 4092 dici

137 4131 182 4198 de
206 4130 308 4198 effuse
329 4133 615 4218 persequentibus,
637 4133 780 4217 primum
802 4132 861 4198 illa
883 4154 953 4198 nec
976 4134 1035 4198 ita
1058 4134 1184 4200 multo
1207 4142 1299 4219 post

137 4239 322 4307 ostendunt
349 4241 427 4307 novi
449 4239 576 4326 aliquid
599 4248 633 4307 et
655 4263 676 4307 a
696 4242 924 4326 persecutione
948 4261 1074 4319 eorum,
1109 4242 1166 4324 qui
1188 4248 1299 4307 castra

134 4348 184 4415 ad
208 4348 305 4416 Veios
326 4349 430 4416 tutati
452 4355 563 4431 erant,
597 4349 717 4417 diversi
747 4349 916 4431 subiungi,
950 4347 1067 4413 deinde
1090 4349 1197 4432 ipsum
1221 4350 1297 4416 sub·
