2994 5108
198 500 261 555 Lib.
279 499 326 555 lv.
747 490 808 553 118

131 680 184 748 (98)
202 673 376 757 quaeritur,
409 681 534 758 quanta
562 676 729 740 actionum
751 674 1026 760 consiliorumque
1050 676 1168 742 civium
1189 674 1356 741 Romano·

200 804 272 848 rum
305 804 383 868 pars
416 804 590 850 censorum
624 785 784 868 potestati
819 784 970 851 subiecta
1003 785 1048 851 sit
1076 785 1150 867 (nec
1179 782 1356 868 quisquam

128 895 134 909 '
201 891 338 958 Latinus
377 913 529 976 magnam
567 892 643 957 vitae
675 898 803 978 partem
836 893 883 959 sic
917 894 1015 974 dixit,
1056 900 1096 960 ut
1128 899 1232 960 esset:
1271 889 1355 957 riele

201 999 313 1067 Seiten
342 1000 399 1067 des
423 997 582 1083 Lebens);
616 1001 657 1066 de
679 1007 830 1087 tempore
852 1004 962 1084 agitur
984 1002 1097 1087 longo,
1131 1003 1159 1068 si
1183 1022 1257 1068 cnm
1279 1000 1355 1066 vitae

199 1108 351 1175 humanae
374 1110 480 1194 spatio
504 1115 720 1194 comparetur.
770 1109 887 1193 ltaque
914 1110 1038 1177 lineola
1065 1110 1182 1178 addita
1209 1108 1356 1177 scriben-

200 1217 279 1282 dum
308 1221 378 1283 esti
407 1240 478 1302 per
506 1224 567 1284 tot
590 1239 733 1300 annos,
766 1240 947 1303 magnam
969 1225 1128 1304 partem
1150 1219 1252 1284 ritae.
1308 1216 1357 1281 Ac

200 1326 398 1392 sententiam
430 1326 605 1391 verborum
637 1327 925 1394 Weissenbornius
957 1329 1054 1410 vidit3
1095 1349 1167 1413 qnae
1205 1325 1250 1392 ad
1282 1345 1357 1391 eam

200 1435 398 1501 sententiam
420 1436 644 1519 requireretur
666 1435 841 1521 scriptura,
870 1438 984 1520 magis,
1013 1438 1138 1522 opinor,
1166 1457 1232 1502 non
1254 1453 1356 1501 ausus

200 1549 252 1609 est
274 1543 383 1609 dicere
406 1565 504 1626 quam
526 1565 593 1610 non
615 1544 705 1623 vidit,
728 1544 916 1612 admonitus
939 1547 1121 1632 praesertim
1143 1544 1251 1611 Taciti
1272 1542 1357 1623 loco,

199 1673 296 1736 quem
325 1652 516 1737 adscripsit,
550 1674 591 1718 ex
619 1652 725 1736 Agric.
756 1657 790 1719 3:
830 1675 901 1738 per
928 1654 993 1719 XV
1022 1674 1167 1734 annos,
1200 1650 1357 1734 grande

199 1761 388 1828 mortalis
428 1761 498 1826 aevi
538 1762 726 1846 spatium.
787 1761 872 1828 Nam
910 1769 948 1829 ut
987 1764 1134 1847 potuerit
1168 1759 1281 1827 Livius
1313 1759 1357 1824 de

199 1877 348 1954 tempore
384 1870 508 1935 dicere:
549 1891 691 1954 magna
728 1877 847 1955 parte
886 1873 978 1937 vitae
1012 1870 1227 1938 obnoxium
1261 1887 1357 1935 esse

199 1979 360 2044 censori
399 1977 501 2061 (quod
538 1980 592 2043 vix
624 1979 735 2062 potuit
767 1979 809 2045 ob
844 2001 938 2046 suam
972 1977 1258 2058 consuetudinem,
1290 1976 1355 2042 etsi

200 2089 306 2153 omni
340 2089 427 2153 vita
459 2087 547 2153 foro
582 2107 722 2153 carere
751 2087 835 2153 dixit
856 2087 966 2169 XXII,
1001 2093 1057 2169 61,
1091 2086 1140 2169 9),
1175 2092 1266 2152 certe
1288 2105 1357 2150 non

199 2197 311 2281 potuit
331 2196 419 2261 hunc
442 2196 621 2262 ablativum
645 2197 807 2262 subiicere
829 2196 909 2263 illis:
933 2218 1004 2282 per
1025 2203 1087 2262 tot
1110 2193 1285 2277 annos.¹)

286 2303 365 2390 (lap.
388 2309 445 2385 25,
475 2308 509 2368 7:
543 2303 729 2371 Consilia
756 2305 805 2371 ad
832 2304 1030 2371 movenda
1056 2303 1168 2371 bella
1194 2304 1234 2369 in
1261 2302 1359 2368 Vol-

200 2435 361 2481 scorum
395 2412 695 2497 AEquorumque
734 2413 926 2480 conciliis
960 2420 999 2479 et
1031 2415 1071 2479 in
1103 2412 1275 2479 Etruria
1307 2410 1359 2477 ad

185 2522 334 2592 ,fanum
362 2521 584 2588 Voltumnae
617 2522 786 2605 agitata.
842 2522 891 2587 De
924 2522 1013 2588 bello
1042 2528 1158 2589 contra
1187 2520 1359 2588 Romanos

200 2631 406 2715 suscipiendo
430 2631 580 2696 universe
603 2631 779 2714 agebatur,
808 2652 875 2697 non
898 2631 939 2697 de
960 2631 1111 2717 pluribus
1133 2627 1240 2696 bellis.
1291 2626 1359 2695 Sed

199 2742 295 2825 longe
333 2740 580 2805 vitiosissimum
619 2745 671 2804 est
710 2739 889 2804 consilia
926 2738 975 2804 ad
1013 2738 1207 2805 movenda
1244 2736 1359 2803 bella

199 2851 373 2934 agitare,
403 2848 491 2932 quod
519 2868 625 2930 neque
654 2847 737 2913 dixit
765 2848 939 2931 quisquam
961 2868 1066 2930 neque
1090 2847 1201 2913 dicere
1223 2851 1360 2930 poterat

200 2959 274 3044 (pro
313 2957 416 3024 belli
449 2956 632 3022 movendi
671 2961 730 3020 aut
769 2955 815 3020 de
848 2955 959 3022 bello
992 2956 1112 3038 mou).
1170 2955 1360 3038 Scripserat

200 3068 311 3133 Livius
340 3065 456 3131 Latine
486 3070 520 3129 et
547 3070 676 3148 aperte:
710 3064 890 3130 consilia
923 3065 970 3129 de
1002 3063 1111 3129 bello
1145 3061 1360 3142 morendo;

199 3177 366 3259 geminata
406 3173 454 3254 (in
493 3173 649 3239 continua
688 3174 854 3257 scriptura
892 3170 1135 3254 oonsiliade)
1173 3170 1289 3237 littera
1324 3188 1359 3249 -s,

199 3284 321 3349 omissa
343 3301 375 3361 c,
403 3288 519 3346 natum
547 3280 725 3346 consilia
747 3279 795 3344 ad
818 3289 851 3346 et
873 3281 916 3346 ad
939 3280 972 3345 id
996 3279 1281 3346 accommodatum
1304 3283 1358 3344 est

199 3390 313 3456 bella
335 3388 538 3454 movenda.

285 3497 364 3582 Cap.
389 3501 446 3576 34,
475 3501 510 3560 4:
545 3496 716 3563 Postero
745 3497 809 3562 die
838 3496 927 3582 (post
949 3496 1091 3563 Fidenas
1114 3495 1247 3581 captas)
1272 3496 1360 3561 sin·

198 3605 307 3690 gulis
331 3605 507 3689 captivis
530 3603 577 3669 ab
602 3606 738 3686 equite
762 3604 810 3668 ad
833 3606 1114 3671 centurionem
1138 3610 1248 3670 sorte
1266 3602 1361 3669 duc·

199 3716 253 3780 tis
282 3720 336 3793 et,
372 3733 537 3798 quorum
572 3713 721 3777 eximia
747 3713 880 3778 virtus
908 3713 1063 3793 fuerat,
1096 3712 1225 3793 binis,
1259 3711 1361 3778 aliis

198 3823 272 3888 sub
302 3842 453 3889 corona
480 3818 754 3900 venumdatis,
783 3823 1006 3887 exercitum
1034 3822 1232 3886 rictorem
1266 3841 1361 3905 opu·

277 3964 432 3973 -.-Ἦ

227 4027 249 4095 ¹)
270 4024 387 4095 [Eodem
410 4021 508 4095 cap.§
538 4023 707 4077 'triticeam
730 4023 880 4077 verborum
903 4025 1014 4094 copiam
1032 4029 1060 4077 et
1078 4022 1225 4078 confusam
1243 4040 1269 4078 a
1291 4026 1360 4081 1861

266 4117 431 4167 notaveram
452 4108 634 4177 tollendaque
656 4108 842 4177 significaram
863 4109 951 4164 verba
973 4108 1044 4164 fine
1068 4109 1185 4177 alteri3
1212 4113 1280 4178 post
1301 4110 1361 4167 Ve-

265 4198 393 4252 ronensis
407 4194 469 4252 cod.
485 4195 583 4248 docuit
599 4193 725 4246 tollenda
738 4192 823 4248 fuisse
840 4195 937 4249 modo
957 4195 1101 4250 aliorum
1120 4193 1363 4264 magistratui.

265 4284 299 4339 In
323 4280 556 4353 §apreclaram
574 4278 629 4332 lac.
648 4278 783 4332 Gronovii
806 4279 1031 4334 emendationem
1054 4277 1280 4335 manifestissimi
1297 4282 1364 4337 vitii

265 4386 311 4423 me
329 4386 353 4422 a
375 4370 440 4422 1861
459 4364 564 4434 fugisse
583 4363 675 4432 doleo,
694 4366 747 4418 etsi
766 4364 825 4434 ipse
842 4365 942 4419 vitium
960 4363 1077 4434 notavi]
