2994 5108
692 457 732 522 79
1174 472 1236 528 Lib.
1255 473 1291 528 11.

128 648 244 725 ἄγοντός
275 672 332 724 μου
366 650 467 721 σχολὴν
501 639 540 705 ὧν
579 649 606 706 oi
639 652 761 706 πλεῖστοι
790 648 876 706 ἕνεκεν
904 648 1101 720 ἀσχολοῦνται,
1134 653 1290 727 nupoyiroo

128 759 200 833 πρός
220 751 280 834 με).
324 750 417 817 Idem
439 750 481 818 de
502 751 588 817 R.P.
602 751 652 817 111
673 750 712 817 fr.
739 757 773 815 l:
796 773 872 818 non
895 759 940 817 ut
961 772 982 815 a
1004 759 1132 818 matre
1155 752 1225 818 sed
1247 759 1290 818 ιιι

129 881 351 927 anoverca
377 865 528 927 natura
554 859 724 939 editum,
752 859 817 926 hoc
840 866 905 924 est:
935 865 1125 925 anat-nra
1146 883 1224 927 non
1246 867 1291 926 ut

128 988 152 1034 a
177 974 309 1035 matre
337 966 408 1035 sed
430 973 475 1034 ut
496 988 519 1033 a
538 989 623 1035 nov.
648 967 713 1050 (οὐχ
737 975 834 1050 ὣσπερ
856 978 885 1031 a
906 975 1006 1048 μητρὸς
1029 973 1086 1030 ἀλλ’
1109 979 1138 1030 a
1158 976 1289 1052 μητρυιᾶς

127 1082 176 1153 τῆς
198 1075 338 1159 φύσαις);
383 1075 519 1142 Ovidius
554 1077 649 1160 epist.
680 1074 843 1159 (Heroid.)
872 1076 965 1156 VIII,
1003 1081 1079 1141 110:
1120 1076 1288 1162 Quaque

128 1185 244 1266 licet,
271 1185 386 1268 fugio
410 1185 519 1251 sicut
541 1183 590 1250 ab
613 1183 732 1250 hoste
754 1185 850 1265 rire,
874 1183 908 1249 id
931 1191 997 1251 est:
1026 1206 1047 1250 a
1069 1186 1157 1253 viro
1181 1187 1289 1252 sicut

128 1292 180 1359 ab
209 1293 339 1360 hoste.
395 1292 471 1377 Ipse
501 1293 643 1378 denique
667 1292 781 1358 Livius
805 1292 874 1372 VII,
900 1297 940 1357 30
964 1300 1045 1358 extr.
1070 1294 1117 1359 sic
1139 1295 1287 1379 scripsit:

129 1408 177 1468 nt
205 1408 275 1468 aut
297 1400 345 1467 de
368 1401 523 1467 vestris
545 1399 701 1467 futuris
725 1401 853 1467 sociis
875 1408 946 1466 ant
967 1422 1165 1486 nusquam
1187 1402 1288 1468 ullis

126 1509 287 1575 futuris
314 1509 432 1576 nohis
461 1509 686 1588 consulite,
714 1508 744 1574 h.
769 1530 813 1587 e.‚
844 1508 890 1573 de
919 1508 1036 1573 nobis
1065 1516 1108 1574 nt
1135 1518 1204 1576 aut
1225 1519 1287 1577 cet.

127 1625 165 1684 et
186 1617 336 1697 XXXIX,
366 1622 416 1698 28,
450 1622 504 1681 ll:
534 1616 732 1682 Eumenes
755 1623 948 1700 tanquam
971 1616 1021 1681 ad
1042 1617 1286 1685 Antiochum

127 1726 394 1812 spoliandum
434 1747 492 1791 me
531 1726 661 1806 venit,
701 1724 758 1791 uhi
797 1723 1088 1792 Drakenborchius
1122 1748 1140 1791 e
1174 1727 1286 1794 codice

128 1834 243 1902 infimo
267 1840 384 1901 contra
406 1840 535 1901 ceteros
559 1855 672 1900 omnes
696 1832 802 1901 dedit:
844 1838 1037 1917 tanquam
1066 1834 1113 1899 ad
1143 1835 1286 1901 Antio·

126 1943 243 2010 chum
272 1942 321 2009 ad
349 1942 612 2026 spoliandum
639 1964 697 2008 me
725 1942 851 2021 venit3
885 1941 943 2006 sed
972 1943 1072 2007 etiam
1101 1942 1286 2027 spolian-

126 2051 219 2119 dum
246 2050 289 2117 ad
312 2050 510 2117 Antiochum
536 2050 700 2135 pertinet,
726 2049 789 2115 hac
811 2051 990 2117 sententia:
1025 2050 1168 2130 adme,
1196 2058 1286 2117 tan·

126 2180 247 2244 quam
269 2159 320 2226 ad
341 2158 600 2237 Antiochum,
628 2156 900 2241 spoliandum.
954 2157 1018 2223 Sed
1041 2181 1106 2242 quo
1130 2158 1286 2225 dubitan-

124 2270 196 2336 tius
223 2269 258 2333 in
279 2267 344 2334 hoc
365 2266 439 2333 Ioco
463 2266 503 2331 de
525 2286 599 2332 mea
621 2265 808 2349 suspicione
831 2264 913 2345 dixi,
942 2288 981 2333 eo
1004 2266 1229 2334 vehementius
1252 2276 1286 2334 et

125 2375 357 2462 indignantiue
384 2395 581 2459 conquerar,
615 2374 765 2457 proximo
801 2375 972 2458 superiore
1004 2396 1102 2440 versu
1130 2397 1189 2459 per
1218 2376 1284 2443 duo

124 2484 265 2565 saecula,
303 2484 331 2549 si
363 2481 507 2548 Bekkeri
545 2481 723 2549 editionem
763 2483 925 2566 excipias,
964 2484 1099 2548 retineri
1132 2485 1166 2548 in
1202 2484 1285 2549 Livii

126 2594 280 2662 oratione
313 2589 445 2657 foedum
478 2590 647 2656 mendum:
688 2597 783 2674 post
816 2598 1024 2675 acceptam
1058 2593 1353 2676 proximamtte)

123 2719 270 2787 pugnae
302 2698 474 2778 cladem,
510 2699 600 2782 quod
630 2698 813 2765 Gronovius
842 2699 1027 2764 certissima
1056 2700 1284 2767 emendatione

128 2808 329 2876 sustulerat:
364 2812 460 2890 post
492 2813 702 2891 acceptam
735 2807 919 2890 proxima
951 2828 1084 2890 pugna
1116 2806 1282 2872 cladem.

125 2918 316 2984 Tantumne
344 2914 487 2981 valuisse
513 2913 670 2980 lineolam
692 2913 850 2994 additam,
874 2916 1057 2997 prasertim
1080 2914 1284 2998 praecedente

125 3020 384 3108 acceptam1),
407 3029 440 3089 et
461 3022 607 3089 litteram
630 3043 646 3084 e
669 3044 709 3087 ex
732 3024 915 3106 esequenti
934 3029 1049 3100 ortam,
1073 3029 1109 3087 ut
1126 3030 1284 3106 tanquam

123 3135 301 3200 Liuianum
334 3130 476 3197 ferretur
508 3152 647 3219 pugnae
687 3131 824 3197 clades
859 3138 892 3196 et
926 3132 1111 3215 proxima
1143 3151 1284 3215 pugnae

124 3241 270 3309 clades
287 3244 322 3306 et
339 3246 511 3323 accepta
527 3240 710 3323 proxima
728 3258 868 3323 pugnae
888 3238 1048 3305 clades?
1070 3240 1172 3324 Atqui
1190 3241 1284 3324 sequi

125 3349 310 3417 admonent
328 3346 416 3432 apud
433 3347 559 3413 Livium
577 3346 607 3430 (ξ
626 3346 675 3429 7):
698 3346 893 3413 hesterna
910 3347 1117 3414 felicitate
1135 3369 1283 3432 pugnae.

124 3459 246 3543 Itaque
270 3455 358 3540 quod
380 3455 507 3522 incerta
527 3453 696 3520 felicitatis
714 3455 805 3519 notio
824 3453 978 3520 definitur
996 3477 1136 3540 pugnae
1154 3458 1284 3523 nomine

123 3572 162 3632 et
184 3564 284 3632 simul
305 3564 504 3630 adiectivum
526 3562 628 3629 habet
649 3562 855 3642 adiunctum,
884 3563 958 3629 ideo
982 3585 1122 3648 pugnae
1145 3564 1284 3630 clades

123 3681 219 3743 recte
247 3671 375 3739 dicetur
396 3671 578 3737 et‘Livium
601 3669 744 3736 scribere
767 3671 914 3754 potuisse
938 3677 1120 3738 statuemus
1142 3674 1284 3757 primum

123 3781 220 3850 verbi
241 3800 344 3847 cansa
371 3785 468 3864 post
495 3786 704 3864 expertam
727 3779 962 3845 hesternam
985 3800 1124 3862 pugnae
1146 3779 1284 3846 felici-

123 3897 276 3970 tatem,
321 3886 441 3955 deinde
485 3894 579 3973 post
623 3892 834 3970 acceptam
878 3889 1099 3970 proximam
1142 3908 1283 3971 pugnae

123 3997 308 4067 cladem?
342 3995 407 4062 Sed
435 4017 495 4062 cur
520 3996 555 4061 in
584 4016 650 4060 uno
679 3993 751 4059 loco
780 3992 943 4077 exclamo,
977 4018 1078 4081 quum
1107 3997 1140 4060 in
1162 4003 1213 4062 tot
1234 4003 1283 4062 ta·

122 4106 224 4175 cendi
245 4105 327 4173 mihi
349 4104 456 4188 legem
479 4102 641 4171 dixerim?

155 4290 178 4359 ¹)
199 4289 253 4345 (ih.
272 4308 297 4346 c
315 4291 364 4358 Ic,
387 4290 398 4345 I
428 4307 448 4344 n
472 4288 504 4344 M
526 4290 692 4346 memoria
714 4290 855 4360 pessimi
878 4291 1028 4359 proximi
1053 4292 1146 4344 hello
1170 4307 1282 4344 exem·

195 4376 246 4446 pli
263 4393 318 4446 pro
334 4375 498 4446 proximo.
