2994 5108
697 516 755 576 151
1187 525 1251 582 Lib.
1270 525 1302 580 V.

234 699 313 786 Gap.
342 707 400 782 54,
430 704 448 765 3
477 699 525 783 (in
552 699 667 766 eadem
698 699 879 781 oratione):
913 699 1110 781 Equidem
1138 698 1304 764 fatebor

137 808 279 890 vobis,
308 813 389 876 etsi
416 812 546 875 minus
575 809 739 874 iniuria
767 815 913 873 vestrae
942 829 1057 891 quam
1078 827 1170 871 meae
1193 807 1303 872 cala-

140 919 308 985 mitatis
337 919 570 985 meminisse
597 919 727 983 iuvat:
757 938 874 1000 quum
897 915 1093 995 abessem,
1124 917 1302 997 quoties-

139 1047 306 1110 cunque
332 1028 473 1113 patria
499 1028 539 1092 iu
569 1033 741 1092 mentem
768 1027 944 1103 veniret,
972 1024 1053 1088 haec
1082 1025 1215 1089 omnia
1238 1044 1303 1088 oc·

135 1136 369 1201 currebant
399 1142 461 1202 cet.
511 1135 639 1201 Vitiose
670 1134 855 1218 comparari
882 1134 1008 1198 iniuriae
1036 1133 1150 1216 populi
1179 1139 1212 1197 et
1241 1130 1303 1197 Ca·

139 1244 229 1309 milli
256 1244 455 1311 calamitatis
484 1244 689 1323 memoriam,
725 1261 824 1324 quum
860 1243 909 1307 ita
935 1241 1005 1306 haec
1033 1242 1097 1306 duo
1126 1242 1304 1307 coniuncta

134 1358 257 1419 essent
282 1373 414 1437 unaque
439 1373 491 1432 re,
519 1352 644 1431 exsilio,
674 1351 930 1428 continerentur,
954 1357 991 1415 ut
1013 1350 1213 1415 calamitatis
1236 1371 1303 1415 me-

139 1461 284 1526 moriam
304 1461 492 1530 necessariu
513 1461 640 1526 iniuriae
664 1460 888 1538 comitaretur,
912 1458 1096 1523 Gronovius
1119 1459 1302 1542 perspexit3

135 1588 251 1654 neque
274 1568 401 1634 Dukeri
422 1567 585 1648 defensio,
615 1590 636 1634 a
665 1589 733 1652 qua
753 1567 1041 1632 Weissenbornius
1063 1589 1129 1632 non
1153 1567 1303 1646 discedit,

138 1675 279 1742 sufficit.
327 1677 412 1743 Nam
433 1684 654 1761 praeterquam
676 1675 765 1760 quod
787 1697 837 1753 ee,
868 1696 967 1759 quam
989 1676 1096 1740 inesse
1118 1677 1198 1753 vult,
1229 1698 1302 1741 sen-

135 1785 265 1867 tentia,
297 1791 359 1858 uk
368 1783 528 1851 Camillus
563 1806 583 1849 a
611 1785 812 1850 calamitatis
845 1785 1018 1863 memoria,
1053 1801 1151 1865 quam
1184 1783 1302 1849 tollere

135 1899 303 1977 nequeat,
331 1895 475 1973 iniuria,
505 1900 664 1977 quantum
687 1895 802 1978 possit,
832 1893 1003 1975 seiungere
1026 1893 1139 1957 conari
1162 1892 1301 1973 dicatur,

124 2001 196 2095 ‚his
227 2002 335 2068 verbis
370 2000 476 2084 (meae
513 2001 771 2068 calamitatis
801 2001 1030 2067 meminisse
1059 2000 1183 2082 iuvat)
1214 2022 1302 2065 com·

140 2110 305 2196 prehendi
333 2131 399 2177 non
426 2115 555 2195 potest,
588 2131 655 2175 non
686 2117 777 2175 reete
811 2115 919 2174 totum
952 2108 1014 2173 hoc
1049 2130 1109 2192 per
1137 2111 1215 2173 etsi
1242 2109 1301 2174 ad-

136 2200 303 2301 nectitur;
344 2240 385 2284 ea
418 2221 506 2285 enim
538 2218 706 2303 particula
739 2217 919 2301 significat,
960 2216 1133 2281 Camillum
1166 2219 1299 2283 omnino

135 2326 253 2394 exsilii
273 2329 467 2394 memoriam
489 2348 555 2393 non
576 2326 719 2392 libenter
739 2332 899 2410 repetere.
938 2326 1009 2391 lam
1032 2347 1132 2409 quum
1155 2327 1188 2390 in
1211 2326 1300 2390 MRP

139 2437 190 2503 sit
222 2457 316 2502 meae
349 2436 626 2515 calamitatis,
666 2436 700 2500 in
735 2435 845 2514 LlHl,
885 2436 1004 2500 ceteris
1045 2434 1300 2499 calamitatis

137 2565 251 2625 mea,
281 2543 377 2610 valde
400 2545 565 2629 suspicor,
594 2564 774 2628 pronomen
795 2543 884 2608 mala
905 2565 1004 2608 manu
1028 2543 1195 2608 adiectum
1218 2565 1298 2623 esse,

135 2675 245 2739 quum
267 2653 378 2720 Livius
401 2653 447 2718 sic
470 2653 673 2737 scripsisset:
702 2653 781 2717 etsi
809 2653 939 2717 minus
968 2652 1130 2716 iniuriae
1153 2660 1296 2718 vestrae
1315 2665 1386 2738 (128)

139 2761 258 2848 (quam
290 2762 373 2827 mihi
405 2760 545 2844 fecistis)
580 2781 694 2842 quam
730 2761 983 2826 calamitatis
1012 2759 1124 2842 (quam
1151 2763 1300 2846 perpessi

141 2869 238 2953 estis)
267 2870 500 2936 meminisse
528 2871 648 2935 iuvat.
705 2866 912 2935 calamitatis
940 2870 1058 2936 civium
1081 2892 1215 2935 suorum
1239 2869 1300 2935 Ca-

138 2979 253 3045 millus
280 3000 348 3045 non
376 3000 450 3044 cum
480 2978 625 3062 superba
646 2977 859 3044 insultatione
883 2979 978 3060 quasi
1000 2978 1126 3044 ultione
1149 2980 1300 3062 expletus

138 3088 354 3168 meminerat,
388 3087 447 3153 sed
479 3088 528 3153 ita
563 3087 605 3152 ab
634 3087 755 3152 iniuria
783 3087 847 3152 sibi
875 3087 970 3152 illata
997 3087 1040 3152 ad
1068 3088 1184 3171 patria
1212 3087 1300 3151 cala·

140 3196 298 3261 mitatem
319 3197 513 3262 memoriam
536 3196 764 3276 convertebat,
795 3201 840 3274 ut,
868 3196 958 3260 illius
981 3197 1182 3278 cogitatione
1205 3218 1300 3279 pror-

138 3324 200 3370 sus
228 3303 437 3384 oblitterata,
468 3309 541 3369 toto
564 3305 674 3370 auimo
697 3304 740 3369 ad
761 3305 904 3389 patriam
925 3304 1101 3369 iuvandam
1123 3307 1300 3370 restituen-

138 3411 286 3495 damque
309 3417 344 3477 et
364 3411 588 3479 ulciscendam
609 3412 761 3478 ferretur.
813 3412 1002 3497 Sequuntur
1024 3411 1041 3496 ἓ
1065 3418 1083 3477 3
1105 3413 1191 3479 haec:
1215 3434 1299 3496 quae

142 3540 231 3601 vos,
265 3519 466 3601 Quirites,
499 3543 602 3586 nunc
630 3529 818 3588 moveant
845 3523 986 3606 potius
1015 3522 1194 3587 caritate
1218 3544 1299 3603 sua,

139 3634 188 3695 ut
221 3631 427 3696 maneatis
459 3631 499 3694 in
534 3629 808 3710 sede‘vestra,
843 3651 959 3713 quam
986 3637 1146 3714 postea,
1180 3651 1300 3712 quum

138 3737 427 3821 reliqueritis,
461 3759 505 3804 ea
531 3744 740 3804 macerent
770 3739 991 3805 desiderio.
1047 3739 1231 3804 Pronomen
1254 3759 1301 3802 ea

139 3847 337 3932 pravissime
358 3846 494 3912 additur
516 3847 615 3932 (quae
637 3854 962 3913 ros-moveant
983 3848 1299 3932 potius—quam

136 3989 186 4002 -
208 3976 257 4021 eo
277 3955 512 4038 macerent),
545 3977 583 4022 eo
606 3957 790 4041 praesertim
810 3956 901 4036 loco,
930 3963 968 4020 ut
989 3954 1116 4040 pondus
1139 3954 1298 4019 orationis

211 4227 267 4282 nisi
290 4227 367 4297 quod
383 4245 483 4299 pauca
500 4228 617 4297 littera,
645 4245 708 4297 quae
730 4229 761 4282 in
782 4227 837 4283 fine
859 4246 955 4284 versus
977 4228 1034 4298 legi
1055 4244 1113 4281 non
1135 4229 1297 4296 potuerrmt,

211 4314 378 4369 coniectura
402 4314 473 4369 mihi
499 4314 636 4369 addendae
658 4314 782 4370 fuerunt:
809 4315 852 4368 At
876 4316 967 4369 enim
989 4316 1138 4386 apparet
1160 4311 1298 4380 quidem

212 4396 322 4470 pollui
341 4400 450 4454 onnia
466 4416 528 4456 nec
545 4400 629 4456 ullis
647 4400 797 4471 piaculis
814 4401 951 4470 expiari
968 4416 1080 4471 posse;
1100 4397 1158 4453 sed
1175 4395 1240 4466 cet]
