2994 5108
679 457 740 520 619
1113 468 1175 523 Lib.
1194 468 1281 524 XLII.
1373 467 1375 471 ’

134 640 176 707 de
198 662 237 707 eo
259 643 499 722 renuntiarunt,
523 641 581 707 sed
597 649 697 708 antea
713 642 953 722 renuntiarant,
977 661 1079 725 eaque
1095 641 1159 707 fuit
1175 662 1284 720 causa,

138 769 197 815 cur
220 757 297 815 tnnc
320 757 389 816 tem
411 749 549 833 benigne
573 749 801 834 exciperetur.)

223 855 299 941 Cap.
324 861 352 939 3,
375 863 394 921 2
419 857 474 940 (de
497 858 533 938 Q.
557 858 671 924 Fulvio
693 857 813 923 Flacco
842 877 976 924 censore
1004 856 1106 923 eedem
1129 856 1154 921 F
1157 863 1283 922 ortunae

134 963 307 1049 Equestris
328 964 497 1047 iaciente):
532 966 716 1050 Magnum
749 973 1027 1031 ornamentum
1057 987 1103 1030 se
1131 965 1284 1050 templo

134 1079 250 1138 ratus
284 1074 550 1140 adiecturum.
607 1073 731 1140 Codex:
772 1073 955 1158 Magnum
994 1080 1208 1139 cruentum
1247 1082 1286 1140 et

134 1180 285 1265 templo
308 1183 443 1248 iratus
466 1183 733 1261 adiecturum,
756 1204 795 1247 ex
812 1204 878 1266 quo
896 1181 948 1247 fit:
972 1204 1155 1266 magnum
1172 1203 1286 1248 orna·

135 1294 215 1354 tum
240 1289 274 1353 ei
296 1289 447 1373 templo
470 1296 586 1355 ratus
609 1291 882 1372 adiecturum;
914 1312 1020 1376 neque
1049 1292 1134 1356 enim
1156 1291 1197 1357 de
1219 1313 1284 1358 uno

136 1404 330 1463 ornamento
354 1399 476 1481 agitur3
511 1399 546 1463 ei
572 1400 638 1463 iam
660 1398 868 1482 Kreyssigius
892 1400 1034 1484 scripsit.
1081 1399 1176 1479 Quod
1199 1401 1286 1466 idern

135 1525 177 1569 ex
198 1506 333 1570 iratus
356 1504 464 1571 effecit
480 1507 538 1571 ita
559 1513 684 1585 ratus,
708 1508 777 1571 sine
795 1527 895 1572 causa
909 1507 1048 1588 iactum,
1070 1529 1146 1573 nam
1166 1511 1285 1593 saepius

135 1613 169 1678 in
191 1612 248 1678 illo
271 1615 447 1698 participio
471 1613 614 1696 (ratus)
643 1614 799 1679 librarius
826 1615 941 1681 leviter
964 1616 1175 1697 aberravit.¹)
1219 1617 1285 1681 Ex·

135 1721 308 1807 quisitiore
343 1723 571 1788 emendatione
605 1723 764 1787 utendum
797 1730 848 1788 est
882 1723 981 1807 paulo
1008 1731 1082 1807 post
1105 1722 1135 1807 (ἓ
1160 1725 1203 1807 7),
1227 1725 1284 1790 ubi

134 1828 169 1893 in
192 1831 385 1914 exponenda
407 1839 598 1896 senatorum
620 1830 834 1895 insectatione
858 1830 894 1910 Q.
917 1831 1022 1896 Fulvii
1044 1834 1190 1897 censoris
1212 1833 1283 1898 haec
1301 1834 1372 1906 (510)

136 1936 340 2003 scribuntur:
374 1959 598 2018 censorem,
637 1937 816 2004 moribus
854 1940 1045 2023 regendis
1087 1947 1285 2019 creatum,

136 2047 203 2112 cui
226 2053 471 2112 sartatecta
493 2047 655 2129 exigere
679 2049 811 2112 sacris
835 2047 1013 2131 publicis
1041 2052 1080 2112 et
1106 2045 1196 2112 loca
1223 2056 1287 2113 tu-

136 2153 240 2219 enda
261 2174 368 2218 more
391 2156 583 2219 maiorum
605 2153 803 2219 traditum
826 2162 941 2236 esset,
964 2177 1049 2220 eum
1071 2191 1114 2202 -
1136 2160 1282 2240 vagari.

135 2260 237 2326 Recte
260 2259 354 2325 haesit
376 2262 529 2327 Dukerus
553 2262 585 2325 in
614 2260 744 2326 infinita
765 2262 827 2328 hac
849 2239 1031 2328 locorum
1053 2285 1286 2330 commemora-

135 2371 226 2461 tione
252 2375 285 2434 et
306 2370 486 2434 locorum
509 2370 760 2449 tuendorum,
784 2392 844 2436 nec
865 2372 972 2437 minus
995 2392 1132 2455 pravum
1155 2379 1206 2437 est
1229 2394 1289 2436 ex-

134 2478 250 2562 igere
274 2478 365 2544 loca
387 2479 554 2559 tuenda3
577 2500 682 2562 neque
706 2481 791 2543 enim
810 2480 951 2562 exigitur
974 2479 1099 2563 aliquid
1121 2480 1287 2558 tuendum,

139 2586 198 2653 sed
220 2609 307 2666 num,
331 2589 388 2671 qui
410 2587 582 2652 aedificium
606 2587 763 2652 tuendum
786 2589 927 2672 accepit,
951 2587 1059 2653 officio
1082 2589 1287 2654 satisfecerit.

142 2693 261 2761 Omnia
283 2695 415 2761 sanabit
436 2697 571 2761 vulnera
592 2718 658 2760 una
679 2704 825 2761 retracta
848 2696 989 2780 syllaba,
1018 2717 1116 2779 quam
1138 2696 1289 2761 librarius

144 2805 211 2870 sive
235 2805 404 2870 oculorum
427 2826 536 2870 errore
560 2805 669 2869 omisit
692 2806 757 2869 sive
785 2805 894 2888 potins
924 2803 1213 2887 (quemadmodum
1235 2826 1289 2869 ex·

135 2914 233 2999 posui
256 2934 355 2999 supra
377 2936 408 2997 p.
432 2914 509 2995 488)
540 2913 628 2997 quod
662 2913 805 2978 animum
839 2912 998 2977 defixerat
1025 2913 1057 2976 in
1091 2913 1199 2996 specie
1222 2914 1288 2995 pri·

136 3044 226 3088 mum
248 3044 289 3087 ex
309 3022 430 3088 litteris
452 3022 542 3087 loca
565 3022 711 3088 obiecta:
745 3028 859 3086 sarta
891 3027 1004 3085 tecta
1031 3022 1200 3102 exigere
1224 3040 1287 3084 sa-

137 3132 217 3198 cris
251 3131 429 3214 publicis
464 3138 502 3196 et
524 3132 651 3193 locare
681 3129 843 3194 tuenda.
893 3128 1016 3193 Tueri
1044 3134 1291 3193 sartatecta

118 3238 252 3306 ‚Cicero
276 3262 407 3325 quoqne
432 3240 513 3304 dixit
535 3240 579 3302 ed
604 3239 690 3303 Fam.
736 3236 824 3309 XIII,
850 3242 899 3300 ll.
944 3236 1027 3300 Nam
1051 3254 1149 3320 quum
1173 3242 1286 3300 sarta

137 3354 252 3414 tecta
274 3350 395 3413 sensim
417 3369 552 3431 prorsus
574 3368 634 3430 pro
657 3347 736 3429 ipsis
759 3345 913 3423 aedificiis,
938 3365 1010 3429 quse
1032 3344 1157 3409 tuenda
1180 3352 1286 3417 erant,

137 3467 175 3523 ut
197 3463 289 3523 sarta
310 3463 464 3541 tectaque
489 3461 612 3534 essent,
646 3456 754 3537 accipi
782 3461 900 3537 coepta
927 3460 1053 3533 essent,
1087 3459 1121 3517 et
1147 3452 1287 3517 locare

139 3572 253 3632 sarta
286 3570 402 3631 tecta
433 3586 498 3630 non
531 3565 638 3629 minus
672 3584 771 3647 quam
803 3562 941 3627 locare
975 3561 1095 3627 sedem
1128 3580 1288 3625 sacram

145 3673 319 3741 dicebatur
342 3680 376 3738 et
399 3674 571 3755 exigere.
1024 3680 1055 3736 ·,

227 3780 305 3866 Cap.
330 3786 359 3861 5,
386 3786 417 3844 l:
442 3780 629 3855 PerseuS,
663 3779 739 3843 iem
767 3776 916 3843 bellum
949 3779 1038 3844 vivo
1072 3784 1190 3862 patre
1225 3797 1290 3840 co·

141 3892 314 3974 gitatum
347 3890 522 3955 volvens.
567 3889 620 3953 Sic
650 3885 770 3952 dicitnr
797 3887 875 3952 iem
907 3886 1087 3965 volvens,
1120 3893 1290 3969 tamquam

167 4160 195 4229 ¹)
211 4159 331 4216 Frustra
357 4163 441 4216 etism
460 4179 482 4216 c.
501 4163 525 4228 2,
543 4163 559 4214 2
576 4177 611 4214 ex
628 4176 723 4214 errore
741 4159 848 4225 scribae,
866 4160 913 4228 qni
940 4157 1119 4226 negationem
1144 4154 1217 4209 male
1239 4155 1283 4207 in·

210 4246 291 4303 forsit
309 4247 387 4317 (non
405 4247 534 4301 bellum
551 4244 677 4316 parari)
697 4245 820 4298 elicitur:
838 4261 926 4299 nunc
947 4242 1075 4296 bellum
1093 4242 1222 4312 perari3
1239 4241 1282 4294 in·

211 4340 278 4405 epta
296 4339 340 4388 est
359 4335 433 4388 enim
449 4333 586 4402 temporis
605 4331 653 4385 illa
670 4330 846 4401 significatio.
