2994 5108
648 423 714 525 aar
1090 480 1256 535 num

101 646 144 712 sd
172 667 288 731 pacem
316 646 574 731 componendam
596 653 727 713 tentata
748 649 854 731 sunt),
885 671 924 715 ea
946 652 1153 717 continentur
1175 652 1258 717 aciei

101 760 279 834 structura,
303 776 376 837 quae
398 762 475 838 post
497 762 781 821 commemoratur.
828 756 944 838 (Ante
967 760 1097 825 aciem
1120 760 1161 824 de
1184 759 1257 827 loco

101 863 207 948 accipi
229 884 336 947 posse,
366 864 469 929 miror
492 864 648 946 cuiquam
670 865 704 928 in
728 871 872 929 mentem
895 867 1033 946 venisse,
1058 868 1162 951 quasi,
1185 888 1258 950 quae

103 970 169 1037 dux
190 978 269 1037 ante
290 973 394 1036 aciem
416 972 632 1054 pugnantium
655 992 786 1036 versans
809 972 940 1038 fortiter
963 981 1050 1057 agat,
1074 995 1114 1039 ea
1136 996 1201 1039 non
1224 977 1259 1040 in

100 1080 227 1165 proelio
251 1078 342 1159 fiant,
363 1086 422 1145 aut
445 1078 487 1161 (si
510 1080 674 1144 omittitur
696 1080 748 1160 et)
761 1079 926 1145 Hannibal
950 1104 1009 1166 per
1031 1088 1138 1147 totum
1162 1104 1257 1166 proe-

100 1187 182 1253 lium
214 1194 292 1252 ante
326 1188 432 1252 aciem
466 1193 616 1252 versatus
650 1188 718 1268 sit.)
774 1187 816 1252 Ni
851 1187 963 1268 fallor,
998 1189 1152 1255 tollendae
1180 1197 1259 1255 sunt

101 1316 197 1361 uoces
225 1303 264 1361 et
294 1302 387 1360 ante
417 1297 557 1374 aciem,
591 1294 712 1360 additae
736 1295 927 1379 abaliquo,
962 1299 1033 1380 qui,
1068 1319 1169 1380 quum
1192 1319 1258 1363 non

102 1403 324 1487 intellegeret,
364 1424 429 1467 uno
463 1404 623 1468 orationis
657 1403 804 1469 membro
839 1407 949 1469 omnia
982 1406 1052 1470 haec
1081 1407 1256 1470 contineri:

104 1512 236 1576 omnia
264 1519 303 1576 et
331 1512 368 1575 in
397 1511 571 1595 proelio,
600 1513 843 1595 priusquam
872 1534 951 1578 exc.
976 1538 1021 1598 p.,
1051 1519 1257 1597 expertus,

103 1620 195 1702 eique
212 1619 412 1703 respondere
430 1619 569 1684 alterum
588 1619 665 1684 hoc:
689 1626 728 1684 et
746 1620 1005 1686 confessione
1019 1623 1257 1705 —adeptus,

104 1727 312 1810 singulari
335 1733 426 1792 arte
450 1733 522 1805 cet,
546 1726 753 1806 desideravit,
779 1728 868 1810 quod
885 1728 950 1793 illis
973 1735 1012 1793 et
1035 1731 1074 1793 in
1097 1729 1256 1813 proelio

103 1836 303 1901 contrarium
323 1835 511 1900 referretur.
559 1834 693 1917 [Parnm
716 1836 779 1900 hoc
802 1836 982 1919 probabile.
1018 1838 1132 1902 Potius
1156 1838 1258 1920 scrip·

103 1949 171 2009 tum
203 1943 281 2008 fuit:
317 1948 356 2007 et
388 1943 428 2006 in
463 1942 627 2026 proelio
663 1950 702 2008 et
736 1942 912 2009 labante
946 1946 1034 2009 acie
1067 1950 1126 2009 aut
1160 1944 1259 2008 simili

101 2049 214 2117 forma.
257 2049 362 2133 lata]
414 2051 499 2128 Quid
527 2051 561 2114 in
583 2052 700 2116 vitioso
723 2052 780 2116 illo
803 2073 958 2116 omnem
980 2053 1099 2132 lateat,
1135 2053 1256 2117 nescio.

104 2157 352 2241 [Hominuml
373 2157 574 2241 densamus]

186 2264 265 2351 Cap.
290 2270 340 2346 36,
370 2272 389 2331 8
412 2267 574 2332 eiusmodi
597 2267 750 2331 mendum
773 2268 1013 2350 coarguendum
1036 2274 1096 2348 est,
1123 2270 1156 2332 in
1180 2289 1254 2350 quo,
1272 2283 1343 2352 (357)

103 2375 164 2441 etsi
192 2374 468 2440 manifestissimis
495 2375 625 2439 indiciis
654 2375 874 2455 conuincitur,
909 2383 1020 2440 tamen
1049 2377 1172 2441 multos
1196 2375 1258 2440 dil·

103 2481 231 2549 ficulter
263 2482 363 2548 fidem
397 2483 571 2548 habituros
606 2482 819 2567 praevideam,
853 2484 943 2564 quod
978 2502 1112 2567 prorsus
1148 2485 1258 2568 singu-

103 2591 205 2657 larem
233 2591 275 2657 ad
298 2593 472 2656 veritatem
495 2591 689 2656 imitandam
714 2591 857 2674 speciem
882 2612 979 2656 casus
1003 2592 1120 2656 effecit.
1173 2592 1258 2656 Nam

104 2700 149 2764 sic
176 2698 346 2765 scribitur:
380 2699 477 2764 lude
512 2699 568 2779 (ab
598 2699 710 2779 Utica)
744 2700 1073 2782 procedentibus
1106 2700 1155 2763 ad
1183 2698 1258 2763 Tu·

103 2815 233 2873 netem
267 2805 428 2891 (Scipioni
462 2812 495 2870 et
530 2805 681 2887 Octavio)
716 2808 884 2871 nuntius
930 2808 1117 2885 adlatus,
1159 2807 1258 2871 Ver·

103 2915 261 2993 minam,
296 2914 496 2998 Syphacis
523 2913 675 2993 lilium,
711 2935 796 2979 cum
825 2916 1040 2999 equitibus
1071 2914 1258 2998 pluribus

105 3044 220 3106 quam
242 3023 453 3107 peditibus
474 3025 623 3088 venire.
676 3023 774 3087 Pars
804 3025 1020 3088 exercitus
1044 3045 1129 3087 oum
1153 3023 1259 3088 omni

104 3132 293 3216 equitatu
338 3129 634 3196 Saturnalibus
684 3132 827 3214 primis
874 3153 1013 3213 agmen
1059 3131 1259 3213 adgressa

103 3237 366 3305 Numidarum
399 3239 479 3303 leui
514 3240 735 3303 certamine
769 3238 886 3303 fudit.
943 3239 1064 3303 Exitu
1099 3259 1258 3322 quoque

101 3346 206 3430 iugae
228 3346 464 3426 intercluso,
488 3354 603 3430 parte
626 3348 730 3412 omni
753 3347 1016 3412 circumdatis
1040 3336 1258 3430 equitibus,

90 3452 168 3520 XV
200 3456 331 3520 millia
363 3455 565 3520 hominum
599 3476 704 3519 caesa
739 3462 800 3520 cet.
856 3455 1038 3519 Permirum
1074 3476 1112 3520 ac
1146 3457 1258 3538 potius

86 3563 295 3629 incredibile
326 3563 462 3642 accidit,
493 3563 635 3642 Livium,
666 3564 722 3644 qui
750 3585 873 3646 neque,
903 3585 967 3645 quo
997 3564 1049 3628 die
1073 3564 1116 3627 ad
1138 3563 1258 3627 Trasu-

82 3688 258 3737 :mennum
280 3677 339 3735 aut
361 3671 404 3735 ad
423 3670 553 3736 Cannas
575 3678 756 3754 pugnatum
779 3679 874 3747 esset,
899 3672 1108 3736 indicandum
1133 3671 1260 3754 putarit

81 3778 158 3861 (ne
180 3779 307 3862 proelia
330 3779 374 3844 ad
396 3779 546 3844 Ticinum
570 3787 628 3844 aut
650 3779 803 3843 Trebiam
827 3780 1109 3857 commemorem),
1139 3799 1257 3860 neque,

73 3908 166 3971 quo
195 3886 248 3952 die
277 3888 310 3951 in
339 3888 401 3953 hac
423 3890 497 3971 ipsa
519 3887 629 3951 Africa
651 3888 693 3951 ad
717 3888 850 3952 Zamam
873 3888 1090 3963 debellatum,
1125 3886 1258 3949 scivisse

72 4002 136 4061 et
163 3995 389 4060 adnotandum
418 3996 630 4070 iudicavisse,
666 4016 731 4079 quo
766 3996 819 4060 die
854 3997 887 4060 in
921 3998 1038 4058 itinere
1068 4000 1102 4057 et
1131 3993 1257 4075 proelio

60 4102 238 4169 fortuito
252 4103 416 4175 Vermina,
442 4124 514 4186 quae
539 4104 683 4168 accessio
711 4104 789 4167 belli
808 4103 872 4167 fuit
890 4102 931 4184 (c.
946 4102 1011 4183 40),
1032 4103 1139 4165 victus
1158 4108 1257 4177 esset,

67 4228 203 4296 quum
227 4214 408 4296 prasertim
431 4213 536 4294 patris
561 4210 719 4295 Syphacis
744 4234 808 4275 non
832 4211 937 4274 solum
961 4211 1054 4283 victi,
1087 4208 1144 4272 sed
1168 4208 1256 4289 capti

70 4318 189 4385 diem
218 4341 283 4384 non
311 4320 521 4398 indicaverit,
556 4319 649 4382 cuius
683 4319 874 4383 memoriam
904 4317 1106 4400 superfuisse
1136 4316 1257 4379 scimus
