2994 5108
700 487 740 548 73
1184 501 1247 556 10.
1265 502 1301 556 11.

225 669 306 756 Cap.
337 673 395 749 28,
434 673 452 736 3
481 669 570 755 quod
599 671 758 755 seriptum
789 676 854 736 est:
889 693 1008 754 quum
1042 672 1126 737 alia
1157 673 1198 738 in
1227 673 1300 739 Es·

138 779 300 865 quiliis,
328 778 415 845 alia
441 779 483 843 in
503 778 705 845 Aventino
728 777 834 844 fiant
857 779 1048 860 concilia,
1076 780 1227 847 tollenda
1249 789 1311 848 est·

137 889 231 975 prior
270 887 461 973 praepositio
499 908 610 953 errore
644 886 772 967 addita,
814 894 852 953 ut
889 887 952 953 hoc
985 889 1167 955 membrum
1201 891 1299 956 alteri

138 997 236 1079 (alia
258 995 312 1079 in)
337 994 443 1061 simile
466 1001 563 1062 esset.
608 991 881 1061 Constantissime
904 997 990 1061 enim
1012 997 1297 1081 Esquiliarum

137 1125 259 1172 nomen
270 1104 377 1188 legem
386 1104 555 1169 nominum
566 1102 697 1168 urbium
708 1105 867 1188 sequit-ur,
878 1103 967 1188 apud
979 1104 1107 1170 Livium
1118 1105 1150 1170 h.
1159 1104 1257 1190 oap.§
1272 1112 1302 1185 1,·

138 1212 258 1291 XXVI,
284 1216 334 1292 10,
359 1219 373 1277 l
399 1216 490 1292 et·5;
513 1212 579 1278 duo
603 1209 751 1278 Suetonii
775 1213 972 1294 testimonia,
995 1212 1066 1280 Tib.
1088 1218 1135 1293 15,
1159 1212 1235 1280 Ner.
1250 1218 1301 1295 31,

139 1328 175 1387 et
212 1321 289 1386 vitae
328 1319 521 1386 Horatiauae
562 1318 732 1403 Solinique
773 1319 957 1385 Gronovius
991 1322 1116 1405 posuit,
1149 1321 1300 1387 Draken-

139 1429 300 1495 borcbius
322 1429 482 1494 Varronis
505 1427 540 1493 L.
564 1427 600 1493 L.
624 1427 651 1491 V
675 1451 706 1512 p.
730 1433 772 1493 44
794 1427 867 1513 Bip.
897 1435 931 1494 et
952 1428 1051 1493 Plinii
1080 1430 1216 1495 minoris
1238 1430 1300 1515 Ep.

138 1538 197 1618 111,
228 1541 287 1618 213
321 1536 408 1603 addo
432 1535 597 1602 Ciceronis
619 1536 716 1620 Legg.
740 1536 781 1617 Π,
804 1541 860 1601 28:
894 1539 933 1602 in
957 1536 1119 1604 Palatio
1142 1589 1149 1602 .
1170 1591 1177 1604 .
1197 1589 1204 1602 .
1227 1538 1300 1605 Es·

139 1646 305 1730 qniliis‚
334 1653 369 1712 et
390 1645 428 1711 N.
452 1646 492 1710 D.
514 1645 579 1725 111,
608 1649 659 1726 63,
686 1651 725 1711 01
746 1643 854 1730 001110
877 1645 1062 1711 abstineam
1085 1645 1301 1731 (Esquiliis

138 1754 335 1821 habitare
363 1752 629 1836 salubribus).
684 1752 773 1818 Nihil
795 1752 857 1818 hoc
879 1754 921 1818 ad
945 1754 1086 1819 aliarum
1108 1755 1200 1821 urbis
1223 1777 1299 1839 par-

140 1863 225 1929 tium
247 1862 382 1928 nomiu'a
403 1862 557 1946 pertinet.
602 1861 726 1945 (1861.)
1120 1865 1122 1869 ‘

214 1969 423 2056 *Cap.30,4:
437 1968 512 2036 Sed
530 1990 635 2035 curae
651 1969 730 2035 fuit
748 1970 985 2037 consulibus
1005 1978 1045 2036 et
1062 1970 1299 2036 senioribus

139 2087 321 2165 patrum,
350 2079 627 2163 utimperium
649 2098 722 2143 000
743 2077 956 2144 vehemens
979 2085 1191 2144 mansueto
1215 2100 1299 2163 per-

138 2188 383 2254 mitteretur
414 2187 589 2270 ingenio.
645 2185 719 2252 Non
751 2186 864 2251 multis
898 2185 1006 2251 verbis
1037 2186 1186 2252 refellam
1217 2207 1300 2267 eam,

140 2316 208 2380 qua
240 2295 341 2379 vulgo
376 2299 530 2374 utuntur,
563 2293 662 2360 huius
696 2295 760 2359 loci
793 2290 1054 2372 enarrationem,
1088 2303 1126 2361 01
1153 2295 1196 2360 ad
1226 2316 1298 2361 000

139 2404 298 2469 audiatur
326 2403 508 2485 ingenio;
542 2407 720 2486 utrumque
743 2403 829 2469 enim
852 2403 1072 2468 certissimum
1094 2410 1159 2484 est,
1192 2425 1300 2488 neque

142 2510 317 2576 dictatura
345 2515 405 2575 aut
431 2509 619 2576 huiusmodi
648 2511 877 2577 institutorum
904 2511 1108 2594 ingenium
1137 2512 1300 2596 appellari

141 2640 163 2684 a
183 2617 329 2698 Latinis,
364 2616 525 2699 (locorum
552 2639 727 2703 rerumque
755 2626 886 2684 eterra
913 2625 1066 2684 natarum
1089 2620 1219 2702 ingenia
1241 2642 1298 2684 no-

140 2725 272 2808 vimus)
300 2745 408 2808 neque
436 2747 476 2790 ex
505 2725 616 2792 dativo
645 2726 844 2793 substantivi
871 2734 988 2811 postea
1010 2728 1110 2810 positi
1132 2727 1185 2792 hic
1208 2728 1300 2793 abla-

141 2836 245 2901 tivum
275 2834 385 2900 audiri
412 2855 521 2919 posse.
572 2834 726 2901 Debebat
752 2842 914 2919 praeterea
940 2834 1015 2899 huic
1039 2856 1110 2902 suo
1134 2836 1301 2900 contraria

141 2944 221 3029 poni
243 2942 332 3009 alius
354 2943 402 3007 rei
424 2942 512 3024 (viri)
534 2945 641 3022 notio,
670 2944 763 3008 cuius
784 2950 993 3009 mansuetum
1016 2949 1102 3007 esset
1124 2942 1300 3025 ingenium.

141 3051 208 3118 Sed
241 3050 478 3116 refutationem
511 3071 748 3135 supervacuam
780 3052 907 3117 faciunt
934 3051 1080 3130 codices,
1115 3051 1149 3114 iu
1179 3049 1301 3133 quibus

144 3157 300 3225 omnibus
334 3157 450 3241 (unum
483 3159 569 3224 enim
601 3159 705 3225 infimi
738 3161 867 3244 generis
895 3159 983 3243 Lips.
1013 3162 1031 3222 2
1060 3159 1114 3222 vix
1143 3177 1224 3241 opus
1252 3164 1302 3222 est

141 3267 340 3334 nominatim
368 3265 533 3350 excipere)
562 3268 808 3353 scriptumest:
842 3274 886 3332 01
912 3266 1085 3351 imperio
1114 3288 1195 3332 suo.
1251 3264 1301 3330 Ex

142 3376 207 3441 hoc
230 3373 374 3441 efficitur
394 3373 565 3441 facillime:
599 3383 643 3441 ut
670 3377 814 3460 imperi
842 3376 904 3440 uis
927 3374 1155 3440 uehemens.
1207 3372 1302 3438 Com·

143 3483 260 3570 parari
295 3483 383 3548 inter
417 3503 452 3547 se
480 3490 622 3566 possunt
651 3488 710 3548 aut
737 3484 845 3567 ipsum
874 3484 1046 3567 imperium
1076 3489 1109 3547 et
1136 3482 1301 3565 ingenium
1429 3560 1432 3565 ,

143 3598 205 3659 aut
238 3591 352 3676 aptius
386 3591 487 3656 etiam
519 3591 649 3675 imperii
675 3592 725 3657 vis
752 3593 827 3676 ipsa
854 3590 1027 3657 vehemens
1058 3598 1093 3656 et
1120 3591 1208 3670 eius,
1243 3589 1300 3673 qui

142 3701 321 3785 imperium
349 3698 487 3783 accipit,
518 3699 683 3783 ingenium
705 3708 922 3764 mansuetum.
980 3699 1056 3765 Suo
1080 3706 1189 3764 ortum
1212 3705 1300 3762 ests
1345 3738 1347 3742 ι

142 3808 260 3875 littera
287 3828 361 3873 cum
382 3807 490 3891 prima
511 3810 680 3891 sequentis
701 3808 853 3874 vocabuli
877 3806 923 3890 (u)
947 3806 1099 3872 conflata.
1156 3805 1236 3882 Quae
1259 3805 1302 3869 ab

144 3917 223 3989 aliis
256 3918 290 3982 in
324 3914 464 3981 eandem
497 3918 694 3983 sententiam
722 3922 853 3983 tentata
880 3916 1032 3981 Hertuius
1062 3919 1247 3991 enumerat,
1283 3933 1303 3975 a

144 4025 297 4091 codicum
321 4024 467 4108 vestigiis
491 4024 710 4108 discedunt.¹)

175 4198 198 4265 ¹)
216 4197 305 4252 Paulo
327 4200 396 4267 post
413 4212 436 4249 a
455 4196 503 4260 32,
526 4196 543 4250 9
566 4178 896 4264 quam'emendationem
918 4193 1050 4247 Hertzius
1073 4211 1090 4247 a
1111 4208 1140 4246 se
1163 4196 1193 4245 et
1215 4190 1303 4245 Heer-

214 4283 343 4353 wagenio
374 4285 517 4350 repertam
549 4282 649 4337 scribit
676 4279 951 4347 (consentientia
978 4296 1029 4349 pro
1057 4275 1304 4342 consentiant),

214 4373 330 4438 poterat
346 4365 432 4422 etiem
450 4367 486 4421 ab
503 4366 679 4436 lngerslevio
697 4367 777 4434 sumi,
796 4383 914 4435 quocum
935 4363 1214 4419 communicaveram.
