3000 5116
691 494 752 554 345
1118 509 1180 563 Lib.
1199 509 1302 563 XXIV.

143 678 259 758 XXVI,
278 683 307 757 6,
328 676 524 761 lelephanti
547 677 900 759 transgredientes
925 680 963 742 in
986 681 1075 762 ipso
1100 680 1205 745 vallo
1224 701 1302 744 con·

143 786 220 851 secti
233 787 397 867 dicuntur,
415 785 505 868 quod
522 793 633 850 tamen
651 788 755 868 magis
768 786 808 850 de
820 807 1032 870 perrumpere
1043 788 1224 853 nitentibus
1237 788 1300 852 dici

142 896 261 978 potuit.
312 894 375 960 Sed
399 915 439 958 ex
462 894 614 959 codicum
636 894 781 976 vestigiis
805 893 889 958 effici
911 895 1049 975 videtur,
1079 896 1167 978 quod
1191 898 1303 980 aptius

144 1004 201 1066 sit:
235 1023 441 1085 superque
463 1001 615 1082 fossas,
645 1004 707 1067 hoc
730 1008 790 1079 est,
820 1024 919 1085 super
940 1006 1105 1085 margines
1127 1003 1301 1069 fossarum,

143 1109 211 1190 (Ad
240 1109 392 1174 vallum
419 1130 464 1174 ac
486 1110 622 1174 fossas
657 1110 756 1188 XXV,
783 1115 830 1188 14,
857 1111 897 1191 l.)
960 1111 1084 1176 Eodem
1108 1114 1216 1195 capite
1240 1111 1256 1194 ἓ
1281 1118 1302 1176 6

143 1219 274 1297 iniuria,
302 1218 428 1300 opinor,
452 1218 735 1282 Weissenbornius
759 1218 800 1282 de
823 1218 947 1283 Dukeri
970 1227 1003 1283 et
1026 1219 1168 1284 Creverii
1192 1242 1300 1284 emen-

143 1326 286 1390 dationis
314 1325 356 1389 ad
379 1326 519 1406 vestigia
541 1326 662 1391 codicis
685 1326 710 1388 P
734 1325 920 1390 accedentis
943 1322 977 1390 et
999 1327 1041 1390 ab
1065 1329 1136 1410 ipso
1160 1335 1302 1412 receptae

142 1435 282 1499 veritate
312 1432 487 1512 dubitavit3
522 1434 744 1518 Hispanorum
774 1439 906 1515 gentem
934 1435 1110 1516 significari
1139 1444 1228 1500 recte
1252 1437 1301 1499 iu-

65 1626 72 1632 .
142 1542 246 1622 dicat3
271 1562 311 1606 ea
333 1541 404 1606 sola
426 1543 605 1606 exercitum
629 1543 807 1624 explevisse
831 1543 1021 1625 animosque
1044 1543 1302 1626 imperatoribus

142 1649 470 1730 Carthaginiensibus
498 1650 612 1715 fecisse
636 1650 677 1713 ad
702 1657 867 1714 certarnen
892 1650 932 1714 de
955 1652 1083 1733 integro
1106 1651 1300 1715 tentandum
1369 1635 1374 1642 ’

142 1759 208 1822 dici
243 1764 363 1840 potest.
421 1757 484 1823 Sed
519 1777 572 1836 ea,
614 1777 685 1839 quae
725 1758 945 1822 subiiciuntur
985 1759 1024 1823 de
1059 1781 1149 1823 novae
1183 1780 1300 1843 pugnae

142 1873 262 1930 eventu
291 1864 322 1948 (ξ
352 1865 401 1946 7),
435 1865 579 1931 nondum
614 1865 767 1947 expedita
802 1873 888 1929 sunt.
944 1867 993 1929 Ea
1026 1868 1059 1930 in
1088 1867 1113 1929 P
1142 1868 1190 1931 sic
1219 1869 1300 1932 scri-

143 1974 285 2038 buntur:
329 1973 404 2037 alii
438 1973 573 2056 pleriq
608 1973 761 2037 milites
795 1974 910 2054 sique
941 1973 1002 2053 (sic
1033 1976 1132 2038 etiam
1159 1975 1297 2053 MVoss.‚

142 2082 215 2160 alii3
244 2082 277 2144 in
305 2081 546 2146 recentioribus
575 2080 771 2163 quibusdam
795 2082 917 2145 factum
941 2083 1061 2163 sicut)
1085 2105 1155 2166 pro
1178 2091 1294 2167 parte
1314 2102 1390 2169 (asa)

143 2189 300 2253 totiens
344 2190 455 2254 intra
498 2210 647 2272 paucos
693 2189 779 2253 dies
823 2190 931 2253 victa
974 2191 1100 2254 isdem
1145 2193 1300 2256 animas

142 2298 292 2379 quibus
323 2319 375 2380 pr.
399 2298 714 2379 ortaeodemque
737 2297 867 2376 (iisdem
890 2296 1009 2362 litteris
1032 2298 1074 2377 M,
1099 2298 1200 2378 Harl,
1223 2300 1299 2364 Lov.

142 2410 178 2483 2,
208 2409 241 2481 3,
272 2411 308 2485 43
335 2407 370 2470 in
399 2407 475 2470 Lov.
502 2412 516 2469 1
548 2407 625 2469 hinc
653 2405 776 2468 factum
805 2406 917 2487 prior
945 2413 1036 2471 orta
1063 2406 1299 2489 eodemque,

139 2515 175 2576 in
205 2514 277 2577 aliis
308 2515 423 2597 prius
452 2515 598 2591 coorti,
634 2513 713 2593 alia)
742 2519 890 2577 eventu
921 2535 1163 2596 pugnavere.
1219 2515 1298 2579 Uni·

139 2642 238 2686 versa
260 2621 422 2686 sententia
445 2621 525 2685 satis
548 2625 702 2703 apparet,
736 2622 797 2685 etsi
826 2620 883 2683 alii
912 2642 1064 2702 maguam
1088 2629 1216 2704 partem
1239 2625 1299 2686 mi-

139 2729 218 2793 lites
250 2728 389 2808 iuerint,
429 2735 538 2793 tamen
578 2731 704 2793 animos
738 2728 870 2793 eosdem
905 2737 939 2794 et
972 2739 1125 2794 eventum
1159 2731 1298 2795 eundem

138 2837 259 2915 fuisse3
293 2837 351 2901 sed
381 2838 413 2900 in
443 2837 603 2901 orationis
631 2836 737 2901 forma
766 2844 800 2901 et
827 2839 935 2902 verbis
963 2839 1143 2902 laboratur.
1201 2838 1296 2914 Quod

138 2943 456 3009 antea·edebatur:
503 2943 586 3007 Alii
631 2945 821 3029 plerique
860 2945 1030 3025 milites,
1077 2948 1187 3010 sicut
1226 2968 1299 3028 pro

139 3058 259 3135 parte
275 3087 318 3097 --
336 3043 456 3131 victa,
480 3052 625 3117 iisdem
648 3054 804 3132 animis,
829 3054 975 3135 quibus
999 3055 1120 3136 prius,
1145 3052 1298 3116 eodem-

139 3180 219 3242 que
247 3167 395 3225 evcntu
422 3179 667 3244 pugnavere,
702 3169 737 3225 ut
767 3162 916 3225 omittam
946 3163 1074 3243 priuS,
1109 3160 1198 3243 quod
1222 3168 1255 3224 et
1277 3180 1298 3222 a

139 3266 309 3331 codicibus
338 3267 433 3333 bonis
454 3267 585 3351 longius
608 3269 736 3333 recedit
758 3276 792 3333 et
814 3269 979 3332 sententia
1001 3290 1137 3351 prorsus
1160 3289 1299 3351 pravum

139 3381 193 3439 est
216 3374 335 3458 (neque
358 3377 445 3441 enim
468 3377 524 3440 alii
546 3376 595 3440 illi
617 3377 737 3440 milites
761 3377 851 3459 prius
874 3377 1123 3459 pugnaverant),
1145 3377 1297 3440 vitiosam

139 3481 243 3548 habet
265 3491 300 3548 et
321 3504 469 3548 mancam
493 3487 772 3567 comparationem
797 3485 924 3564 (sicut,
949 3506 1013 3548 non
1038 3492 1198 3567 sequente
1222 3485 1296 3565 ita)

140 3612 201 3674 pro
229 3611 337 3655 causae
365 3590 617 3675 significatione.
669 3592 762 3669 Quod
786 3599 896 3655 autem
920 3593 1205 3657 Weissenbornius
1228 3591 1298 3656 haec

139 3700 266 3782 posuit:
311 3700 434 3763 sicuti
473 3721 544 3782 pro
584 3708 699 3782 parte
739 3701 894 3764 totiens
933 3736 976 3744 —
1014 3702 1123 3764 victa
1156 3701 1296 3771 isdem,

138 3807 287 3871 animis
316 3807 466 3888 quibus
495 3808 668 3890 priores,
698 3809 755 3871 ita
783 3806 1001 3889 eodemque
1032 3815 1174 3871 eventu
1198 3828 1296 3890 pug-

137 3933 296 3994 navere,
319 3920 357 3978 ut
379 3915 540 3993 omittam,
563 3936 585 3980 a
607 3915 773 3981 codicibus
796 3914 848 3978 hic
871 3936 1001 3997 quoque
1025 3916 1108 3978 satis
1132 3936 1296 3978 recessum

136 4041 227 4100 esse,
260 4023 401 4087 maxime
428 4023 462 4087 in
490 4022 547 4086 illo
575 4024 648 4105 ipso
677 4024 752 4101 ita,
786 4028 820 4085 et
849 4044 949 4106 prave
979 4023 1121 4086 iisdem
1150 4022 1297 4085 animis

136 4127 363 4213 eodemque
397 4135 542 4194 eventu
578 4130 703 4194 divellit
737 4136 770 4194 et
799 4131 832 4192 in
862 4131 1081 4213 eodemque
1111 4130 1293 4192 orationem

136 4236 241 4302 eflicit
269 4237 359 4302 nullo
387 4236 486 4303 modo
510 4237 745 4314 cohaerentem,
781 4239 844 4301 uisi
873 4238 959 4303 forte
989 4239 1048 4300 ita
1077 4237 1294 4317 eodemque
1324 4233 1326 4237 ⁴

136 4345 251 4427 nescio
279 4366 345 4428 quo
373 4366 457 4410 novo
486 4346 657 4428 particulae
685 4368 747 4410 usu
776 4348 926 4428 accipere
955 4345 1104 4408 iubemur
1127 4366 1202 4426 pro:
1236 4346 1298 4408 ita

950 4630 1158 4784 fl
