2994 5108
206 470 268 526 Lib.
286 469 319 525 V.
754 459 815 521 136

206 643 369 727 praeteriti
393 641 569 710 verborum
592 642 826 727 deponentium
848 643 888 709 de
911 645 1040 710 actione
1062 644 1229 729 primaria
1246 641 1366 709 eodem

206 758 356 836 tempore
378 751 552 833 adiuncta;
584 751 651 817 ibd.
674 749 691 834 ᾖ
714 755 775 816 431
795 750 817 816 b
839 751 906 834 -.)
950 753 999 817 Ac
1021 754 1165 837 priorem
1187 750 1368 818 difficulta-

206 867 274 926 tem
295 860 384 926 tollit
406 860 596 926 coniectura
613 858 752 945 Hauptii
782 861 982 943 quondam
1009 881 1070 945 pro
1093 860 1259 946 quidam
1281 859 1364 926 scri·

206 968 327 1047 bentis‚
345 974 383 1033 ut
399 967 643 1050 intellegantur,
660 988 732 1053 quae
749 967 807 1049 Ill,
827 972 868 1033 64
886 974 967 1034 extr.
980 976 1015 1035 ot
1032 974 1072 1034 65
1090 970 1161 1035 init
1168 974 1362 1035 narrantur.

208 1076 319 1142 Sedet
332 1077 473 1142 obscura
490 1082 540 1141 est
556 1077 630 1160 ipsa
639 1077 802 1142 brevitate
814 1076 885 1142 haec
896 1076 985 1143 illius
996 1077 1156 1162 temporis
1168 1075 1367 1161 significatio

208 1192 242 1250 et
264 1206 382 1269 parum
404 1191 493 1269 apta,
522 1186 608 1269 quia,
636 1205 709 1267 quae
731 1184 800 1250 illie
821 1192 1009 1265 narrantur,
1031 1192 1108 1251 ante
1130 1185 1236 1251 latam
1257 1184 1365 1269 legem

207 1292 406 1358 Treboniam
438 1292 641 1373 acciderunt,
674 1293 843 1374 multoque
876 1294 986 1378 aptius
1019 1294 1117 1359 huius
1150 1293 1257 1379 ipsius
1286 1293 1366 1359 anni

208 1406 346 1467 conatus
370 1402 620 1467 commemorari
640 1400 785 1482 videtur3
819 1402 979 1468 orationis
1007 1402 1124 1467 vitium
1145 1401 1180 1466 in
1200 1400 1364 1486 repulsi

206 1509 266 1575 illa
294 1510 482 1575 coniectura
507 1531 575 1576 non
603 1509 741 1575 tollitur.
796 1510 908 1575 Redeo
936 1511 1039 1594 igitur
1060 1532 1116 1591 eo,
1144 1510 1265 1595 sapius
1287 1529 1363 1575 seu·

207 1619 315 1683 tentia
347 1623 491 1697 mutata,
525 1624 564 1683 ui
598 1618 807 1684 scribendum
841 1625 971 1703 putem:
1006 1619 1059 1698 Is,
1093 1616 1199 1703 quod
1231 1616 1364 1703 petis·

209 1720 485 1811 sent'patres,
527 1726 615 1804 qula
647 1726 687 1788 lu
722 1726 853 1810 primo
888 1727 1053 1811 incepto
1086 1725 1245 1812 repulsi
1273 1724 1363 1806 slat,

208 1835 358 1898 tunde·
392 1834 585 1900 tribunos
620 1834 794 1899 militum
821 1855 1096 1918 expugnasse,
1129 1832 1369 1901 vociferans

209 1949 270 2008 cet.
332 1941 438 2020 Quam
477 1941 574 2008 facile
611 1943 699 2009 inter
731 1942 765 2004 sl
798 1948 832 2008 et
864 1949 877 2004 t
909 1941 1059 2008 excidere
1092 1941 1240 2027 potuerit
1272 1941 1368 2022 sint,

190 2035 363 2134 ¹apparet;
396 2058 430 2116 et
451 2051 592 2117 fortasse
616 2072 657 2117 sa
678 2049 742 2115 fuit
764 2071 881 2131 causa,
916 2072 974 2116 cur
996 2050 1164 2136 quidam
1185 2071 1246 2135 pro
1269 2049 1369 2132 quia

208 2160 248 2225 in
281 2159 490 2226 scriberetur.
551 2159 725 2225 Tandem
753 2158 1021 2225 Weissenbornio
1056 2156 1218 2240 debetur]
1274 2156 1370 2224 Infra

209 2268 273 2333 hoc
295 2269 403 2351 capite
422 2265 453 2350 (ᾗ
473 2267 527 2350 14)
544 2267 667 2333 frustra
691 2267 878 2333 defenditur
899 2268 971 2333 haec
993 2267 1196 2334 coniunctio:
1219 2265 1369 2351 plenus

209 2376 417 2440 vulnerum
439 2396 483 2440 ac
505 2396 655 2460 pavore
674 2377 831 2461 exemplis
850 2375 1080 2456 dissimilibus3
1103 2396 1181 2440 nam
1198 2394 1239 2440 ne
1258 2371 1369 2439 Sallu·
1439 2398 1443 2403 ”

211 2485 355 2549 stianum
384 2483 517 2568 quidem
545 2505 562 2548 e
592 2482 688 2549 Catil.
714 2488 770 2565 33,
807 2490 821 2548 l
848 2484 954 2550 simile
977 2491 1044 2564 est,
1079 2484 1212 2549 etiamsi
1240 2488 1369 2549 certum

125 2616 196 2687 (115)
215 2598 313 2673 esset,
336 2590 424 2674 quod
447 2598 563 2657 contra
585 2598 645 2658 est.
684 2593 802 2677 Itaque
823 2593 898 2676 ipsi,
922 2594 979 2675 qui
1001 2591 1176 2658 defendere
1198 2596 1371 2671 conantur,

212 2700 309 2766 simul
348 2699 415 2764 alia
453 2701 579 2765 ratione
619 2701 727 2767 locum
767 2701 915 2785 expediri
953 2722 1051 2785 posse
1090 2699 1292 2784 significant,
1329 2704 1371 2767 ut

210 2831 359 2894 pavore
393 2830 468 2875 cum
500 2809 748 2875 incidentem
781 2810 917 2893 portis
951 2810 1177 2892 coniungatur.
1235 2805 1301 2873 Sed
1330 2813 1371 2873 ut

211 2919 362 2983 omittam
384 2919 631 3006 vitiosissimam
654 2918 912 3002 copulationem,
947 2939 1013 3000 qua
1035 2938 1183 3001 pavore
1207 2923 1370 3002 tanquam

211 3029 346 3092 tertium
368 3026 560 3109 adiungitur
583 3026 712 3091 duobus
734 3025 800 3090 his:
834 3024 930 3109 fuga
951 3025 1173 3109 trepidum,
1205 3024 1370 3109 plenum

210 3134 420 3200 vulnerum
460 3134 552 3215 (nam
590 3135 660 3199 haec
699 3155 830 3216 quoque
870 3134 914 3199 ad
947 3133 1196 3199 incidentem
1232 3134 1370 3217 portis

211 3243 401 3327 portinent),
425 3242 676 3308 diciturLatine
693 3263 836 3326 magno
859 3263 1007 3326 pavore
1030 3240 1210 3307 incidere
1232 3242 1369 3326 portis

213 3349 267 3431 (de
284 3351 380 3417 modo
398 3357 432 3416 et
448 3350 553 3415 forrna
570 3349 642 3432 rei),
665 3372 813 3434 pavore
837 3349 1021 3416 incidere
1044 3352 1177 3434 portis
1199 3349 1284 3415 nihil
1305 3355 1368 3416 est.

211 3458 254 3521 Ni
287 3458 400 3537 fallor,
439 3459 550 3524 Livius
584 3461 774 3543 scripserat:
816 3460 911 3541 fuga
949 3459 1167 3542 trepidum,
1207 3457 1370 3542 plenum

213 3566 434 3646 vulnerum,
471 3587 547 3629 cunr
580 3588 731 3651 pavore
764 3567 1015 3633 incidentem
1048 3568 1192 3650 portis.
1243 3565 1369 3648 (Medio

213 3675 336 3758 capiite,
371 3672 387 3757 ἓ
422 3680 458 3753 6,
491 3675 548 3739 ubi
577 3675 699 3740 editur:
740 3697 812 3741 nec
844 3676 884 3740 id
918 3682 1205 3741 accusatorem
1238 3675 1369 3757 magis

213 3805 385 3867 arguere
433 3805 548 3865 quarn
586 3783 712 3848 fateri
751 3805 858 3862 reos,
910 3784 973 3849 nisi
1014 3783 1125 3848 Livius
1165 3783 1369 3863 dormitavit,

213 3892 313 3957 scribi
336 3892 434 3958 debet
457 3898 733 3972 accusatorem
756 3898 824 3958 tres
848 3894 934 3957 enim
957 3898 1061 3957 eraut.
1109 3890 1216 3973 1873.)

300 3998 378 4085 Cap.
405 4004 459 4079 12,
490 4006 523 4064 5:
563 4001 592 4064 A
620 4000 663 4064 M.
688 4000 811 4066 Furio
840 4002 880 4065 in
907 4000 1087 4066 Faliscis
1116 4006 1156 4064 et
1185 3997 1248 4064 Cn.
1272 3996 1370 4065 Gor·

213 4110 323 4174 nelio
352 4111 390 4174 in
414 4106 622 4193 Capenate
652 4097 746 4191 agro
775 4109 915 4175 hostes
944 4109 1045 4173 nulli
1069 4114 1187 4173 extra
1208 4108 1370 4174 moenia

213 4218 386 4296 inventi3
409 4217 549 4300 prada
567 4224 676 4296 actae,
701 4217 987 4299 incendiisque
1007 4216 1199 4282 villarum
1216 4236 1261 4281 ac
1277 4213 1368 4282 fru-

213 4348 302 4410 gum
330 4326 485 4392 vastati
513 4324 636 4406 fines,
666 4326 817 4410 oppida
845 4331 1082 4411 oppugnata
1104 4346 1174 4390 uec
1197 4323 1371 4392 obsessa
