3000 5116
685 496 750 569 ,169
1155 509 1219 571 luo.
1237 510 1296 573 VII.

144 679 384 764 significatione
412 685 446 745 et
473 679 740 764 reprehensione.
794 679 911 765 Neque
938 686 1049 746 tamen
1078 682 1175 748 aliter
1196 684 1298 750 inter-

142 791 266 874 pretari
287 789 389 855 rerba
409 789 496 854 licet.
545 789 630 856 Nam
654 787 742 871 quod
763 788 1057 872 Weissenbomius,
1080 791 1137 873 qui
1159 790 1296 857 difficul-

140 905 243 964 tatem
276 899 417 964 sensisse
450 897 596 978 videtur,
629 903 736 962 totum
757 897 837 963 hoc:
871 919 920 962 an
952 898 1078 964 ullum
1109 934 1154 944 —
1186 907 1299 966 esset

140 1007 269 1090 seiungi
301 1007 374 1073 vult
400 1027 421 1071 a
448 1006 627 1090 participio
661 1005 906 1072 dubitantes
940 1014 974 1072 et
1007 1029 1066 1090 pro
1094 1008 1168 1091 ipsa
1191 1006 1300 1073 Curtii

140 1114 348 1198 obiurgantis
369 1115 639 1198 interrogatione.
651 1114 768 1197 accipi,
790 1113 825 1178 id
847 1115 980 1198 quidem
1001 1114 1075 1180 fieri
1091 1116 1182 1181 nullo
1199 1126 1298 1200 pacto

136 1229 251 1308 potest
272 1224 308 1288 in
329 1223 393 1289 hac
409 1228 577 1288 structura
593 1221 845 1305 (an—esset)
863 1224 1037 1308 participio
1056 1224 1298 1291 dubitantes

137 1330 306 1411 subiecta3
340 1330 513 1396 dicendum
542 1338 616 1396 erat
642 1331 759 1397 saltem
780 1329 928 1415 legitima
951 1333 1092 1417 obliquae
1115 1335 1299 1418 interroga-

136 1440 239 1506 tionis
272 1438 393 1505 fcrma:
427 1461 477 1504 au
510 1439 636 1504 ullum
663 1474 707 1485 —
737 1461 853 1524 qnam
886 1462 996 1506 arma
1021 1442 1299 1527 virtutemque

138 1549 252 1615 esse?
286 1546 380 1629 (oder
410 1549 458 1614 sei
485 1547 600 1630 wohl);
634 1547 692 1613 sed
725 1569 766 1612 ne
798 1548 886 1612 hanc
915 1548 1046 1631 quidem
1074 1549 1300 1632 interrogandi

136 1655 281 1722 formam
313 1662 383 1721 tam
416 1655 557 1740 abrupte
590 1655 641 1721 illi
674 1655 914 1721 dubitantes
948 1656 1156 1723 subiecturus
1188 1658 1299 1724 Livius

139 1773 228 1846 erat;
253 1764 388 1830 saltem:
412 1785 461 1829 an
484 1766 586 1829 enim
607 1763 734 1829 ullum
758 1770 820 1829 oet.
845 1764 1077 1848 scripsisset.¹)

224 1873 352 1939 Eodem
368 1874 478 1956 capite
496 1871 526 1955 (ξ
540 1872 582 1955 9),
604 1871 662 1936 ubi
684 1871 809 1936 editur:
833 1872 942 1938 forte
965 1873 1025 1938 ita
1047 1874 1145 1939 tulit
1169 1895 1294 1955 casua,
1314 1894 1385 1963 (143)

141 1988 185 2047 ut
208 1981 417 2047 Genucius
447 1981 497 2046 ad
519 1980 659 2047 hostes
681 2001 824 2063 magno
849 1987 1001 2046 conatu
1024 1980 1236 2065 profectus
1258 1984 1300 2048 in

138 2089 316 2156 insidias
338 2090 685 2173 praecipitaretur,
707 2088 941 2171 legionibus
964 2092 1212 2174 necopinato
1235 2113 1300 2176 pa-

140 2220 237 2265 vore
272 2197 377 2264 fusis
407 2196 550 2263 consul
580 2198 882 2262 circumventus
911 2198 959 2262 ab
990 2199 1150 2279 insciis,
1186 2221 1300 2282 quem

141 2304 467 2386 interfecissent,
506 2304 731 2386 occideret,
771 2307 913 2389 primum
945 2314 1111 2372 retentum
1144 2310 1300 2392 oportuit,

142 2415 238 2500 quod,
259 2415 392 2480 Dukero
415 2414 585 2495 suadente,
607 2412 896 2479 Drakenborchius
919 2436 936 2481 e
959 2414 993 2479 M
1016 2423 1182 2500 posuerat,
1206 2438 1300 2501 prae-

171 2669 195 2737 ¹)
211 2668 467 2809 (qlxponerecgiltret,
489 2685 550 2808 tquo
572 2668 792 2808 pqrvemenqnm
816 2669 854 2808 sti:
877 2670 916 2737 ei,
944 2671 998 2766 qui.
1014 2670 1094 2810 illqrq
1110 2672 1301 2810 sulqpicionem

232 2771 247 2808 e
270 2770 332 2823 ipse
391 2771 441 2808 ru
458 2771 682 2823 merrogaione
700 2772 729 2807 m
746 2771 819 2809 erueo
867 2773 1000 2824 persequi
1018 2773 1075 2810 vei
1165 2774 1209 2811 am
1228 2774 1298 2825 quo-

211 2841 287 2894 niam
319 2838 459 2894 infinitam
490 2838 608 2894 formam
635 2841 795 2894 necessario
822 2845 918 2895 tenere
945 2840 1059 2895 debebit
1085 2858 1177 2910 neque
1205 2848 1300 2897 tamen

210 2926 324 2980 virtus
347 2927 378 2981 in
399 2927 563 2980 virtutem
587 2925 648 2980 sine
666 2943 776 2980 summa
793 2927 952 2980 temeritate
970 2932 1080 2980 mutare
1096 2928 1217 2996 poterit,
1240 2927 1301 2981 red·

211 3010 267 3066 ibit
294 3011 330 3065 ad
357 3028 420 3065 eam
447 3011 567 3065 formam
594 3011 800 3080 interpretandi
821 3012 921 3066 moniti
946 3011 1004 3065 sive
1025 3012 1164 3066 librorum
1183 3011 1298 3082 Sibylli-

211 3114 313 3151 norum
336 3097 408 3164 sive,
435 3103 467 3151 ut
484 3096 574 3151 Varro
592 3096 694 3164 tradit,
721 3096 916 3166 haruspicum,
944 3113 1007 3166 quoe
1025 3097 1087 3152 sine
1105 3097 1191 3151 dnbio
1208 3098 1301 3167 prima

209 3182 317 3236 tradita
337 3183 368 3236 in
389 3183 442 3237 hac
465 3182 627 3237 narratione
650 3188 700 3237 est
742 3181 840 3251 Neque
862 3183 937 3238 enim
961 3200 1020 3236 rem
1044 3183 1181 3252 optimam
1201 3182 1301 3251 populi

208 3267 339 3336 Romani,
358 3284 421 3337 quoe
440 3268 562 3322 dicanda
579 3273 661 3335 esset,
677 3267 789 3322 Curtius
808 3268 1010 3338 interpretatus
1024 3268 1194 3322 narrabatur
1209 3284 1301 3321 arma

212 3360 247 3408 et
268 3355 449 3421 virtutem
476 3372 542 3408 narn
563 3354 653 3408 virtus
675 3371 739 3407 cum
762 3353 846 3407 armis
867 3354 898 3408 in
920 3355 970 3408 tali
992 3371 1023 3408 ro
1046 3353 1181 3423 coniungi
1204 3358 1235 3407 et
1256 3353 1300 3406 dis

212 3437 300 3493 dicari
328 3439 519 3509 (antiquorum
547 3439 639 3507 sensu)
666 3440 778 3508 nequit;
809 3440 922 3494 virum
949 3439 1045 3507 (viros)
1074 3444 1123 3493 aut
1149 3455 1242 3492 arma
1267 3443 1300 3491 et

210 3524 322 3579 virum
344 3525 447 3592 (virum
470 3525 621 3592 armatum)
644 3525 848 3594 interpretatus
871 3530 946 3592 erat;
970 3524 1055 3593 idque
1072 3524 1222 3594 perspicue
1239 3541 1301 3578 nar-

210 3616 323 3664 raverat
344 3609 399 3665 Dio
422 3610 546 3678 Cassius,
574 3610 623 3679 qui
643 3627 703 3664 rem
721 3608 851 3664 Graecula
873 3616 931 3664 arte
953 3627 1090 3664 exornans
1109 3608 1237 3664 Curtium
1259 3610 1301 3663 in·

209 3695 327 3750 duxerat
354 3697 494 3752 rhetorice
522 3696 722 3766 explicantem,
760 3701 866 3765 quanta
897 3702 970 3750 esset
997 3696 1052 3750 viri
1079 3696 1202 3764 dignitas
1234 3693 1300 3761 (vid.

210 3778 310 3851 fragm
329 3782 378 3835 lib.
397 3780 463 3836 XIV
479 3801 507 3853 p.
526 3783 560 3835 26
577 3781 677 3847 Bekls,
701 3780 803 3836 Zonar.
822 3780 883 3849 VII,
906 3783 947 3836 25.
987 3780 1078 3836 Varro
1096 3781 1129 3834 L.
1138 3779 1204 3834 LV
1221 3797 1247 3844 p.
1266 3781 1299 3833 41

213 3864 285 3936 Rip,
302 3867 373 3921 civis
391 3866 561 3921 fortissimus
574 3872 607 3920 ut
620 3867 650 3922 in
662 3866 771 3920 hiatum
787 3867 990 3933 demitteretur,
1007 3867 1184 3936 postulatum
1196 3868 1302 3931 namet,

208 3950 363 4006 Precilium
379 3958 523 4007 auctorem
533 3951 698 4022 appellans).
724 3951 805 4020 Quid,
821 3953 897 4023 qnod
907 3970 922 4006 e
932 3952 1019 4007 Suida
1026 3971 1053 4007 v.
1063 3961 1175 4024 Λίριρνος
1184 3955 1302 4018 apparet

208 4035 308 4104 fuisse,
332 4039 381 4107 qui
397 4037 518 4108 Vergilii
534 4037 663 4093 AEneidis
683 4039 794 4093 initium
817 4037 919 4106 (arma
942 4035 1134 4106 virumque)
1159 4035 1226 4090 hinc
1249 4050 1299 4088 na·

211 4128 273 4176 tum
294 4122 453 4193 lingerent?
480 4124 627 4179 Scribetur
653 4124 751 4194 igitur:
781 4140 822 4177 an
849 4124 954 4177 ullum
982 4123 1091 4191 magis
1114 4121 1301 4175 Romanum

208 4208 337 4263 bonum
360 4227 457 4280 quam
480 4226 574 4263 arms
596 4209 778 4278 virumque
802 4210 897 4264 esse?
925 4208 986 4262 Hae
1010 4212 1107 4261 utatur
1130 4207 1300 4273 coniectura,

210 4294 258 4362 qui
275 4295 367 4362 volet3
385 4311 439 4364 ego
456 4312 516 4350 non
533 4299 607 4348 ntor.
646 4292 698 4364 [Et
719 4296 833 4350 virtus
857 4294 931 4364 apud
953 4295 1066 4349 Livium
1084 4292 1199 4371 legebat
1215 4289 1298 4345 Vale·

208 4379 267 4434 rius
284 4379 359 4434 Max.
376 4378 411 4448 V,
428 4381 454 4448 6,
472 4383 498 4448 2,
515 4379 592 4450 qnod
608 4379 692 4435 rideo
711 4381 798 4436 etiarn
815 4379 988 4436 Koehlerum
1006 4375 1178 4446 adnotasse]
