2994 5108
681 495 744 556 ⁷2⁷
771 568 773 573 ,
1076 467 1080 477 ’
1123 510 1185 566 us.
1204 510 1290 567 mv.

134 682 265 757 esset,
295 677 448 758 quoniam
480 678 514 743 in
553 680 666 744 codice
700 686 765 745 ost:
800 680 1293 766 maiorapulsaisuomina

134 791 261 865 esset,
281 788 423 851 tortasse
447 786 671 853 scribendum:
706 789 835 853 maior
862 788 1036 871 repulsa
1067 792 1292 875 ignominia

137 893 295 975 esset.¹)
329 894 484 960 Extremo
502 895 611 979 capite
636 893 667 978 (ἓ
681 894 745 976 13),
769 916 840 980 quas
865 896 906 962 de
923 897 1062 964 Rhodiis
1078 899 1208 967 fortiter
1231 899 1292 967 Ca·

135 1005 220 1069 riam
241 1002 436 1087 Lyciamque
452 984 711 1069 ‘defendentibus
733 1013 922 1087 narrantur,
945 1027 986 1072 ea
1008 1008 1293 1075 Weissenbornius

137 1120 171 1179 et
193 1113 235 1177 ad
258 1111 407 1177 codicem
430 1112 566 1196 propius
591 1117 624 1177 ot
647 1110 751 1177 multo
776 1134 835 1195 per
857 1136 894 1180 se
916 1118 1055 1196 rectius,
1085 1137 1185 1201 quam
1207 1124 1293 1200 ante,

137 1223 185 1287 sic
207 1220 325 1286 edidit:
347 1240 520 1304 propere
543 1226 584 1286 et
607 1218 799 1300 Caunios,
824 1244 1060 1307 quamquam
1083 1222 1293 1309 Cibyrata-

136 1351 220 1396 rum
243 1331 484 1395 asciverant
506 1328 677 1408 auxilia,
703 1338 931 1414 coegerunt
953 1333 1122 1416 imperio
1145 1355 1293 1418 parere

135 1447 178 1504 et
199 1438 454 1522 Mylasenses
476 1437 866 1521 Alabandenosqne,
893 1441 960 1524 qui
982 1440 1295 1508 Euromensium

138 1547 393 1631 provinciam
416 1546 647 1629 ademptum
670 1546 755 1630 ipsi
779 1548 995 1613 coniuncto
1026 1550 1212 1614 exercitu
1234 1570 1293 1615 ve·

137 1661 305 1733 norunt,
340 1654 451 1718 circa
492 1651 725 1720 Orthosiam
765 1656 851 1718 acie
892 1655 1091 1737 vicerunt3
1132 1657 1294 1724 edebatur

136 1764 238 1829 enim:
284 1764 351 1844 qui
396 1762 701 1827 Euromensium
745 1763 962 1845 provincia
1005 1764 1200 1849 adempta
1244 1765 1294 1832 ad

138 1874 260 1956 ipsos.
306 1871 343 1936 ln
367 1870 479 1936 codice
503 1871 549 1935 sic
571 1870 743 1935 scribitur:
777 1871 1044 1954 mylassensis
1073 1871 1294 1940 alabande-

138 1982 259 2064 nique
293 1978 674 2063 quialabandesinm
708 1965 1043 2045 euroeemousium
1076 1982 1295 2064 provincia

138 2089 371 2172 ademptum
394 2087 445 2152 ad
467 2087 550 2171 ipsi
580 2066 825 2152 coniunctos
854 2089 1040 2153 exercitu
1064 2084 1125 2153 cet.
1172 2089 1237 2156 Sed
1259 2091 1294 2155 in

139 2198 332 2283 prefatione
355 2196 403 2260 W.
422 2217 442 2260 a
465 2217 499 2262 se
522 2196 709 2261 desciscens
726 2193 1061 2281 Alabandeniquc
1079 2217 1096 2262 a
1114 2198 1225 2263 codice
1242 2219 1295 2264 re·

138 2306 328 2392 cipiendum
350 2304 451 2370 inisse
476 2304 607 2382 scribit,
637 2325 703 2386 quo
733 2304 933 2369 nominativo
958 2307 1125 2371 sententia
1146 2306 1295 2372 funditus

139 2415 271 2482 tollitur
293 2422 328 2480 et
349 2413 516 2479 evertitur.
558 2412 773 2479 Scribondum
797 2419 878 2491 erat,
900 2415 1057 2479 restituta·
1077 2423 1169 2503 recta
1191 2416 1295 2480 nomi·

140 2525 192 2590 nis
213 2523 333 2589 forma:
366 2521 612 2608 Mylasensis
645 2521 1055 2607 Alabandensisque‚
1086 2524 1163 2605 qui.
1209 2522 1295 2588 Nam

137 2638 301 2713 Ἄλαβανῦεῖς
323 2639 400 2696 sunt
427 2638 465 2697 ut
488 2640 630 2701 Μυλασεῖς
653 2636 687 2696 et
708 2635 858 2713 Εὐρωμεῖς,
887 2650 947 2696 nec
969 2631 1080 2696 Livius
1101 2632 1187 2696 inter
1210 2630 1294 2696 duas

138 2741 262 2807 formas
285 2762 324 2805 ex
357 2741 457 2806 rectis
482 2738 604 2804 Graecis
627 2740 670 2803 ad
703 2739 851 2823 regulam
879 2740 913 2803 in
942 2737 1096 2803 Latinum
1124 2739 1295 2805 traductas

139 2872 239 2917 uuam
272 2869 408 2933 pravam
441 2848 696 2932 interposituros
729 2854 817 2926 erat3
851 2866 928 2912 nam
959 2852 1165 2926 Ἀλαβανὸηνούς
1197 2868 1294 2912 nemo

139 2960 233 3024 dixit.
278 2957 466 3035 Librarius,
498 2978 598 3040 quum
622 2954 748 3020 duabus
770 2955 892 3020 litteris
916 2955 1046 3021 omissis
1068 2953 1295 3021 Alabande-

138 3069 263 3152 nique
298 3066 488 3151 scripsisset
518 3071 551 3130 et
573 3061 768 3129 vocabulum
800 3064 923 3128 rectius
947 3062 1090 3128 scribere
1120 3062 1234 3141 vellet,
1258 3069 1295 3128 ut

140 3197 243 3259 saepe,
278 3177 311 3240 in
333 3195 452 3240 novum
481 3193 625 3238 errorem
654 3170 785 3250 incidit,
813 3177 851 3235 ut
872 3170 1192 3236 Alabandesium
1215 3172 1294 3236 scri·

139 3285 235 3351 beret
252 3290 390 3368 propter
407 3280 729 3346 Euromensium.
759 3277 841 3343 Tum
859 3298 897 3343 ex
922 3278 970 3343 ad
993 3278 1073 3362 ipsi
1096 3275 1293 3358 faciendum,

139 3393 232 3477 quod
265 3390 429 3457 sententia
460 3389 609 3471 requirit,
644 3395 682 3453 et
710 3386 790 3471 ipsi
814 3386 865 3468 (ut
894 3385 1008 3452 Caunii
1038 3391 1071 3451 et
1100 3384 1294 3471 Cibyratae);

140 3507 310 3586 postremo
332 3506 531 3563 venerant
553 3495 772 3575 scribendum,
795 3500 833 3560 ut
856 3494 1140 3577 asciverant.²)

142 3700 370 3711 ..———--—--

168 3833 194 3900 ¹)
212 3833 305 3888 Etiam
322 3831 452 3902 XXXIX,
472 3834 513 3900 32,
532 3835 548 3887 8
567 3848 631 3888 cnm
649 3831 792 3885 Gronovio
821 3829 1001 3885 scribendum
1027 3833 1110 3900 puto:
1139 3829 1221 3883 ethi
1239 3845 1293 3884 re·

210 3909 321 3990 pulsis
345 3919 381 3972 in
404 3935 497 3988 spem
524 3917 742 3986 impetrandi
769 3915 907 3970 tandem
934 3914 1124 3985 aliquando
1151 3914 1295 3970 honoris

211 4005 321 4060 dilati.
358 4002 430 4058 Nam
448 4002 627 4059 incommode
643 4003 684 4057 ibi
701 4001 801 4059 modus
821 4006 850 4057 et
866 4018 952 4057 cause
966 4001 1110 4055 dilationis
1125 3999 1297 4071 significatur

211 4091 299 4146 altero
319 4090 468 4160 participio
489 4087 642 4158 (repulsi)
660 4087 837 4158 interposito.

161 4177 192 4243 ²)
212 4173 238 4246 [ᾗ
258 4179 274 4231 b
292 4175 398 4231 codicis
417 4173 536 4241 indicio,
564 4173 612 4242 qui
630 4173 719 4228 altero
743 4172 808 4228 loco
827 4173 958 4240 partim
980 4170 1080 4238 habet,
1105 4171 1149 4225 bis
1171 4170 1295 4241 partim

209 4260 390 4318 scribendum
418 4266 468 4327 est,
496 4258 597 4313 deinde
625 4257 758 4313 utendum
785 4257 919 4313 Gronovii
947 4257 1124 4325 coniectura,
1154 4273 1215 4326 quae
1241 4254 1296 4309 hoc

210 4350 274 4418 ipso
289 4346 395 4401 indicio
411 4344 606 4401 confirmatur:
626 4344 690 4413 qui,
710 4360 780 4412 quoe
799 4347 994 4414 agerentur,
1015 4342 1191 4396 scirent-
1210 4338 1296 4396 face·
