3000 5116
694 457 757 518 479
1106 470 1168 525 Lib.
1187 469 1304 524 XXXII.

151 636 273 702 factum
301 646 354 704 est
381 639 489 716 inde,
524 639 612 723 quod
640 661 774 722 prorsus
798 640 954 705 abundat.
1012 639 1043 724 [ἓ
1069 647 1107 704 14
1133 642 1305 706 incudem

152 747 316 811 oratione:
351 746 428 812 Cur
450 747 628 813 excessit
650 781 693 791 -
717 747 917 812 claustris
941 748 1029 815 illis
1051 750 1306 832 inexpugna-

148 851 304 918 bilibus
337 877 459 940 super
486 856 608 920 Aoum
645 874 795 918 amnem
823 854 907 936 (aut
937 857 973 920 vi
1002 863 1073 921 aut
1101 863 1208 920 metu
1237 863 1308 922 aut

149 962 378 1046 voluntate)
407 963 641 1046 relictoque
668 998 710 1007 -
739 962 849 1027 saltu
883 964 1046 1046 penitus
1074 966 1114 1029 111
1142 986 1306 1047 regnum

149 1071 279 1135 abiit?
303 1073 337 1135 si
360 1093 432 1136 sua
453 1071 667 1136 voluntate
691 1077 752 1134 cet.
796 1069 858 1134 Sex
881 1071 939 1136 illa
960 1071 1069 1152 verba,
1094 1094 1167 1156 quae
1188 1073 1305 1138 Weiss.

149 1179 242 1242 uncis
264 1178 412 1258 inclusit,
440 1177 739 1244 incommodissime
763 1177 921 1243 hocloco
947 1179 1113 1263 interponi
1133 1179 1305 1245 Belrlrerus

152 1286 271 1366 sensit;
310 1309 417 1372 neque
451 1287 538 1352 enim
571 1287 632 1369 ipsi
666 1287 933 1368 interrogationi,
975 1309 1040 1368 qua
1073 1287 1199 1370 aliquid
1235 1289 1307 1352 sine

149 1393 277 1458 ratione
306 1395 470 1478 probabili
497 1392 620 1458 factum
648 1393 916 1476 reprehenditur,
950 1395 1023 1477 ipsa
1046 1415 1161 1459 earum
1184 1416 1304 1474 rerum,

150 1501 183 1564 in
213 1501 334 1584 quibus
364 1522 471 1567 causae
501 1501 580 1565 facti
609 1502 717 1566 inesse
747 1501 881 1581 debent,
910 1503 1044 1567 nomina
1073 1504 1120 1567 sic
1148 1503 1233 1567 nude
1257 1504 1306 1566 in·

97 1697 100 1700 Α
150 1608 257 1672 1611161
281 1615 429 1692 possunt.
479 1609 663 1674 Translatis
692 1615 800 1674 autem
832 1610 883 1674 his
907 1610 1014 1674 verbis
1038 1611 1124 1674 inter
1147 1610 1250 1674 abiit
1273 1617 1306 1674 et

150 1717 186 1779 si
215 1737 287 1781 sua
309 1716 535 1796 voluntate,
572 1719 682 1780 omnia
710 1726 778 1781 tam
802 1722 880 1800 apta
903 1716 1001 1796 fiunt,
1037 1723 1073 1781 ut
1095 1718 1177 1781 nihil
1201 1719 1306 1800 possit

148 1825 261 1906 magis.
308 1825 478 1908 Responsc
502 1825 588 1888 enim
612 1826 737 1902 omnia,
772 1846 843 1907 quae
869 1826 932 1889 dici
956 1832 1109 1908 possunt,
1143 1826 1305 1907 complec-

152 1932 235 1995 tenti
276 1932 467 2014 adiungitur
506 1931 607 1994 ducta
647 1952 684 1994 ex
726 1932 863 2013 singulis
887 1917 1088 2015 >argumenti
1129 1933 1303 1997 conclusio.

147 2037 287 2103 Prorsus
321 2039 440 2104 similia
475 2059 591 2104 vocum
627 2038 843 2122 complurium
879 2042 1090 2107 traiectiones
1125 2041 1236 2105 notavi
1271 2040 1305 2103 in

147 2145 212 2210 hac
235 2146 359 2212 decade
381 2146 437 2212 lib.
457 2145 605 2225 XXXVI,
624 2149 674 2224 34,
693 2150 711 2210 9
731 2154 764 2210 61
785 2150 822 2209 10
841 2155 874 2212 61
890 2147 958 2227 XL,
980 2151 1027 2227 13,
1049 2153 1062 2211 l
1085 2153 1118 2213 61
1135 2152 1163 2210 2.
1198 2144 1304 2228 1863]

148 2250 303 2319 Ceterum
337 2254 434 2339 plura
466 2257 500 2318 in
535 2254 597 2319 hoc
625 2254 732 2336 capite
761 2255 860 2318 etiam
889 2262 964 2339 post
992 2277 1045 2335 ea,
1079 2277 1151 2339 quae
1179 2254 1300 2321 auxilio
1320 2267 1395 2336 (382)

148 2360 272 2427 codicis
295 2361 321 2426 B
346 2362 520 2427 emendata
543 2368 629 2440 sunt,
660 2363 768 2426 mendi
791 2364 1011 2445 suspicionem
1034 2362 1166 2427 habent.
1222 2363 1306 2429 Nam

151 2467 168 2551 ᾗ
192 2472 211 2533 3
233 2470 416 2551 legatorum
440 2471 615 2551 orationes,
638 2493 720 2553 quas
733 2470 910 2535 Aristaenus
933 2477 1102 2554 tamqnam
1125 2473 1305 2536 sententias

150 2579 339 2660 percenseri
368 2578 451 2657 vult,
485 2577 574 2643 nullo
604 2578 701 2645 modo
730 2579 820 2661 ipsas
848 2578 1002 2642 hesterno
1033 2578 1086 2641 die
1115 2602 1186 2662 pro
1217 2601 1306 2643 sen·

150 2685 298 2750 tentiis
328 2685 461 2751 dictas
490 2685 672 2768 significare
702 2691 829 2769 potest3
865 2684 992 2768 [itaque
1022 2686 1230 2751 scribendum
1259 2688 1305 2751 vi·

150 2792 262 2857 detur:
296 2799 342 2857 ut
374 2815 445 2878 pro
475 2795 699 2858 sententiis
729 2793 859 2858 dictas
888 2813 1210 2875 percenseamus.
1257 2793 1305 2857 De

149 2899 294 2965 ablativo
323 2902 483 2984 temporis
513 2901 582 2965 sine
606 2902 782 2984 participio
807 2901 848 2964 ad
873 2901 974 2964 verba
998 2901 1208 2963 orationes
1231 2899 1304 2982 leg.

149 3007 306 3073 adiuncto
340 3008 404 3071 vid.
435 3006 490 3072 Gr.
520 3014 622 3073 nostr.
646 3010 717 3073 Lat.
744 3008 764 3091 ξ’
789 3007 968 3071 6161611.
995 3007 1102 3071 Germ.
1158 3007 1240 3071 Nam
1271 3007 1305 3070 in

152 3115 413 3199 transpositione
444 3117 651 3198 superiorum
680 3116 875 3180 editionum:
905 3151 946 3159 -
976 3114 1038 3177 die
1069 3113 1203 3177 (116166
1232 3135 1304 3198 pro

102 3214 105 3219 ’
146 3223 373 3288 sententiis
397 3222 451 3304 (de
475 3222 568 3288 codd.
586 3209 707 3306 prater
730 3221 756 3284 B
775 3246 839 3288 non
859 3222 1003 3302 66116161)
1028 3221 1108 3285 111111
1126 3242 1197 3303 pro
1217 3243 1305 3285 sen-

146 3331 295 3396 tentiis
314 3350 380 3394 non
398 3337 487 3395 recte
506 3329 570 3395 alio
583 3330 769 3413 significatu
784 3330 904 3394 dicitur
918 3351 1015 3413 quam
1034 3336 1109 3394 ante
1127 3349 1197 3412 pro
1216 3349 1305 3392 sen·

144 3439 291 3505 tentia.
350 3435 455 3519 1863]
520 3437 536 3519 ξ
578 3442 616 3500 16
656 3437 746 3503 nullo
789 3437 885 3501 simili
927 3435 1076 3518 exemplo
1117 3434 1306 3500 defenditur

143 3548 289 3632 potius
313 3546 365 3610 bis
388 3547 542 3629 positum,
567 3545 654 3626 quod
678 3547 743 3608 iam
766 3545 958 3609 Perizonius
982 3545 1124 3623 notavit;
1153 3541 1170 3625 ἓ
1195 3550 1305 3608 autem

144 3658 192 3719 28
230 3656 316 3719 inter
355 3652 435 3717 duas
475 3653 751 3734 interrogationes
790 3651 892 3717 futuri
934 3652 1092 3734 temporis
1132 3651 1230 3716 verbo
1273 3658 1306 3715 61

142 3761 287 3848 pluralis
318 3761 445 3825 numeri
472 3759 620 3843 prolatas
649 3758 911 3841 (recipiemus
942 3766 975 3823 et
1003 3777 1050 3821 an
1074 3759 1154 3840 ipsi
1178 3793 1220 3801 —
1242 3763 1305 3821 tu·

140 3868 340 3949 tabimur)
363 3867 556 3951 pravissime
579 3865 649 3930 haec
673 3867 909 3949 interponitur:
945 3863 1068 3940 Quum
1092 3871 1203 3927 terra
1226 3862 1305 3927 Na·

139 3977 212 4045 bis
251 3983 289 4040 61
324 3974 630 4051 Lacedaemonii,
665 3974 762 4036 mari
797 3972 943 4037 classis
979 3973 1154 4036 Romana
1188 3990 1305 4051 urge-

138 4087 262 4161 bunt,
291 4081 393 4147 unde
416 4083 567 4162 regiam
592 4081 832 4145 societatem
855 4087 893 4144 et
916 4079 1180 4143 Macedonum
1203 4099 1304 4160 prae·

136 4191 258 4261 sidia
280 4188 531 4273 implorem?,
557 4188 650 4269 quasi
673 4186 758 4252 116116
782 4186 909 4252 consilii
932 4187 1075 4269 inopiam
1100 4184 1142 4249 ad
1165 4206 1199 4250 se
1223 4206 1303 4268 prae-

136 4302 243 4384 cipue
272 4304 306 4363 et
334 4296 438 4361 solum
462 4295 642 4360 Aristaenus
672 4295 743 4378 (qui
772 4293 912 4360 fortasse
935 4300 1006 4358 tum
1028 4299 1151 4376 praetor
1173 4290 1307 4356 futurus
