2994 5108
669 516 710 579 99
1136 532 1198 588 uss.
1217 532 1266 588 nr.

105 698 263 779 reddere,
304 699 582 785 quemadmodum
626 699 754 781 fabula,
798 722 1008 786 responsum,
1054 705 1267 785 consuetudo,

105 815 235 874 veteres
257 813 349 874 artes
370 807 487 873 referri
510 807 672 874 dicuntur.
718 809 782 875 Sed
805 830 845 875 ea
867 809 1062 894 significatio
1083 834 1150 878 non
1172 813 1268 879 valde

106 922 186 1001 apta
208 922 278 999 est3
311 914 490 981 videndum
518 916 635 1000 igitur,
668 938 710 983 ne
732 901 843 983 Livius
872 916 1059 1003 perferes
1088 920 1268 1005 scripserit,

107 1024 388 1109 quemadmodum
409 1023 462 1090 lex
484 1023 657 1109 perfertur.
702 1024 860 1108 (1861.)¹)

194 1130 277 1219 Gap.
291 1136 342 1213 50,
367 1136 408 1197 10
430 1132 502 1213 (ubi
525 1132 566 1199 de
588 1134 710 1218 togatis
733 1134 852 1216 agitur,
875 1135 932 1218 qui
954 1141 1030 1218 post
1053 1134 1175 1201 caedem
1186 1135 1267 1202 Ver-

106 1242 205 1326 ginias
240 1262 281 1307 ex
312 1241 394 1307 urbe
426 1242 461 1306 in
490 1248 603 1308 castra
631 1241 816 1323 venerant):
852 1241 989 1307 eadem
1021 1243 1097 1309 illa
1124 1242 1211 1328 (quaa
1234 1246 1268 1310 in

106 1349 192 1416 urba
215 1348 430 1432 accidissent)
459 1349 665 1432 querendo
689 1348 973 1436 docendoque,
1003 1357 1157 1433 quanto
1179 1353 1269 1419 visa

106 1479 228 1543 quam
267 1458 413 1524 audita
445 1456 682 1542 indigniora
714 1459 931 1543 potuerint
963 1458 1101 1524 videri.
1158 1459 1267 1537 Quum

104 1588 178 1632 rem
199 1572 363 1646 atrocem,
398 1565 451 1630 cui
472 1565 536 1649 ipsi
558 1564 777 1646 interfuimus,
800 1565 875 1631 aliis
897 1587 1079 1646 narramus,
1113 1567 1268 1633 docemus

106 1695 181 1740 eam
214 1671 319 1739 oculis
347 1673 529 1738 subiectam
551 1694 651 1757 quam
673 1673 822 1739 auditam
843 1673 1061 1758 indigniorem
1085 1683 1143 1739 aut
1165 1676 1268 1740 visam

107 1802 182 1848 esse
206 1787 266 1847 aut
286 1801 421 1847 neeesse
442 1780 544 1847 fuisse
566 1780 688 1862 videri3
710 1782 899 1866 potuisse
922 1781 1025 1847 videri
1041 1782 1268 1867 indigniorem,

105 1888 191 1955 nihil
214 1895 276 1969 est,
305 1889 393 1972 quod
416 1889 603 1969 doceamus,
626 1890 782 1972 quoniam
804 1889 838 1955 id
862 1890 904 1955 ad
927 1910 996 1954 rem
1018 1888 1102 1954 nihil
1124 1893 1269 1974 pertinet

105 2006 143 2064 et
176 2018 238 2082 per
272 2018 307 2062 se
341 1997 552 2082 intellegitur.
608 1997 724 2081 Itaque
753 1997 934 2063 absurdum
962 2002 1012 2063 est
1041 1989 1262 2082 potuerint,
1282 2009 1336 2077 (82)

105 2105 200 2191 quod
228 2126 328 2189 quum
350 2104 636 2172 Weissenbornius
666 2106 779 2191 aliqua
807 2127 846 2169 ex
874 2111 969 2191 parte
998 2107 1151 2186 sentiret,
1179 2107 1267 2185 fecit,

105 2211 198 2298 quod
230 2214 365 2298 sapius,
400 2233 499 2297 quam
531 2212 663 2294 vellem,
698 2214 731 2277 in
765 2212 888 2279 talibus
924 2212 1019 2293 facit,
1053 2220 1091 2278 ut
1126 2214 1269 2279 occultet

106 2319 340 2387 difficultatem
380 2322 600 2388 enarrationis
641 2322 753 2406 aliqua
787 2322 913 2406 specie,
954 2321 1036 2386 locis
1071 2321 1268 2403 quibusdam

105 2430 206 2514 quasi
238 2428 401 2500 similibus
429 2429 624 2515 adscriptis,
657 2430 691 2493 in
719 2429 853 2512 quibus,
888 2431 915 2494 si
944 2428 1132 2512 diligentius
1160 2435 1268 2495 atten-

108 2530 217 2619 deris,
244 2536 325 2604 nihil
348 2543 400 2603 est
422 2536 538 2602 simile.
588 2536 674 2603 Nam
703 2537 917 2621 potuerint
944 2537 1199 2621 interpretatur:
1234 2559 1269 2605 es

106 2646 196 2730 liege
224 2646 259 2710 in
288 2644 347 2711 der
367 2642 477 2710 Natur
499 2645 557 2710 der
580 2643 701 2726 Saehe3
729 2647 823 2730 atqui
846 2644 1038 2711 vertendum
1062 2645 1157 2729 plene
1181 2653 1268 2711 erat:

106 2776 144 2820 ee
167 2752 254 2836 liege
275 2754 309 2818 in
332 2752 391 2818 der
412 2752 520 2818 Natur
542 2752 601 2817 der
624 2752 740 2832 Sache,
764 2753 842 2819 dass
867 2774 901 2819 es
924 2752 1010 2818 habe
1032 2789 1077 2798 —
1098 2752 1267 2833 konnen,

105 2861 201 2948 quod
239 2860 413 2927 ridiculum
452 2869 517 2927 est:
556 2863 736 2946 requiritur
776 2862 876 2926 enim:
917 2860 994 2927 dass
1033 2882 1069 2926 es
1107 2861 1193 2926 habe
1226 2897 1268 2905 —

104 2974 282 3037 miissen.
337 2967 433 3047 Quod
457 2976 567 3034 autem
591 2975 761 3054 comparat
782 2970 823 3049 11,
850 2974 897 3049 16,
928 2973 962 3033 6:
997 2977 1039 3033 ut
1068 2969 1134 3034 diu
1162 2968 1268 3033 nihil

104 3077 205 3145 inde
233 3077 485 3144 rebellionis
514 3078 660 3144 timere
689 3085 872 3162 possent,
903 3077 937 3142 id
966 3078 1051 3143 hanc
1073 3076 1174 3142 habet
1197 3097 1268 3142 sen-

103 3187 264 3254 tentiam:
288 3192 326 3252 ut
346 3185 495 3251 liceret
518 3184 574 3250 diu
595 3185 784 3251 rebellionis
808 3192 897 3251 metu
922 3186 1145 3270 supersedere.
1179 3183 1269 3250 Nihil

102 3296 216 3380 igitur
252 3293 287 3358 in
325 3312 365 3358 eo
402 3292 475 3359 loco
509 3293 608 3359 huius
642 3293 767 3373 simile;
806 3294 936 3378 reliqua
975 3316 1040 3359 non
1078 3315 1268 3378 persequor.

104 3400 256 3487 Scripsit
282 3401 409 3467 Livius:
446 3406 597 3517 quantp
624 3402 926 3485 -indigniora
958 3401 1178 3483 oportuerit
1211 3403 1268 3467 vi·

136 3629 164 3698 ¹)
182 3628 250 3699 (lap.
276 3631 323 3697 44,
353 3630 371 3683 8
399 3632 477 3684 recte
503 3627 691 3698 Ingersleuius
724 3628 882 3683 orationem
907 3627 948 3682 sic
970 3627 1133 3696 descripsit:
1160 3626 1271 3681 Vocat

180 3713 331 3784 puellam
349 3713 384 3768 iu
401 3713 461 3767 ins.
500 3713 721 3781 Auctoribus,
746 3714 803 3783 qui
825 3712 982 3779 aderant,
1005 3716 1042 3767 ut
1060 3717 1269 3781 sequeretur,

181 3798 399 3855 adtribunsl
421 3798 526 3869 Appii
553 3804 756 3869 perventum
780 3803 838 3853 est
881 3798 1013 3853 Postulat
1038 3801 1172 3864 assertor3
1200 3814 1267 3851 eon·

180 3884 348 3941 cedentibus
372 3884 540 3941 adversariis
563 3882 609 3954 fit,
632 3884 709 3953 quod
726 3883 892 3954 postularat.
934 3881 999 3954 Gap.
1017 3885 1060 3951 49,
1079 3884 1096 3936 6
1114 3881 1191 3951 quod
1208 3882 1270 3951 ipse

181 3970 363 4028 smibeudum
389 3971 578 4026 conieceram:
605 3971 772 4040 Agitatus
796 3969 920 4025 deinde
945 3969 1116 4035 consiliis,
1144 3968 1178 4021 ad
1207 3981 1270 4035 que

182 4074 223 4113 ex
250 4056 345 4112 omui
370 4060 471 4126 parte
492 4055 721 4113 adsentiendo
744 4056 861 4110 multis
883 4054 1085 4111 auctoribus
1108 4051 1267 4122 trepida·

179 4147 291 4211 verat,
315 4144 472 4197 senatum
495 4148 669 4211 postremo
694 4141 811 4196 vocari
830 4141 948 4208 iussit,
970 4145 1070 4210 postea
1088 4139 1123 4191 ab
1142 4136 1269 4192 Strothio

181 4233 353 4299 occupatum
375 4226 442 4282 vidi.
487 4227 521 4283 In
546 4227 676 4283 codicum
702 4226 841 4296 scriptura
869 4227 933 4294 (etsi
961 4230 1061 4295 atque
1088 4239 1188 4292 reapse
1210 4236 1267 4275 non

180 4313 276 4369 differt
292 4315 328 4370 ab
347 4312 390 4367 ad
408 4311 492 4383 qiua)
510 4313 725 4383 perversissima
742 4317 786 4368 est
805 4312 942 4367 orationis
959 4309 1135 4380 progressio,
1158 4323 1271 4378 perser-

180 4399 320 4456 sissimum
337 4397 652 4470 plusquamperfectum.
