2994 5108
208 467 270 522 nis.
288 467 376 521 xxu.
758 452 819 512 296

296 638 392 722 *Cap
422 639 479 716 22,
510 640 549 700 13
578 635 649 719 (ubi
670 635 798 701 Abelux
820 633 953 702 Bostari
983 635 1114 716 suadet,
1143 643 1181 702 ut
1207 636 1368 723 Hispanis

209 747 340 814 obsides
367 744 516 825 reddat):
550 744 594 809 Id
622 749 662 808 et
689 743 883 828 privatim
905 744 1162 825 parentibus,
1196 766 1369 828 quorum

209 856 420 920 maximum
442 873 582 917 nornen
604 853 645 916 in
668 851 913 917 civitatibus
936 860 999 917 est
1021 854 1114 931 suis,
1139 862 1179 918 et
1200 855 1369 938 publice

210 961 376 1047 populis
404 968 563 1043 gratum
592 960 680 1024 erit.
737 958 775 1021 ln
809 958 981 1025 obsidibus
1015 961 1186 1045 capiendis
1213 983 1281 1028 non
1308 985 1368 1029 no·

207 1072 305 1137 minis
332 1069 420 1134 fama
448 1075 632 1153 spectatur,
665 1074 704 1132 ut
737 1087 851 1131 eorum
879 1073 1011 1132 tanturn
1039 1068 1136 1133 liberi
1164 1069 1365 1155 deligantur,

209 1179 267 1263 qui
288 1177 384 1242 iactis
408 1184 442 1241 et
461 1177 562 1241 rebus
585 1177 686 1259 gestis
709 1173 852 1241 illustres
874 1176 950 1254 sint,
973 1176 1032 1241 sed
1054 1198 1168 1242 eorum
1190 1179 1369 1263 capiuntur

208 1286 278 1366 filii,
307 1287 364 1368 qui
385 1284 564 1362 natalibus,
592 1284 724 1362 divitiis,
746 1284 996 1366 cognationibus
1018 1285 1158 1350 multum
1181 1286 1268 1352 inter
1290 1309 1369 1354 suos

209 1401 356 1478 possunt.
412 1392 450 1457 ln
483 1391 634 1458 barbaris
669 1391 802 1475 quidem
831 1391 984 1475 gentibus
1013 1393 1113 1457 etiam
1140 1393 1286 1477 ineptior
1314 1401 1368 1461 est

207 1500 279 1565 haec
300 1500 440 1566 nominis
463 1501 574 1582 magni
595 1501 728 1564 mentio.
779 1498 907 1565 Abelux
929 1499 1060 1565 Bostari
1092 1509 1267 1584 parentum
1293 1502 1369 1568 illo-

208 1630 280 1673 rum
314 1609 347 1671 in
381 1608 448 1673 suis
482 1607 671 1673 civitatibus
705 1609 787 1672 vires
821 1614 855 1672 et
887 1609 1118 1672 auctoritatem
1151 1609 1370 1692 proponebat,

209 1738 270 1801 pro
294 1715 621 1797 Carthaginiensibus
651 1721 814 1780 staturam
837 1716 899 1780 hoc
921 1722 1055 1799 accepto
1079 1716 1231 1781 obsidum
1253 1719 1369 1782 remis·

209 1845 320 1890 sorum
357 1823 525 1890 beneficio.
588 1823 706 1906 Itaque
745 1844 811 1888 non
848 1844 984 1901 nomen,
1026 1822 1085 1888 sed
1123 1831 1369 1890 momentum

208 1933 384 2016 agebatur,
418 1932 517 2015 idque
551 1931 746 1998 vocabulum
774 1951 795 1996 a
822 1931 913 1996 Livio
946 1932 1090 2014 positum
1124 1929 1225 1996 luisse
1261 1954 1368 2016 prope

209 2048 336 2106 certum
360 2048 421 2105 est.

124 2161 194 2229 (242)
299 2147 380 2232 Cap.
403 2151 455 2226 24,
479 2151 513 2211 8:
542 2146 667 2213 Simul
691 2154 729 2212 62
751 2168 824 2231 per
846 2168 991 2213 aversa
1013 2154 1149 2213 castra
1172 2169 1189 2212 e
1212 2149 1369 2215 castris

209 2255 456 2320 Hannibalis
484 2256 699 2338 equitatus
723 2253 921 2335 (Romanus)
944 2276 1030 2320 cum
1051 2254 1132 2319 levi
1154 2262 1370 2341 armatura

210 2365 378 2429 emissus
400 2364 439 2426 in
461 2363 782 2428 frumentatores
805 2361 889 2426 late
912 2363 1056 2428 eaedem
1071 2364 1287 2447 fugamque
1303 2363 1371 2429 ho·

209 2471 329 2535 stium
352 2470 585 2553 palatorum
606 2469 715 2535 feeit.
760 2469 797 2533 ln
819 2468 883 2534 hac
904 2470 1053 2535 codicum
1075 2472 1240 2555 scriptura
1264 2494 1370 2555 quum

208 2579 279 2643 iure
308 2577 520 2662 displicerent
547 2597 689 2642 aversa
719 2583 859 2642 castra
887 2579 1079 2643 66632313
1102 2579 1371 2660 Hannibalis,

208 2686 277 2752 lere
312 2708 350 2751 66
385 2686 559 2750 decursum
593 2692 656 2763 est,
690 2692 729 2750 ut
762 2686 994 2750 omitterentur
1026 2686 1127 2751 verba
1160 2708 1178 2751 e
1212 2688 1371 2752 castris

208 2793 350 2872 Hann.,
384 2794 447 2857 nisi
482 2792 573 2876 quod
596 2793 885 2859 Weissenbornius
915 2792 1040 2877 aliquid
1069 2795 1229 2859 excidisse
1259 2797 1370 2879 suspi-

209 2908 303 2966 catus
326 2908 393 2979 632,
422 2922 495 2982 quae
526 2900 670 2984 suspicio
692 2901 755 2966 hoc
779 2900 912 2983 quidem
933 2900 1019 2979 loco,
1048 2902 1104 2967 ubi
1127 2902 1209 2967 nihil
1232 2904 1371 2970 omnino

209 3011 251 3074 ad
280 3010 476 3074 sententiam
504 3007 699 3091 explendam
727 3010 907 3091 requiritur
936 3009 1200 3092 necquidquam
1224 3013 1373 3077 occurrit

209 3117 445 3201 supplementi,
479 3118 513 3180 in
543 3115 631 3199 quod
658 3115 717 3180 illa
745 3115 846 3180 verba
874 3123 950 3199 apte
979 3117 1206 3196 includantur,
1241 3118 1371 3183 nullam

208 3225 311 3290 habet
333 3224 613 3308 probabilitatem.
665 3221 731 3287 Sed
760 3223 889 3288 omissis
918 3223 984 3307 illis
1008 3245 1124 3308 parum
1146 3226 1269 3291 usitate
1292 3248 1369 3310 per

116 3380 120 3385 -
210 3353 350 3397 aversa
389 3338 527 3397 663233
566 3331 687 3396 dicitur
728 3330 768 3394 de
808 3351 925 3395 aversa
959 3340 1146 3404 ,castrorum
1187 3339 1281 3415 parte
1313 3334 1370 3400 vel

210 3440 319 3523 potius
343 3439 382 3504 de
406 3460 522 3503 aversa
544 3445 727 3502 castrorum
749 3443 864 3521 porta;
898 3459 1004 3520 neque
1028 3441 1112 3503 enirn
1135 3462 1205 3523 per
1228 3446 1373 3506 castra

210 3546 264 3628 (ne
291 3569 352 3630 per
380 3552 510 3630 partem
538 3545 672 3629 quidem
700 3544 898 3625 castrorum)
922 3547 1133 3626 emittuntur,
1167 3549 1223 3630 qui
1245 3550 1371 3615 6632313

210 3654 432 3737 egrediuntur.
462 3655 542 3719 llihi
566 3654 698 3736 quidem
721 3654 824 3718 multo
847 3654 1054 3737 probabilius
1077 3655 1206 3721 videtur
1229 3662 1374 3722 eastra

210 3785 231 3828 a
248 3763 335 3827 mala
351 3784 450 3827 manu
467 3763 654 3841 accessisse,
674 3783 775 3844 quum
791 3762 901 3826 Livius
918 3765 1115 3845 scripsisset:
1136 3785 1206 3845 per
1223 3783 1375 3832 aversa

279 4033 522 4087 Weissenbornius
540 4033 678 4087 tenuisset
696 4050 757 4086 eam
776 4033 975 4097 coniecturam,
995 4034 1023 4086 in
1042 4052 1126 4102 [luam
1145 4039 1209 4088 ante
1228 4033 1375 4091 inciderat

280 4136 418 4186 quamque
446 4134 497 4186 ego
526 4134 637 4186 quoque
665 4117 799 4172 feceram:
828 4135 888 4171 nec
913 4120 1133 4173 continentis
1157 4119 1257 4173 modo
1280 4136 1374 4188 33336-

281 4205 409 4257 1662332
436 4220 507 4270 636,
535 4204 589 4258 6231
616 4203 646 4256 id
673 4205 862 4272 compositum
886 4220 961 4256 nune
979 4203 1110 4257 Tacitum
1131 4205 1257 4273 primurn
1281 4204 1375 4260 habet

279 4295 389 4346 testem.
426 4288 541 4342 Passiva
559 4289 696 4342 orationis
714 4288 803 4343 forma
820 4288 911 4341 multo
931 4293 974 4343 est
992 4290 1103 4342 rectior.
