2994 5108
684 419 745 481 549
989 462 993 469 ·
1057 427 1120 482 Lib.
1138 425 1292 480 XXXVIII.

135 602 258 682 dium,
289 602 362 668 coll.
386 601 520 683 XXXII,
546 608 574 683 2,
600 608 615 668 1
640 611 674 668 61
701 601 851 682 XXXIII,
875 606 925 681 46,
949 604 985 680 9;
1008 597 1098 682 apud
1120 597 1294 681 Polybium

134 732 236 776 unuin
259 717 310 775 est
331 717 443 792 φόρους.
470 710 579 793 1865]
625 711 730 775 Ρ6116
758 717 833 792 post
858 708 889 792 (ἐ
915 709 967 789 1-1)
995 728 1109 771 verum
1136 726 1209 771 esse
1236 725 1294 769 ne-

135 818 218 900 quit,
243 817 330 899 quod
354 818 479 883 editur:
504 825 633 902 etpro
652 817 873 894 frumento,
898 814 1003 899 quod
1021 813 1294 880 estimatione

134 922 227 1003 fiat,
249 924 410 990 talenta
435 924 630 1005 CXXV113
654 925 723 990 haec
742 927 827 990 enim
844 925 990 989 relativae
1009 923 1169 988 orationis
1187 921 1295 986 forma

135 1032 255 1116 (quod
277 1066 321 1077 -
342 1030 434 1112 fiat)
457 1039 583 1097 66116111
606 1032 708 1097 habet
729 1033 777 1096 rei
802 1029 1110 1097 circumscribendae
1128 1026 1295 1112 significe-

134 1139 258 1206 tionem
282 1140 386 1222 (dum
415 1140 527 1204 modo
550 1141 593 1204 id
624 1141 898 1205 aestimatione
931 1138 1029 1218 liat),
1058 1137 1100 1201 ab
1130 1137 1192 1201 hoc
1221 1136 1294 1200 loco

135 1246 293 1326 alienam,
317 1268 417 1330 quum
439 1249 641 1331 praesertim,
666 1248 884 1312 aestimatione
913 1248 979 1311 iam
1002 1243 1201 1323 antefacta,
1226 1263 1295 1307 cer-

134 1359 173 1419 16
195 1355 343 1436 pecunias
366 1375 495 1419 summa
517 1362 670 1438 ponetur.
716 1353 743 1417 B
775 1361 808 1418 61
830 1354 907 1420 Lov.
934 1358 952 1417 3
981 1352 1141 1437 proflat
1168 1351 1294 1416 habent

136 1461 207 1539 sit,
243 1462 344 1527 ceteri
377 1460 686 1527 Drakenborchiani
721 1462 839 1543 (Voss,
875 1461 951 1526 Lov.
993 1465 1019 1540 1,
1058 1465 1088 1539 2,
1124 1465 1151 1539 5,
1187 1458 1294 1524 Mead.

138 1572 166 1647 1,
189 1574 219 1648 4,
242 1567 379 1650 Gaertn.)
397 1567 457 1647 fit,
480 1569 569 1650 quod
592 1569 830 1635 restituendum
852 1568 992 1647 videtur,
1015 1575 1053 1632 ut
1076 1565 1291 1650 significetur:
1309 1580 1381 1650 (446)

135 1674 180 1755 id,
205 1676 293 1758 quod
316 1677 534 1742 aestimatione
558 1676 699 1742 efficitur
721 1676 766 1756 (tt
788 1686 819 1756 η’,
841 1685 943 1757 τιμήσει
966 1673 1186 1758 wisorem

225 1781 303 1866 Cap.
327 1788 378 1863 41,
404 1788 422 1847 3
445 1792 480 1849 61
502 1805 562 1868 per
585 1807 619 1850 se
642 1806 794 1868 perverse
822 1785 1058 1867 impedimenta
1080 1782 1294 1867 impedimen·

136 1897 247 1956 torum
269 1891 361 1973 pars)
384 1891 542 1957 cecidisse
567 1893 721 1957 dicuntur
744 1899 777 1957 et
800 1914 898 1976 prave
921 1892 1157 1974 impedimenta
1185 1897 1219 1954 et
1241 1911 1295 1955 ca·

135 1997 228 2063 lones
252 1997 366 2063 eodem
389 1999 600 2064 ordine‘oum
623 2000 783 2065 militibus
807 2001 1060 2081 coniunguntur.
1096 1998 1229 2077 Vereor,
1253 2018 1294 2062 ne

136 2111 214 2190 post
253 2126 348 2189 pers
370 2107 546 2172 'exciderit
585 2110 738 2172 amissa
779 2115 889 2171 esset
923 2113 981 2172 aut
1015 2106 1120 2171 simile
1157 2105 1293 2188 aliquid.

137 2212 261 2295 (1865.)
318 2211 585 2297 [Wesenbergius
613 2215 730 2280 obiicit
764 2214 915 2280 Frontini
954 2212 1055 2279 Strat.
1094 2214 1134 2293 11,
1169 2218 1195 2293 1,
1238 2216 1292 2277 11:

137 2316 173 2385 G.
198 2319 345 2399 Caesar,
368 2342 486 2404 quum
509 2357 550 2367 —
573 2321 815 2388 interfectis
833 2323 1020 2389 omnibus
1037 2322 1295 2405 impedimen·

136 2428 194 2493 tis
217 2427 266 2492 ad
288 2448 460 2512 pugnam
485 2429 770 2494 descendisset
793 2437 872 2510 cet.;
896 2430 953 2494 sed
972 2428 1082 2495 Caesar
1105 2431 1176 2512 ipse
1199 2431 1232 2493 in
1256 2449 1297 2494 66

136 2555 174 2600 16
189 2535 356 2600 narranda
372 2535 409 2600 B.
429 2535 463 2600 C.
481 2536 506 2615 1,
525 2541 563 2600 81
584 2537 699 2602 habet:
721 2539 905 2602 iumenta
922 2537 1115 2603 interfici
1133 2537 1295 2617 iubent;

137 2643 251 2725 itaque
285 2651 345 2707 aut
378 2644 477 2708 etiam
511 2644 600 2728 apud
627 2645 822 2709 Frontinum
855 2644 1065 2710 scribendum
1098 2645 1295 2709 iumentis

138 2755 197 2815 aut
218 2750 289 2833 ipse
310 2751 427 2816 vitiose
450 2752 582 2816 locutus
606 2773 677 2817 esse
697 2752 881 2835 putandus;
905 2774 981 2817 narn
1000 2773 1048 2829 66,
1072 2773 1144 2833 quae
1165 2751 1295 2816 Ouden-

138 2856 274 2941 dorpins
297 2878 318 2922 6
341 2858 506 2923 Gronovio
531 2861 655 2943 scriptu
678 2860 813 2943 profert,
837 2880 954 2944 parum
971 2866 1061 2924 recte
1081 2880 1120 2923 ac
1141 2859 1296 2924 distincte

139 2964 314 3048 disputata
336 2972 422 3045 sunt,
445 2965 533 3031 velut
550 2967 638 3049 apud
657 2966 821 3032 Caesarem
840 2967 877 3031 B.
896 2968 934 3032 G.
959 2967 1028 3045 VII,
1052 2971 1092 3030 45
1115 2967 1212 3030 mulis
1235 2967 1295 3029 im-

137 3078 307 3156 ponuntur
329 3074 493 3138 muliones
516 3073 558 3138 ed
582 3075 726 3157 speciem
750 3076 899 3158 equiturn
923 3076 1059 3154 armati,
1083 3073 1295 3156 impedimen-

137 3181 181 3245 tis
204 3181 352 3263 impositi
375 3180 513 3245 ridicule
539 3181 753 3263 dicerentur]

223 3285 301 3370 Cap.
325 3292 376 3367 45,
407 3292 425 3350 6
458 3288 505 3369 (in
535 3289 685 3353 oratione
715 3289 750 3352 L.
775 3289 867 3354 Furii
897 3296 930 3354 et
959 3290 993 3353 L.
1023 3289 1148 3353 AEmilii
1177 3296 1294 3354 661116

138 3391 195 3458 Cn.
206 3393 365 3459 Manlium
382 3396 585 3479 triumphurn
597 3403 772 3479 petentem,
785 3397 842 3461 ubi
862 3399 1052 3475 ostendunt,
1066 3404 1176 3462 cetera
1196 3397 1293 3475 bella,

137 3520 210 3583 quae
229 3522 335 3584 nuper
356 3509 450 3585 gesta
473 3505 550 3581 sint,
570 3506 634 3568 rite
653 3510 772 3587 coepta
788 3511 822 3568 et
839 3504 964 3569 indicta
981 3505 1081 3587 esse):
1105 3505 1151 3570 de
1176 3505 1296 3569 omui-

138 3606 213 3673 bus
252 3607 315 3673 his
365 3611 595 3675 consultum
644 3617 850 3675 senatum·
879 3613 1071 3695 populum
1110 3614 1293 3690 iussisse,

138 3736 242 3799 saepe
265 3715 423 3797 legatos
446 3724 539 3781 ente
561 3717 724 3794 missos,
747 3738 810 3782 res
833 3721 1054 3802 repetitas,
1077 3728 1293 3803 postremo,

165 4034 225 4104 ¹)§
250 4038 266 4089 5
289 4042 366 4090 recte
393 4037 571 4091 Perizonium
601 4041 776 4108 suspicatum
808 4058 868 4094 esse
898 4040 1035 4094 excidisse
1067 4045 1209 4107 praeter,
1237 4057 1294 4092 non

205 4122 297 4175 solum
315 4122 448 4188 Polybius
467 4124 606 4192 ostendit,
635 4125 687 4177 sed
711 4125 869 4178 tralaticius
893 4127 922 4178 in
947 4126 1050 4179 talibus
1075 4125 1158 4177 rebus
1177 4124 1296 4177 cavendi

204 4223 275 4260 mos.
320 4206 379 4261 Nec
407 4208 499 4261 minus
523 4213 599 4263 16616
623 4227 689 4277 quo
713 4227 855 4278 qumque
878 4212 920 4277 (in
944 4228 1023 4263 suum
1048 4226 1165 4277 quaeque
1189 4210 1295 4276 locum)

204 4308 258 4360 pro
277 4309 350 4360 quau
370 4308 505 4360 qnoque
524 4295 609 4348 scribi
634 4295 725 4348 iussit.
764 4293 839 4363 [Cup.
859 4297 901 4361 39,
923 4298 953 4347 17
972 4294 1120 4362 Ussingius
1138 4295 1211 4349 vidit
1229 4298 1295 4347 ante

203 4394 240 4431 re
257 4377 396 4431 excidisse
413 4395 485 4432 res:
505 4379 645 4447 integra
664 4379 705 4432 ad
725 4387 883 4432 senatum
902 4395 955 4432 res
973 4380 1146 4433 relicitur.
1187 4378 1271 4445 1865]
