2994 5108
206 497 268 552 Lib.
286 498 360 553 XXI
753 488 816 550 264

206 693 341 755 prorsus
380 694 440 755 pro
480 671 642 738 adiectivo
681 679 732 738 est
770 679 804 738 et
842 675 1041 758 interposito
1080 673 1250 739 videbat
1284 672 1370 737 diri·

206 781 316 844 mitur.
366 779 452 844 Huic
482 779 702 863 copulationis
728 780 860 846 formae:
893 782 1037 867 lapsus
1066 788 1105 847 et
1128 780 1371 865 -emergit

207 886 363 971 (lapsus
412 886 618 972 facileque
664 889 863 972 emergit),
916 911 1014 973 quam
1053 890 1242 974 coarguisse
1281 887 1366 954 mihi

205 995 320 1061 videor
341 1017 407 1060 non
429 1017 492 1060 usu
514 1002 682 1079 receptam
704 993 814 1078 fuisse,
841 998 1022 1081 respondet
1044 1020 1062 1063 e
1085 997 1253 1064 contrario
1274 996 1369 1063 hac:

207 1111 347 1168 cast—ra
368 1105 494 1169 movit
516 1112 555 1169 et
571 1139 614 1149 —
631 1104 846 1188 profectus
869 1104 1107 1189 (statimque
1130 1103 1369 1190 profectus)

205 1232 278 1297 quae
307 1212 445 1276 eandem
468 1211 570 1277 habet
590 1211 867 1294 inaequalitatem,
899 1214 934 1277 in
957 1213 1064 1279 altero
1086 1213 1234 1279 membro
1257 1220 1369 1294 curta,

206 1328 240 1385 et
272 1320 436 1385 interdum
472 1321 728 1402 exspectationis
756 1320 1020 1401 frustrationem,
1054 1341 1270 1405 quamquam,
1305 1320 1367 1386 nbi

205 1427 361 1513 perbreve
402 1432 435 1492 et
468 1428 607 1512 simplex
641 1428 780 1493 alterum
814 1429 996 1494 membrum
1030 1435 1081 1494 est
1115 1428 1219 1508 (velut
1250 1428 1368 1493 huius-

204 1536 308 1602 modi:
337 1537 561 1619 statimque
589 1537 628 1601 in
658 1534 917 1620 Campaniam
945 1535 1195 1621 profectus),
1225 1535 1365 1604 offensio

203 1647 310 1710 minor
333 1650 393 1710 est.
443 1643 559 1727 Itaque
586 1666 627 1709 ne
656 1665 729 1709 eam
756 1646 888 1730 quidem
917 1645 1105 1728 suspicione
1135 1645 1228 1710 insta
1249 1665 1366 1711 carere

205 1759 304 1838 puto,
339 1774 440 1837 quum
468 1753 653 1836 praesertim
680 1752 753 1817 aliae
783 1770 913 1836 quoque
941 1754 975 1817 in
1004 1752 1169 1817 nonnullis
1195 1751 1280 1818 locis
1309 1773 1365 1818 ac·

204 1861 326 1925 cedant
358 1859 532 1925 dubitandi
565 1880 672 1925 causa
707 1868 740 1925 et
772 1861 933 1926 correctio
967 1860 1159 1945 plerumque
1192 1860 1366 1944 perfacilis

204 1970 257 2034 sit.
314 1967 397 2033 Sunt
425 1975 537 2033 autem
564 1967 634 2033 haec
663 1967 753 2051 apud
775 1967 901 2032 Livium
929 1967 1025 2032 huius
1054 1967 1279 2051 copulationis
1308 1960 1388 2034 ex·'

204 2075 363 2160 empla¹):
393 2075 447 2156 VI,
471 2081 521 2157 25,
547 2081 562 2140 1
588 2075 651 2157 (ad
673 2075 866 2141 tribunos
889 2075 1160 2156 adducuntur,
1184 2097 1364 2160 percon·

204 2185 473 2267 tantibusque
505 2183 623 2264 fassi,
656 2183 713 2248 ubi
745 2204 892 2267 praesens
927 2181 1112 2266 praecedit),
1146 2182 1221 2264 VII,
1259 2188 1287 2264 1,
1323 2188 1368 2249 lo

204 2293 289 2376 (par
320 2327 364 2337 -
396 2291 524 2358 titulo
557 2298 683 2356 tantae
716 2290 856 2374 gloriae
888 2290 985 2369 fuit,
1026 2290 1258 2376 dignusque
1291 2291 1366 2356 ha·

203 2400 329 2479 bitus,
359 2420 472 2482 quem
494 2435 537 2445 —
559 2398 745 2480 ferrent),
772 2399 829 2479 IX,
861 2403 909 2479 10,
939 2397 1245 2482 2(Magistratu
1266 2396 1365 2464 inde

203 2529 242 2572 se
279 2507 482 2591 extemplo
517 2507 834 2587 abdicaverunt,
873 2506 1103 2589 traditique
1139 2505 1368 2573 fetialibus

204 2637 289 2680 oum
320 2617 476 2680 ceteris
499 2613 694 2680 Gaudium
723 2614 923 2697 ducendi),
952 2613 1055 2695 XXII,
1079 2617 1130 2694 31,
1154 2617 1173 2677 6
1197 2613 1368 2696 (classis

203 2760 245 2768 -
268 2744 429 2788 cursum
457 2725 606 2802 tenuit,
635 2723 876 2806 traditaque
903 2721 1072 2806 Lilybaei
1100 2757 1143 2766 —
1170 2720 1364 2805 praetori),

203 2831 324 2911 XXIII,
344 2837 391 2911 10,
414 2838 427 2896 1
450 2832 540 2914 (qua
563 2833 720 2914 gratias
746 2832 891 2912 egit—,
910 2837 949 2895 et
966 2832 1077 2895 inter
1101 2836 1242 2895 cetera
1258 2849 1365 2911 mag·¹

203 2939 331 3004 nilica
360 2941 562 3022 promissa
592 2937 827 3021 pollicitus;
856 2959 918 3002 scr.
938 2938 1156 3022 pollicitus
1179 2937 1255 3020 est)
1284 2944 1319 3002 et
1343 2941 1366 3002 9

204 3048 475 3132 (perducitur,
503 3047 1368 3130 extemploqueimpositus-et—misans,

202 3164 279 3239 post
308 3154 481 3238 praesens),
515 3154 637 3233 XXIV,
675 3158 727 3234 18,
771 3159 806 3218 11
838 3153 1078 3236 (convenere
1108 3152 1156 3216 ad
1185 3174 1253 3218 eos
1280 3152 1369 3218 fre·

203 3270 391 3345 quentes,
436 3263 502 3346 qui
546 3261 673 3327 hastae
711 3261 830 3326 huius
868 3262 1030 3344 generis
1069 3260 1368 3340 adsueverant,

202 3371 443 3453 hortatique
461 3391 662 3448 censores,
688 3376 732 3434 ut
749 3369 880 3434 omnia
897 3375 974 3448 cet.;
999 3368 1284 3452 Pbortarique,
1301 3369 1368 3435 sed

200 3479 382 3543 infinitivus
404 3478 584 3542 historicus
607 3499 674 3542 non
699 3477 805 3541 minus
830 3475 974 3555 offendit,
1007 3475 1170 3559 longeque
1198 3476 1370 3543 diversum

202 3594 266 3650 est:
290 3587 367 3649 iam
390 3585 590 3650 tumultus
613 3585 1026 3663 erat—,sed—nemo
1045 3585 1153 3648 seire
1174 3583 1288 3664 (XXV,
1310 3589 1367 3666 10,

207 3692 253 3774 l);
274 3692 483 3757 scribendum
503 3692 646 3757 videtur:
674 3713 865 3756 censores
883 3698 982 3770 sunt,
1001 3699 1115 3771 ut—;
1129 3690 1225 3757 facile
1243 3694 1333 3757 inter
1352 3715 1373 3757 a

232 3930 257 3995 ¹)
276 3927 464 3998 [Removendi
486 3930 532 3984 hic
557 3946 668 3998 quoque
689 3929 710 3981 ii
736 3929 806 3996 loci,
829 3931 860 3983 in
883 3930 984 3998 quibus
1009 3929 1120 3984 diversa
1138 3931 1267 3984 subiecta
1287 3937 1373 4000 sunt,

270 4015 304 4083 V,
322 4017 365 4082 49,
384 4017 400 4068 6
416 4014 543 4082 (castra
561 4015 752 4083 capiuntur,
772 4020 805 4068 et
822 4032 862 4068 ne
880 4016 1025 4069 nuntius
1044 4015 1185 4084 quidem
1202 4015 1370 4085 relictus,

269 4101 317 4153 ubi
341 4106 478 4170 praeterea
500 4116 624 4168 praesons
646 4105 756 4169 tempus
774 4100 933 4168 praecedit),
955 4099 1005 4166 IX,
1034 4103 1074 4165 la,
1101 4104 1127 4168 ’7,
1149 4100 1254 4167 XXIII,
1284 4104 1328 4167 10,
1351 4105 1374 4158 9

270 4185 485 4250 (obvolutum
509 4188 613 4253 caput
631 4189 694 4253 est,
722 4186 888 4255 ociusque
905 4186 983 4253 rapi
1001 4214 1034 4222 —
1054 4186 1193 4254 iussus),
1216 4186 1304 4253 XXV,
1323 4191 1370 4255 82,

272 4273 318 4335 10,
343 4271 397 4324 etsi
423 4271 453 4323 in
479 4269 533 4323 hoc
559 4271 624 4323 loco
651 4271 680 4323 in
703 4271 894 4338 comparanda
916 4288 950 4324 ex
969 4288 1051 4339 aequo
1076 4270 1198 4326 duorum
1216 4273 1371 4328 hominnm

270 4354 381 4408 actione
399 4354 580 4408 vehementer
597 4353 714 4408 offendit
732 4355 928 4426 inaequalitas.]
