2994 5108
636 551 639 555 ,
688 490 748 551 739
779 469 782 477 ’
1131 504 1193 560 uis.
1212 504 1296 559 xcv.

145 674 251 739 vitat
274 673 375 756 (cod.)
398 679 509 757 potest
529 673 635 739 latere
666 676 884 741 exciverat.
930 674 1120 769 Sequuntur
1142 678 1176 741 in
1200 677 1298 743 oditis

145 781 295 865 (excepto
326 781 584 847 Weissenbornii
615 783 777 866 exemplo)
808 782 879 848 haec
907 781 939 866 (ᾖ
970 783 1038 866 12);
1069 783 1133 849 Ibi
1156 790 1195 849 et
1222 785 1298 850 Ro·

144 891 248 954 mani
271 889 543 956 Solovettium
566 889 708 955 ducem
731 890 943 957 Gallorum
967 890 1165 976 Synnadis
1188 890 1298 958 adlo-

143 999 227 1063 cuti
251 1004 290 1063 et
305 996 471 1064 Attalus
490 1016 575 1061 cum
594 998 651 1062 eis
671 998 899 1082 prof·eotus;
923 1000 992 1065 sed
1010 1005 1146 1065 castra
1165 997 1297 1064 Gallo·

142 1127 227 1170 rum
248 1108 405 1171 intrare
430 1126 515 1170 eum
543 1126 617 1170 non
648 1105 824 1190 placuit,
854 1128 901 1172 ne
931 1109 1052 1172 animi
1075 1128 1120 1172 ex
1144 1106 1298 1191 discep-

142 1214 303 1280 tatione
325 1215 613 1289 irritarentur.
657 1214 692 1278 P.
717 1214 900 1280 Licinius
929 1236 1014 1280 cum
1042 1214 1185 1298 regulo
1210 1214 1297 1279 Gal-

142 1321 275 1387 lorum
308 1329 371 1387 est
403 1322 567 1387 locutus
595 1327 656 1386 cet.
703 1321 798 1387 Ultra
832 1344 960 1388 omnem
992 1323 1126 1389 modum
1158 1322 1297 1388 ridicule

141 1430 280 1495 Romani
313 1430 387 1509 ibi,
421 1431 484 1495 hoc
517 1439 568 1495 est
598 1428 815 1510 Sardibus,
850 1429 1064 1497 Solovettium
1098 1430 1296 1516 Synnadis

140 1537 285 1603 adlocuti
305 1539 469 1618 dicuntur,
491 1538 589 1621 idque
609 1545 786 1623 antequam
804 1540 838 1603 in
856 1539 927 1604 eius
947 1547 1058 1604 castra
1075 1541 1294 1623 pervenerint3

143 1651 177 1710 et
194 1646 368 1711 subiicitur
384 1653 474 1712 recto
491 1646 578 1712 loco:
602 1648 636 1713 P.
653 1647 837 1712 Licinius
859 1681 903 1692 -
925 1654 985 1712 est
1006 1647 1183 1726 locutus,
1204 1654 1296 1712 recto

139 1755 238 1819 etiam
257 1754 371 1834 verbo,
395 1776 500 1839 neque
523 1757 609 1820 enim
632 1755 800 1820 adlocutio
817 1755 888 1819 haec
906 1761 987 1834 erat,
1010 1754 1067 1820 sed
1085 1755 1294 1840 colloquium.

138 1861 176 1926 In
199 1863 312 1927 codice
335 1870 400 1929 est:
424 1863 487 1929 Ibi
510 1865 681 1930 Romani
704 1884 789 1928 oum
812 1871 850 1928 et
869 1863 1137 1929 Solovettium
1158 1863 1296 1928 ducem

139 1968 348 2036 Gallorum
382 1969 592 2056 Synnades
626 1971 848 2036 adlocutus
881 1979 920 2036 et
953 1971 1063 2036 talus
1097 1976 1158 2036 cet.
1209 1969 1296 2035 Scri·

138 2077 285 2144 bendum
318 2080 420 2162 igitur
452 2085 572 2146 notata
604 2078 726 2145 lacuna
747 2078 936 2157 manifesta,
967 2080 1010 2143 ad
1032 2079 1117 2143 hanc
1139 2078 1295 2143 formam:

137 2185 198 2250 Ibi
227 2187 396 2253 Romani
430 2209 547 2270 quum
583 2187 875 2265 Solovettium,
910 2187 1050 2253 ducem
1076 2185 1296 2263 Gallorum,

138 2291 342 2379 Synnadis
372 2316 463 2360 esse
493 2297 811 2378 comperissent,
847 2316 891 2360 eo
921 2294 1133 2379 proficisci
1163 2293 1295 2358 decre·

135 2410 233 2467 runt
261 2404 305 2465 ad
329 2403 579 2483 colloquium
613 2403 782 2469 Attalus
806 2425 891 2467 cum
914 2405 972 2467 eis
992 2402 1202 2488 profectus
1225 2409 1295 2493 est3

139 2517 280 2576 castra
303 2510 517 2578 Gallorum
538 2514 697 2577 intrare
720 2503 804 2577 eum
828 2518 889 2576 cet.
913 2510 1001 2594 [Alia
1016 2512 1050 2576 in
1067 2510 1206 2577 eandem
1224 2531 1296 2574 sen·

137 2620 275 2683 tentiam
299 2626 430 2684 tentant
451 2619 620 2685 Hartelius
644 2625 678 2684 et
699 2617 976 2702 Wesenbergius.]
1021 2618 1191 2701 Postremo
1214 2617 1231 2701 ᾗ
1256 2622 1296 2681 14

139 2726 349 2791 scribendum
372 2734 434 2792 est:
460 2730 667 2793 nimirum
696 2726 832 2792 videri
860 2729 993 2813 possit
1015 2726 1089 2812 (pro
1124 2724 1294 2811 posset);

138 2855 178 2898 ex
209 2834 292 2898 Livii
325 2836 411 2899 enim
437 2856 595 2919 persona,
629 2855 688 2900 suo
711 2841 860 2919 tempore
889 2834 928 2900 dc
957 2857 993 2900 re
1021 2836 1189 2918 praeterita
1210 2833 1295 2899 iudi·

139 2942 261 3022 cantis,
284 2942 354 3007 haec
376 2942 469 3022 addi,
498 2950 612 3027 aperte
636 2943 780 3008 ostendit
802 2943 949 3024 fuisse,
973 2964 1048 3008 nam
1072 2942 1190 3007 Licinii
1211 2948 1294 3007 tem-

135 3070 215 3132 pore
237 3051 355 3114 mirum
377 3050 481 3116 videri
503 3056 648 3134 poterat,
671 3051 792 3116 nullius
815 3051 972 3116 momenti
995 3071 1085 3140 esee
1107 3050 1295 3133 legatorum

137 3156 247 3222 verba.
294 3158 396 3239 (Bene
425 3158 596 3224 nobiscum
630 3160 697 3242 egit
723 3158 871 3238 fortuna,
906 3179 977 3243 quae
1005 3163 1135 3224 servato
1165 3156 1293 3241 Polybii

134 3264 319 3350 fragmento
343 3268 427 3332 scire
449 3287 510 3333 nos
532 3266 644 3347 voluit,
668 3287 766 3352 quam
782 3266 992 3351 impudenter
1008 3261 1120 3331 Livius
1139 3266 1294 3331 admirari

136 3394 172 3439 se
196 3375 338 3454 simulet,
362 3373 495 3441 foedam
517 3375 741 3441 Romanorum
763 3375 914 3441 fraudem
937 3371 1132 3456 occultans.)

222 3482 301 3568 Cap.
327 3486 375 3563 35,
400 3488 434 3547 7:
464 3483 591 3549 Totus
612 3484 905 3550 Macedonicus
934 3484 1146 3549 exercitus
1168 3483 1289 3565 impe·
1307 3489 1378 3560 (616)

134 3592 264 3657 ratori
283 3597 375 3657 erat
395 3591 661 3674 neglegenter
683 3591 900 3658 adfuturus
919 3591 1097 3657 comitiis
1120 3590 1293 3656 ferenda

135 3698 243 3782 legis
267 3699 318 3780 (ut
339 3698 375 3763 L.
394 3699 537 3779 AEmilio,
562 3721 627 3784 quo
647 3700 700 3765 die
717 3700 833 3767 urbem
851 3699 1058 3786 triumphans
1076 3697 1294 3777 inveheretur,

134 3805 306 3890 imperium
330 3806 443 3889 esset).
478 3807 576 3873 Latet
598 3807 724 3893 aliquid
746 3807 864 3874 mendi.
899 3808 984 3873 Nam
1006 3813 1121 3873 totus
1144 3811 1183 3870 et
1204 3825 1292 3887 neg·

134 3913 322 3997 legenter
344 3914 563 3981 adfuturus
585 3917 672 3982 inter
694 3938 729 3983 se
751 3917 849 4001 plane
871 3922 1074 4001 repugnant3
1098 3912 1166 3980 Ser.
1184 3911 1292 3979 Galba

135 4021 265 4087 demum
289 4022 484 4102 stimularit,
508 4029 546 4087 ut
567 4022 754 4109 frequentes
777 4024 939 4090 adessent.
980 4023 1096 4107 Neque
1119 4023 1292 4105 impera-

133 4131 216 4194 tori
239 4130 396 4211 adesse,
420 4137 590 4213 tamquam
611 4133 646 4197 in
668 4133 817 4216 periculo
840 4133 1004 4211 versanti,
1028 4130 1209 4208 debebant,
1233 4127 1291 4194 sed

134 4239 342 4304 comitiorum
359 4239 412 4305 die
431 4242 562 4306 omnino
580 4240 706 4306 adesse.
741 4240 886 4306 Verbum
904 4245 995 4306 crat
1017 4235 1223 4304 incommode
1240 4257 1292 4300 re·

133 4351 277 4412 tractum
294 4355 344 4412 est
361 4355 438 4414 ante
460 4347 740 4432 neglegentem
764 4371 824 4434 pro
842 4371 880 4416 eo
897 4349 932 4413 in
950 4346 1020 4414 cod.
1039 4344 1194 4412 scribitur
1218 4344 1285 4409 ita.

1007 4465 1057 4520 47*
