2994 5108
721 482 761 545 23

160 688 272 734 errore
294 666 532 747 animadverso,
554 688 691 753 prorsus
713 667 781 733 fere
805 668 919 750 desiit;
941 691 1047 753 neque
1064 671 1160 747 enim,
1184 674 1317 739 sirecte

161 777 305 858 attendi,
338 786 456 863 postea
482 778 659 861 quIcquam
686 776 784 842 huius
806 779 935 861 generis
957 779 1121 863 reperitur
1142 781 1207 845 nisi
1229 781 1316 860 VIII,

161 889 182 950 3
210 886 282 950 init.
312 884 601 969 (ambiguitate
634 887 826 970 responsi
858 893 1039 969 quantos
1072 889 1317 954 vincerimus

160 993 381 1075 inimicos),
404 1015 431 1059 e.
455 998 506 1073 20,
531 998 560 1074 3,
584 1015 611 1058 c.
635 997 687 1073 23,
714 998 762 1059 10.
813 995 856 1059 In
873 994 931 1059 illo
955 995 1076 1076 codice,
1099 1017 1139 1061 ex
1161 1018 1226 1080 quo
1248 997 1317 1063 haec

161 1123 281 1187 sparsa
301 1110 505 1174 manserunt.
528 1109 723 1186 perpetuam
740 1101 928 1167 huiusmodi
944 1102 1190 1169 adnotationem
1206 1104 1317 1183 fuisse,

160 1217 418 1276 cousentaneum
440 1218 508 1290 est3
531 1210 629 1293 idque
653 1209 693 1274 de
717 1210 830 1275 codice
854 1210 1032 1296 archetypo
1056 1211 1230 1279 confirmat
1250 1215 1317 1279 iam

161 1320 357 1385 Parisisnsis
384 1340 451 1384 uno
472 1319 546 1384 loco
570 1339 644 1383 cum
666 1317 814 1383 Mediceo
837 1319 871 1382 in
893 1318 1084 1385 huiusmodi
1107 1342 1217 1386 errore
1240 1342 1318 1387 con·

158 1429 301 1514 spirans,
328 1428 387 1507 111,
409 1432 460 1506 49,
484 1431 503 1491 5
526 1426 589 1508 (Με
618 1425 773 1511 Appius
795 1426 918 1508 fugit,
947 1428 987 1492 P:
1017 1422 1315 1512 Appius'figit);

159 1537 264 1602 multo
288 1544 400 1602 autem
423 1536 545 1600 certius
568 1535 655 1600 idem
681 1557 721 1599 ex
738 1556 777 1601 eo
795 1535 976 1614 conficitur,
1000 1537 1088 1618 quod
1104 1538 1133 1601 is
1149 1535 1316 1616 librarius,

160 1645 219 1729 qui
249 1644 395 1709 codicem
416 1642 587 1710 Harleiani
615 1644 735 1727 prioris
757 1642 992 1727 Leidensisque
1019 1646 1139 1729 prioris
1169 1652 1204 1710 et
1226 1646 1317 1712 dete-

158 1754 285 1818 riorum
322 1752 418 1836 longe
450 1752 493 1817 ab
526 1752 591 1817 illis
626 1751 830 1817 diversorum
862 1759 1032 1836 parentem
1066 1775 1105 1818 ex
1138 1754 1317 1839 archetypo

160 1861 354 1945 descripsit,
383 1861 537 1940 subinde,
566 1860 625 1925 sed
648 1859 723 1925 aliis
745 1860 827 1925 locis
849 1860 883 1924 in
906 1859 1047 1925 eundem
1069 1861 1317 1926 adnotationum

160 1969 393 2053 marginalium
427 1969 569 2034 orationi
602 1967 849 2034 inserendarum
878 1990 1023 2034 errorem
1051 1969 1176 2034 incidit.
1232 1970 1317 2034 Nam

159 2077 222 2158 VI,
256 2082 292 2158 8,
327 2083 346 2142 9
377 2077 467 2142 Leid.
495 2082 508 2140 l
540 2083 574 2142 et
602 2076 694 2143 Harl.
726 2082 739 2140 l
772 2098 846 2141 cum
875 2076 952 2142 Lov.
977 2082 995 2140 2
1019 2084 1095 2143 et4
1123 2085 1158 2144 et
1179 2075 1318 2143 Hearnii

158 2186 291 2253 duobus
317 2186 548 2270 interponunt:
583 2183 921 2262 Quemadmodum
948 2183 1152 2251 Satricum
1183 2186 1316 2270 capia-

159 2302 228 2360 tur
250 2316 271 2359 a
293 2292 484 2375 Camillo;
517 2293 562 2357 VI
590 2299 702 2357 autem
727 2299 781 2372 14,
817 2297 855 2356 12
879 2292 966 2376 (quas
989 2293 1160 2360 adnotatio
1183 2294 1227 2359 ad
1249 2295 1384 2366 ini-(sa)

157 2404 245 2470 tium
267 2424 338 2487 cap.
365 2407 402 2466 15
425 2401 571 2486 pertinet
598 2407 632 2466 et
660 2401 708 2466 sic
736 2403 861 2486 scripta
884 2402 962 2466 olim
983 2401 1061 2467 fuit:
1091 2401 1205 2468 Cossi
1228 2402 1316 2467 dic-

159 2512 319 2577 tatoris
359 2531 578 2593 regressus
620 2508 670 2573 ad
709 2509 1037 2593 comprimendas
1071 2511 1316 2594 seditiones)

157 2641 237 2685 cum
265 2618 356 2684 Leid.
383 2624 396 2682 l
423 2617 513 2700 (nam
541 2617 582 2683 de
604 2616 697 2683 Harl.
723 2623 737 2681 1
768 2625 899 2683 tacetur
927 2619 993 2683 sive
1022 2625 1112 2684 recte
1142 2620 1209 2684 sive
1239 2640 1316 2684 con-

158 2727 296 2794 ferentis
320 2725 431 2811 culpa)
456 2727 699 2808 coniunguntur
720 2725 796 2792 Lov.
816 2731 845 2806 2,
869 2733 899 2806 4,
922 2727 986 2792 duo
1009 2725 1155 2807 Hearnii,
1177 2729 1211 2792 in
1228 2727 1315 2807 VIII,

157 2842 192 2916 9,
218 2839 267 2914 12,
289 2834 443 2900 Leidensi
468 2837 483 2897 l
509 2840 543 2899 et
563 2833 685 2899 Harl.l
712 2834 936 2916 adiunguntur
959 2834 1072 2901 decem
1090 2837 1148 2902 alii
1167 2835 1315 2901 Draken-

157 2943 335 3010 borchiaui
362 2948 484 3027 praeter
506 2941 708 3007 oxonienses
731 2940 868 3008 Hearnii
890 2941 980 3024 (add.
1003 2943 1091 3022 VIII,
1121 2948 1172 3022 31,
1201 2948 1230 3023 7,
1258 2943 1315 3023 IX,

157 3056 214 3133 46,
238 3051 308 3134 12);
330 3071 392 3116 nec
414 3050 590 3134 quicquam
612 3050 702 3115 aliud
724 3051 788 3115 nisi
808 3049 995 3116 huiusmodi
1012 3050 1182 3117 adnotatio
1201 3051 1316 3117 subest

156 3162 196 3226 in
216 3159 326 3225 verbis
349 3160 408 3240 iis,
437 3179 510 3242 quae
531 3158 591 3238 VI,
619 3165 648 3239 4,
681 3165 694 3222 1
720 3160 754 3223 in
776 3158 842 3223 illis
864 3158 993 3224 duobus
1017 3165 1050 3224 et
1070 3159 1147 3225 Lov.
1171 3164 1190 3223 2
1213 3160 1315 3224 iuter-

159 3273 346 3354 ponuntur:
380 3267 585 3352 premium
613 3266 661 3332 ad
689 3287 761 3332 nos
790 3266 867 3348 (fuit
895 3266 987 3331 olim:
1021 3267 1070 3332 ad
1100 3268 1314 3349 Romanos)

158 3375 441 3456 venientibus3
474 3376 620 3459 pertinet
643 3395 683 3439 ea
705 3374 748 3439 ad
771 3373 788 3457 ἓ
811 3379 846 3453 4,
880 3374 937 3439 ubi
960 3375 1000 3440 de
1024 3375 1155 3442 civitate
1179 3383 1213 3442 et
1234 3396 1314 3458 agro

157 3483 340 3568 transfugis
363 3483 441 3549 dato
464 3489 629 3548 narratur.
672 3482 711 3548 Id
734 3481 880 3548 dubitari
901 3480 1042 3549 fortasse
1064 3491 1183 3568 potest,
1206 3485 1314 3549 sintne

157 3614 203 3660 ex
224 3591 403 3677 archetypo
427 3591 591 3673 derivata,
624 3612 697 3675 quae
726 3592 761 3654 in
788 3591 903 3675 paucis
933 3612 973 3656 ac
1000 3591 1241 3658 recentioribus
1263 3613 1314 3658 re·

159 3707 262 3780 stant,
292 3705 331 3765 ut
352 3698 436 3765 illud
457 3699 528 3781 VH,
555 3703 608 3780 40,
638 3704 659 3763 4
682 3699 931 3784 colloquium
953 3699 1104 3766 Valerii
1133 3698 1252 3765 Corvi
1279 3700 1313 3765 in

158 3809 235 3882 cod.
265 3807 360 3874 Voss.
391 3811 423 3888 1,
452 3808 544 3874 Leid.
573 3811 609 3889 2,
636 3807 746 3873 Lovel.
771 3811 804 3888 l,
832 3805 876 3871 ad
905 3828 1002 3890 quem
1028 3807 1137 3874 locum
1165 3806 1313 3874 Draken-

158 3915 318 3983 borchius
340 3915 408 3982 alia
430 3936 471 4008 ex
492 3916 566 3982 aliis
589 3915 757 3981 codicibus
780 3921 1023 3982 commemorat.

247 4023 443 4090 Huiusmodi
470 4024 571 4107 igitur
591 4023 656 4090 fuit
678 4023 782 4089 codex
804 4023 1018 4109 archetypus,
1052 4024 1177 4109 etipse
1199 4023 1312 4089 multis

158 4131 244 4198 locis
270 4133 427 4198 mendose
454 4133 598 4216 scriptus
626 4139 660 4198 et
681 4154 747 4198 non
768 4131 966 4198 mediocrem
988 4131 1120 4198 errandi
1141 4132 1312 4197 materiem

158 4239 311 4325 prebens
333 4239 494 4320 librariis,
528 4240 648 4324 partim
671 4240 847 4319 eiusmodi,
878 4261 949 4322 quae
970 4240 1067 4306 facile
1089 4260 1201 4305 omnes
1224 4238 1312 4304 deci·

158 4354 257 4434 peret
282 4347 336 4432 (ut
358 4347 588 4433 supplementa
609 4348 759 4433 quadam
780 4369 881 4432 supra
903 4348 1056 4433 scripta),
1082 4348 1204 4432 partIm
1226 4346 1312 4413 eius·
