2994 5108
208 494 270 549 Lib.
288 492 389 550 XLIII.
755 478 816 541 668

209 665 325 731 mitia
364 662 600 731 consulibus
638 661 852 748 rogandis,
897 661 1037 728 ediderit
1075 659 1361 746 subrogandis.

208 774 290 840 Tum
313 772 531 840 intolerabilis
552 771 622 837 haec
640 775 692 838 est
708 771 862 855 repetitio
881 769 1092 836 substantivi:
1116 771 1285 836 comitia
1305 770 1362 836 ita

210 882 383 961 edicere,
407 884 451 946 ut
467 901 602 946 mense
620 878 817 967 Ianluario
835 879 1005 945 comitia
1022 878 1167 945 haberi
1183 885 1362 965 possent.

211 989 277 1056 Sed
298 989 333 1055 in
355 987 467 1054 codice
489 1009 555 1055 non
576 987 698 1071 legitur
719 985 878 1066 haberi,
912 985 972 1052 sed
993 992 1123 1052 tantum
1151 991 1197 1052 ut
1229 1007 1362 1054 menso

210 1098 290 1164 Ian.
315 1096 480 1162 comitia
501 1103 681 1181 possent.
727 1094 942 1162 Scribcndum
959 1101 1010 1161 eet
1030 1096 1140 1178 igitur,
1162 1095 1232 1161 nisi
1253 1094 1361 1161 fallor:

210 1212 253 1273 ut
275 1229 317 1272 m.
341 1205 365 1270 I.
389 1202 535 1269 cuflcl
562 1203 777 1287 possent.¹)
821 1203 946 1270 Eodem
978 1204 1085 1288 capite
1114 1201 1132 1287 ξ
1156 1208 1208 1284 11,
1231 1201 1292 1268 ubi
1312 1223 1363 1268 ex·

211 1315 354 1400 ponitur,
387 1312 466 1397 quid
498 1311 600 1394 legati
628 1333 646 1377 s
668 1311 864 1378 Macedonia
890 1311 1066 1378 redeuntes
1094 1311 1363 1392 renuntiaverint,

211 1424 258 1489 sio
280 1420 451 1493 scribitur:
489 1419 750 1503 Ignominiam
772 1418 936 1486 claudii
956 1421 1198 1487 temeritate
1221 1440 1363 1506 accep·

211 1537 293 1595 tam
315 1529 477 1595 elevare
500 1549 567 1594 eos
590 1534 730 1612 patres
753 1534 1014 1614 acceperunt,
1043 1528 1109 1611 qui
1131 1549 1362 1614 perpaucos

212 1637 353 1703 Italici
375 1637 537 1720 generis
570 1671 614 1682 -
645 1635 703 1702 ibi
730 1635 885 1702 milites
915 1637 1087 1702 amissos
1109 1635 1362 1703 referebant

211 1746 286 1811 Non
307 1766 347 1811 ex
370 1745 443 1810 aliis
464 1748 579 1828 patres
603 1744 865 1828 comperiebant,
893 1743 1020 1826 legatos
1036 1807 1039 1813 ,
1054 1745 1271 1827 ignominiam
1299 1744 1362 1812 cle·

211 1875 288 1920 vare
312 1852 361 1935 (id
383 1858 435 1918 est
457 1858 576 1930 autem,
612 1852 773 1937 accipere,
807 1853 951 1937 aliquem
984 1850 1110 1938 aliquid
1137 1851 1273 1935 facere),
1307 1850 1361 1919 ssd

212 1963 302 2046 ipsos
336 1982 446 2027 coram
480 1960 675 2042 audiebant;
709 1962 826 2027 omitto
859 1982 940 2043 eos,
973 1962 1042 2047 qui
1074 1982 1174 2045 prave
1202 1960 1258 2026 hic
1290 1959 1364 2046 poni

214 2069 291 2152 (nisi
313 2068 398 2134 forte
421 2075 574 2152 putamus
597 2075 709 2153 patres
732 2090 772 2135 ex
793 2068 914 2152 legatis
937 2070 1119 2154 accepisse,
1148 2069 1232 2135 alios
1255 2067 1363 2135 nascio

214 2198 296 2261 quos
318 2176 530 2260 ignominiam
552 2176 692 2258 elevare)
716 2184 750 2243 et
771 2178 806 2243 in
827 2177 891 2243 hac
913 2184 1079 2243 structura
1096 2175 1239 2243 relativa
1255 2196 1363 2245 necas·

214 2286 338 2351 sarium
376 2286 617 2352 coniunctivum
656 2305 729 2351 esse
769 2284 1011 2368 (referrent).
1056 2285 1117 2351 ffis
1151 2282 1362 2350 incommodis

214 2392 432 2474 medebimur,
477 2394 504 2459 si
544 2394 784 2478 scripserimus:
829 2394 1098 2479 Ignominiam
1142 2428 1187 2439 —
1224 2389 1362 2456 clevari

215 2501 384 2585 [levarit
410 2500 506 2585 1876]
529 2520 571 2564 ca
593 2508 731 2586 patres
753 2508 1007 2587 acceperunt,
1029 2502 1126 2580 qnod
1146 2536 1191 2547 —
1212 2499 1362 2568 referc-

214 2610 311 2675 bant
334 2607 409 2690 (hoc
432 2615 496 2688 est:
530 2609 628 2694 quod,
661 2616 699 2676 ut
725 2610 921 2690 referebant,
954 2610 1051 2694 pauci
1083 2611 1198 2675 amissi
1231 2608 1360 2689 essent).

215 2717 389 2801 (Quippe
413 2740 473 2802 pro
503 2719 566 2802 qui
595 2720 704 2802 posito
733 2741 798 2784 non
821 2718 950 2784 tollitur
970 2718 1086 2783 vitium
1108 2718 1142 2782 in
1165 2717 1218 2784 his
1242 2717 1359 2783 verbis:

214 2828 372 2893 elevare
403 2848 471 2892 eos
500 2832 771 2910 acceperunt.)
816 2827 970 2892 Extremo
994 2827 1100 2910 capite
1125 2823 1156 2908 (ᾗ
1182 2823 1236 2907 13)
1261 2827 1354 2891 miror

213 2942 334 3020 praeter
356 2936 507 3001 lacunam
529 2937 692 3000 neminem
714 2941 862 3014 notasse,
893 2934 1069 3000 admodum
1095 2935 1256 3000 inusitate
1285 2932 1356 2998 dici:

215 3045 456 3109 sacerdotes
494 3043 598 3106 lutra
632 3064 716 3108 eum
746 3065 888 3109 annum
916 3044 1083 3122 mortui,
1113 3065 1214 3127 quum
1243 3039 1358 3107 intelle·

213 3160 310 3236 gatur
333 3174 378 3217 co
403 3173 521 3218 anno.

300 3258 377 3343 Cap.
405 3264 451 3340 12,
477 3264 495 3323 3
518 3260 552 3324 in
576 3259 697 3323 codicis
721 3261 900 3343 scriptura,
937 3281 1009 3344 quae
1039 3259 1081 3325 ab
1112 3258 1294 3324 editoribus
1315 3275 1355 3320 re·

212 3374 305 3432 tenta
328 3369 396 3432 sine
421 3367 626 3433 dubitatione
650 3374 700 3431 est
723 3367 898 3449 (placuit
925 3402 968 3413 —
998 3368 1173 3433 decerni.
1219 3366 1263 3431 In
1286 3363 1352 3430 lla·

212 3476 422 3541 cedoniam
456 3474 939 3558 peditumfflomanorum
968 3475 1044 3556 cet.)
1070 3477 1188 3540 vitiose
1221 3475 1291 3540 duae
1310 3490 1350 3536 res

213 3585 245 3646 in
269 3605 370 3646 unum
395 3581 593 3662 conflantur;
616 3584 758 3667 primum
781 3585 867 3649 enim
891 3592 1024 3650 senatus
1043 3582 1230 3649 consultum
1246 3583 1349 3647 factum

237 3841 258 3899 ¹)
279 3837 440 3908 [Vahlsniua
459 3843 489 3892 et
502 3838 629 3892 Hertzius
647 3838 871 3893 emendationem
889 3839 981 3894 me'am
1000 3855 1085 3907 quum
1104 3837 1238 3894 adiuvare
1253 3833 1344 3895 vellent

279 3930 478 3994 corruperunt;
499 3941 564 3977 nam
582 3930 614 3978 ut
631 3925 728 3978 Livius
756 3924 900 3979 interdum
925 3940 1008 3977 voces
1035 3924 1149 3978 easdem
1174 3925 1252 3979 brevi
1277 3916 1345 3991 spati(

280 4015 407 4079 repetat,
435 4028 571 4079 nusquam
596 4015 690 4063 tamen
717 4011 757 4063 ita
776 4028 809 4064 ox
828 4010 981 4064 abundanti
1000 4010 1030 4061 iu
1048 4009 1149 4062 vitium
1168 4011 1233 4075 ruit,
1252 4012 1281 4062 ut
1296 4000 1343 4058 scri·

279 4096 339 4148 bat:
369 4096 513 4150 comitia
530 4096 581 4149 ita
601 4096 755 4163 edicere,
774 4100 810 4149 ut
828 4095 973 4150 comitia
990 4092 1056 4146 illo
1085 4099 1120 4146 et
1138 4094 1202 4148 illo
1220 4095 1271 4148 dia
1288 4087 1343 4144 siut

278 4180 376 4248 Itaque
394 4199 479 4249 prave
499 4185 680 4234 attrectatum
699 4186 751 4245 set,
771 4181 846 4248 quod
865 4180 894 4232 in
913 4178 1011 4233 codice
1028 4185 1106 4234 recte
1124 4181 1270 4243 scribitur,
1286 4187 1341 4246 pot·

282 4271 369 4331 sent,
388 4283 474 4335 prave
494 4271 643 4331 servatum,
663 4266 738 4334 quod
756 4282 809 4334 pro
828 4265 957 4319 confici
977 4282 1011 4318 ex
1029 4267 1177 4334 superiore
1191 4282 1270 4319 versu
1284 4269 1343 4331 prop

280 4356 324 4402 ter
343 4352 500 4417 primarum
518 4351 674 4405 litterarum
693 4351 905 4405 similitudinem
920 4351 1070 4419 subrepsit,
1096 4352 1249 4405 comitia
1281 4331 1343 4402 18⁶4]
