2994 5108
674 423 736 482 579
1139 433 1200 488 Lib.
1220 432 1278 487 XL.

123 608 186 667 cet.
222 600 277 666 Sic
299 603 368 667 haec
388 605 537 668 narratio
560 606 684 689 incipit,
709 607 804 689 quasi
826 604 862 667 A.
881 603 1069 669 Postumius
1087 611 1121 668 et
1139 604 1181 669 M.
1201 604 1279 668 Ful·

121 709 194 775 vius
218 712 384 775 communi
418 719 451 775 et
479 714 553 793 pari
580 713 718 795 imperio
748 714 908 777 exercitui
937 711 1142 793 praeiuerint,
1174 712 1278 778 donec

122 817 276 882 consules
310 819 473 898 venirent,
507 820 625 886 deinde
660 826 768 885 autem
798 821 840 884 M.
873 820 1005 884 Fulvius
1034 840 1099 883 non
1128 841 1188 901 pro
1217 820 1279 884 hoc

121 925 263 1010 imperio
287 926 369 1008 agit,
393 927 450 991 sed
480 936 516 991 ut
544 949 629 992 unus
653 950 692 992 ex
716 930 866 993 secundae
889 927 1027 1010 legionis
1050 927 1202 1007 tribunis,
1225 948 1279 991 ex·

121 1041 273 1117 spectato
307 1042 454 1119 tempore
488 1042 521 1100 et
551 1037 739 1115 occasione,
765 1058 863 1119 quum
895 1038 963 1101 suis
993 1036 1161 1101 mensibus
1194 1035 1280 1100 hanc

122 1164 224 1208 unam
256 1141 417 1225 legionem
453 1151 581 1226 regeret
615 1144 671 1225 (—
704 1166 779 1210 nam
815 1166 872 1228 per
906 1146 992 1209 vices
1026 1145 1149 1209 tribuni
1182 1143 1278 1210 binos

121 1271 252 1315 menses
279 1250 400 1333 legioni
427 1259 592 1336 praeerant
619 1251 685 1333 —),
714 1253 873 1335 legionem
902 1252 1065 1318 dimisisse
1089 1253 1209 1317 dicitur
1231 1252 1279 1315 id·

121 1379 186 1441 que
209 1359 280 1424 eius
302 1359 426 1425 facturn
450 1362 486 1424 Α.
505 1360 693 1425 Postumius
717 1383 775 1443 pro
798 1363 935 1445 imperio
953 1361 1179 1444 reprehendit;
1202 1360 1279 1424 Ful-

120 1467 195 1531 vius
224 1467 259 1531 in
280 1465 474 1551 Hispaniam
501 1469 590 1533 ultra
612 1467 847 1552 Carthaginem
869 1469 993 1534 Novam
1028 1470 1194 1551 relegatus
1218 1475 1278 1546 est,

119 1580 291 1657 tammam
314 1577 372 1659 qui
395 1577 470 1659 plus
488 1577 550 1641 sibi
573 1578 653 1642 iuris
677 1585 875 1660 arrogasset,
899 1599 998 1659 quam
1019 1577 1167 1643 haberet.
1203 1576 1279 1641 Per·

120 1682 271 1767 spicuum
294 1692 346 1750 est
368 1686 483 1769 igitur,
508 1706 607 1749 unum
632 1686 666 1748 Α.
691 1685 893 1750 Postumium
917 1687 1076 1751 exercitui
1098 1684 1279 1768 praefuisse,

120 1791 270 1858 Fulvium
299 1793 423 1859 nullam
456 1793 545 1872 ultra
577 1795 784 1858 tribunatum
818 1793 960 1858 militum
988 1800 1188 1876 potestatem
1221 1792 1279 1857 ha-

119 1899 233 1967 buisse
263 1900 429 1986 [idemque
459 1904 634 1986 perspicue
668 1901 839 1967 confirmat
869 1902 976 1967 Valer.
1005 1903 1091 1967 Max.
1115 1901 1156 1981 Π,
1180 1906 1208 1980 l,
1233 1899 1277 1983 5].

118 2008 191 2075 Iam
213 2010 247 2074 in
276 2010 421 2076 editione
443 2011 638 2094 Moguntina
659 2011 693 2074 in
722 2010 816 2075 initio
844 2011 909 2076 loci
938 2009 1034 2075 abest
1061 2010 1168 2092 ipsum
1196 2009 1279 2073 illud

118 2122 160 2182 et
171 2115 264 2198 (ante
281 2117 437 2201 frater),
460 2142 525 2203 quo
543 2118 705 2183 Postumii
723 2125 757 2183 et
775 2118 817 2182 Μ.
835 2118 941 2183 Fulvii
958 2119 1093 2183 nomina
1108 2124 1277 2202 tamquam

118 2225 252 2305 parium
279 2226 492 2310 copulantur;
525 2226 643 2291 deinde
673 2233 783 2291 autem
818 2227 921 2314 (quod
955 2248 976 2291 a
1008 2224 1277 2292 Drakenborchio

118 2333 305 2416 neglectum
359 2335 530 2401 adnotavit
575 2336 782 2419 Kreyssigius
821 2336 864 2400 ad
903 2335 985 2399 Livii
1024 2333 1098 2398 libr.
1136 2332 1278 2397 XXXIII
1384 2347 1386 2351 ·

118 2463 151 2525 p.
181 2439 300 2524 CXXI)
334 2445 503 2509 scribitur:
543 2445 577 2509 is
612 2450 702 2508 erat
735 2442 944 2509 mensibus
979 2442 1072 2524 (nonz
1107 2449 1212 2521 erat;
1245 2443 1281 2507 is

117 2551 342 2632 mensibus)
391 2551 476 2617 Hinc
506 2554 652 2618 nascitur
674 2552 745 2617 haec
775 2553 952 2617 correctio:
988 2585 1030 2595 —
1057 2556 1220 2631 preerat
1241 2550 1278 2614 A.

117 2656 364 2726 Postumius.
409 2660 552 2727 Frater
582 2660 619 2738 Q.
648 2661 784 2726 Fulvii
806 2660 849 2726 Μ.
884 2659 1053 2724 Fulvius
1086 2659 1281 2725 Nobilior

116 2765 319 2849 (secundae
341 2769 519 2851 legionis
544 2771 738 2835 tribunus
760 2768 938 2834 militum
960 2769 994 2832 is
1013 2767 1114 2848 erat)
1135 2768 1279 2832 mensi·

117 2877 192 2944 bus
215 2876 301 2942 suis
325 2876 480 2942 dimisit
502 2877 699 2959 legionem
723 2884 785 2944 cet.
831 2876 933 2941 Omisi
961 2895 1081 2939 nomen
1108 2873 1279 2939 Fulvius

117 3004 231 3051 errore
254 2992 312 3050 aut
334 2986 566 3070 interpolando
589 2992 666 3068 post
686 2985 866 3067 legionis
888 2983 1073 3066 repetitum.
1109 2980 1144 3047 Si
1166 2983 1200 3047 in
1224 3005 1277 3049 co·

117 3092 192 3159 dice
203 3092 278 3173 luit,
290 3095 379 3176 quod
391 3094 574 3160 Frobenius
588 3093 708 3158 edidit:
721 3095 865 3171 eratis,
878 3092 978 3156 scribi
996 3089 1108 3154 debet:
1131 3089 1279 3155 Frater

117 3200 155 3280 Q.
179 3200 313 3267 Fulvii
336 3203 379 3267 M.
402 3204 573 3268 Fulvius
603 3201 699 3268 Nob.
730 3200 913 3266 secundae
942 3199 1121 3281 legionis
1151 3199 1278 3265 tribu·

117 3332 193 3379 nus
223 3312 399 3377 militum
429 3319 533 3392 erat;
566 3313 600 3375 is
628 3310 835 3375 mensibus
865 3308 950 3373 suis
979 3313 1050 3386 cet,
1072 3306 1171 3390 idque
1194 3328 1276 3390 prae·

117 3426 202 3500 stat3
237 3421 318 3486 satis
342 3421 427 3485 enim
451 3421 594 3503 abrupte
623 3419 724 3502 ipsius
747 3418 790 3482 M.
815 3417 920 3481 Fulvii
948 3414 1028 3481 facti
1059 3417 1206 3480 narratio
1228 3417 1277 3480 in·

117 3528 215 3614 cipit,
238 3528 384 3594 nondum
406 3530 569 3607 indicato,
600 3527 681 3611 quid
703 3527 733 3591 ei
756 3527 790 3590 in
813 3527 958 3591 exercitu
980 3524 1045 3589 loci
1073 3522 1184 3589 fuerit.
1229 3525 1277 3589 De

117 3625 261 3725 psa're
298 3644 332 3701 et
364 3637 404 3702 de
434 3637 544 3702 Fulvio
578 3658 598 3702 a
631 3636 801 3701 Postumio
836 3632 1036 3716 seiungendo
1070 3631 1276 3716 (praeerat)

117 3745 210 3815 iulla
232 3744 398 3810 dubitatio
433 3751 492 3811 est.
538 3744 640 3810 Paulo
670 3751 747 3828 post
775 3742 805 3825 (ᾖ
832 3743 884 3824 ll)
913 3742 1037 3807 editur:
1071 3761 1197 3805 causa
1218 3743 1275 3823 ig-

117 3853 306 3923 rominiae
327 3889 370 3897 —
393 3854 615 3933 decretum,
650 3858 684 3916 et
705 3851 820 3917 eodem
850 3850 946 3915 modo
970 3870 997 3914 c.
1021 3855 1072 3927 44,
1098 3853 1138 3911 10
1161 3848 1274 3912 scribi-

117 3985 189 4031 mr:
222 3981 273 4026 ne
302 3962 429 4026 maior
459 3961 625 4044 (pecunia)
649 3980 773 4027 causa
800 3958 989 4024 ludorum
1020 3976 1276 4021 consumere·

117 4092 192 4139 mr.
239 4068 398 4152 Apparet,
433 4068 518 4132 hunc
547 4069 656 4150 ipsum
683 4088 877 4133 coneursum
899 4066 934 4129 in
956 4065 1020 4130 hac
1041 4069 1136 4147 parte
1160 4064 1269 4147 operis
1288 4064 1361 4136 (474)

117 4206 151 4247 ex
177 4198 247 4244 nno
269 4178 400 4256 codice,
425 4177 482 4261 qui
504 4178 569 4241 iam
592 4197 658 4241 non
687 4181 812 4266 exstat,
842 4175 947 4253 edita,
970 4193 1070 4256 quum
1093 4171 1219 4236 nullum
1242 4173 1276 4236 in

117 4288 243 4373 'eliqua
261 4285 342 4351 Litii
360 4306 458 4368 opere
475 4284 657 4371 exemplum
675 4285 719 4349 sit
733 4283 858 4349 insoliti
876 4281 963 4346 illius
981 4279 1105 4375 ordinis
1123 4278 1235 4362 (caus
1255 4300 1276 4344 a

993 4398 1043 4454 87*
