2994 5108
270 492 332 547 Lib.
353 492 399 546 IX.
822 483 882 542 212

182 673 253 740 (179)
360 666 438 750 Cap.
465 671 513 730 19.
566 665 703 731 Duobus
726 667 758 729 iu
781 664 845 730 hoc
867 667 975 749 capite
999 665 1234 732 additamentis
1256 672 1358 731 aucta
1379 673 1431 732 eet

269 776 352 839 Livii
375 775 495 853 oratio,
530 796 668 856 quorum
697 774 837 838 alterum
867 775 901 837 iu
924 773 941 856 ξ
964 781 985 838 4
1009 774 1243 856 (Samnites)
1266 775 1332 839 ianr
1353 781 1432 859 post

268 884 436 948 Dobreuur
460 905 479 947 a
503 882 768 947 Weissenbornio
791 883 838 946 ita
860 883 955 947 video
979 885 1178 963 convictum,
1207 888 1245 948 ut
1266 881 1351 948 nihil
1372 882 1431 948 ad·

270 992 412 1056 deudum
437 991 629 1070 existimem,
652 993 714 1054 uisi
740 991 828 1074 quod
845 991 903 1071 illi,
928 1013 995 1056 non
1014 998 1199 1076 perspecto,
1223 991 1304 1074 quid
1326 990 1431 1057 codex

268 1101 467 1183 archetypus
497 1101 530 1163 iu
559 1099 622 1163 hoc
644 1121 762 1182 genere
785 1121 905 1183 passus
930 1106 1033 1179 essct,
1069 1101 1307 1182 quaesiverunt,
1341 1099 1431 1184 qnod

268 1208 509 1273 substituerent
534 1208 666 1272 sublato
690 1207 859 1272 vocabulo.
905 1208 1057 1273 Alterum
1079 1229 1184 1288 nemo,
1208 1208 1296 1291 quod
1319 1210 1430 1289 sciam,

269 1318 457 1401 suspicione
486 1317 612 1399 attigit,
645 1317 708 1381 etsi
736 1337 802 1381 uon
832 1317 940 1381 minus
964 1316 1173 1381 manifestum
1196 1317 1294 1400 est.¹)
1345 1316 1433 1384 Nam

269 1426 326 1491 ubi
349 1426 475 1503 Livius,
506 1447 526 1489 a
549 1424 756 1506 digressione
785 1423 825 1488 de
848 1425 1037 1490 Alexandro
1059 1425 1180 1508 Magno
1203 1447 1238 1491 se
1261 1446 1431 1506 revocans,

268 1536 391 1599 invicta
414 1536 638 1599 Romanorum
668 1554 761 1598 arma
791 1532 934 1612 extollit,
963 1532 1032 1598 haec
1057 1535 1181 1617 scripta
1203 1540 1281 1598 suut
1303 1531 1334 1616 (ξ
1359 1534 1431 1617 15):

268 1645 389 1708 Absit
416 1642 573 1708 invidia
601 1641 722 1707 verbo
750 1647 792 1706 et
818 1641 962 1706 civilia
988 1642 1102 1707 bella
1131 1643 1300 1729 sileant3
1332 1664 1432 1710 nun·

269 1774 385 1837 quam
422 1751 469 1816 ab
508 1752 647 1835 equite
680 1750 817 1829 hoste,
850 1771 1056 1833 uunquam
1090 1751 1295 1835 apedite,
1328 1772 1432 1816 nun·

269 1883 383 1944 quam
418 1867 561 1943 aperta
597 1860 702 1938 acie,
742 1879 944 1941 uunquam
979 1859 1121 1943 aequis,
1155 1861 1299 1943 utique
1331 1881 1433 1925 nun·

269 1991 387 2051 quarn
415 1969 573 2032 nostris
595 1967 700 2032 locis
722 1967 1012 2032 laboravimus
1066 1967 1100 2033 Si
1123 1988 1229 2050 neque
1252 1968 1295 2035 ab
1319 1969 1433 2051 equite

269 2095 376 2161 neque
400 2099 420 2141 a
442 2077 554 2160 pedite
577 2076 672 2140 hoste
696 2076 836 2140 Romani
860 2097 1005 2158 uuquam
1027 2076 1233 2157 laborarunt,
1261 2097 1435 2160 nunquam

270 2187 402 2250 omuino
444 2186 595 2249 terrestri
627 2184 715 2247 bello
749 2184 954 2250 laborarunt.
1017 2184 1131 2250 Mirari
1165 2192 1276 2251 tamen
1309 2186 1435 2269 aliquis

269 2295 387 2376 possit,
421 2301 492 2357 tam
525 2301 690 2357 recentem
721 2291 832 2357 Crassi
867 2292 975 2358 cladis
1008 2295 1042 2357 iu
1075 2294 1206 2359 Parthis
1240 2296 1435 2362 memoriam

269 2402 360 2466 Livio
383 2422 449 2465 nou
474 2402 675 2473 occurrisse,
710 2421 810 2482 quam
843 2403 877 2464 in
900 2402 1032 2467 Horatii
1061 2404 1170 2467 auimo
1199 2410 1268 2468 tam
1297 2403 1434 2470 infixam

268 2510 449 2575 rideamus.
505 2510 548 2573 At
576 2510 649 2573 vide
672 2509 766 2587 mihi,
802 2509 882 2592 quid
904 2509 1015 2575 Livius
1044 2510 1217 2576 subiiciat:
1252 2512 1434 2593 Equitem,

269 2618 450 2698 sagittas,
480 2618 615 2682 saltus
644 2619 880 2701 impeditos
909 2621 1000 2683 avia
1022 2620 1319 2687 commeatibus
1342 2621 1436 2688 loca

270 2729 405 2810 gravis
445 2728 569 2790 armis
609 2727 724 2792 miles
758 2728 902 2792 timore
936 2733 1085 2810 potest.
1153 2729 1246 2813 Ipsos
1280 2736 1436 2796 tenemus

272 2837 430 2913 Parthos,
467 2834 524 2900 sed
555 2835 649 2899 simul
675 2836 802 2900 Livium
825 2837 858 2900 iu
882 2836 1074 2901 breiissimo
1097 2837 1273 2902 verborum
1296 2839 1434 2920 ambitu,

269 2947 303 3009 in
328 2944 593 3009 elaboratissimo
616 2945 784 3023 oratioue,
812 2946 844 3007 in
868 2945 1042 3009 contrariis
1066 2946 1152 3010 inter
1176 2967 1210 3010 se
1233 2946 1277 3011 ad
1298 2947 1434 3014 lectoris

270 3055 414 3118 animum
437 3051 621 3117 feriendum
645 3052 895 3135 diligentissime
919 3055 1110 3136 compositis
1129 3053 1185 3135 (-
1201 3077 1277 3121 uam
1301 3057 1432 3121 saltus

270 3162 459 3246 impediti
500 3168 534 3225 et
573 3163 666 3225 arvia
705 3161 797 3226 loca
838 3162 1039 3245 respondent
1072 3171 1225 3246 aperta
1258 3165 1367 3229 aciei
1400 3171 1433 3230 et

271 3270 375 3336 locis
405 3270 545 3351 eequis,
577 3271 736 3334 nostris
770 3268 826 3350 —)
858 3277 973 3353 aperte
1003 3278 1037 3336 et
1059 3272 1196 3337 ridicule
1220 3294 1331 3338 secum
1353 3295 1432 3358 pug-

268 3387 411 3456 nantem,
441 3385 478 3441 ut
500 3378 581 3442 nihil
604 3399 687 3461 opus
710 3380 753 3442 sit
776 3379 907 3456 addere,
936 3381 1065 3444 Livium
1089 3403 1183 3444 omne
1208 3383 1430 3446 Romanorum

270 3485 374 3552 robur
396 3488 430 3550 iu
454 3487 564 3569 pedite
588 3486 715 3569 (gravi
744 3489 867 3551 armis
897 3487 1045 3569 milite)
1069 3491 1269 3554 constituere
1293 3511 1431 3575 eumque

270 3617 343 3660 curu
366 3594 583 3659 Macedonum
612 3595 774 3677 phalange
804 3617 1014 3679 comparare,
1050 3598 1189 3662 statario
1220 3599 1300 3662 item
1329 3597 1431 3662 milite

271 3702 354 3786 (ξὸ).
381 3703 520 3786 [Eodem
538 3705 684 3787 pertinet
703 3703 800 3768 illud:
819 3704 961 3768 civilia
980 3705 1093 3769 bella
1111 3706 1281 3785 sileant3
1304 3727 1382 3771 narn
1398 3706 1431 3771 iu

270 3814 321 3878 his
346 3834 367 3876 a
389 3811 558 3896 peditibus
583 3813 747 3877 Romanos
779 3814 883 3876 victos
909 3812 1043 3877 diffiteri
1068 3837 1133 3878 uon
1156 3821 1289 3897 poterat
1312 3813 1430 3892 Livius,

269 3922 326 3987 sed
350 3945 370 3986 a·
392 3921 559 4004 peditibus
589 3922 670 4004 ipsis
701 3919 883 4002 Romania]
929 3921 1043 4002 ltaque
1066 3921 1177 3986 Livius
1205 3922 1275 3986 haec
1302 3929 1430 3988 tantum

270 4030 414 4095 scribere
443 4029 568 4112 potuit:
598 4065 642 4073 —
665 4029 836 4097 sileant:
865 4051 1065 4111 nunquam
1096 4053 1115 4094 a
1145 4032 1302 4114 pedite,
1333 4052 1430 4096 nun·

300 4283 323 4347 ¹)
344 4280 498 4351 [attigerat
528 4283 686 4347 Strothius,
716 4293 878 4340 correxerat
902 4286 1044 4352 Dobrous‚
1072 4288 1150 4339 cuius
1169 4286 1346 4341 Adversariis
1364 4286 1431 4356 ipsis

339 4386 363 4421 a
385 4371 451 4423 1860
470 4370 511 4423 uti
530 4388 589 4425 non
608 4369 709 4439 potui]
