2994 5108
224 488 286 545 Lib.
304 488 404 544 XXXI.
769 477 832 538 468

224 660 240 744 5
264 664 293 739 9,
315 660 372 725 ubi
392 662 438 725 sic
457 661 628 726 scribitur:
652 661 910 726 Damocritus
928 664 1086 743 praetor,
1109 661 1175 744 qui
1194 678 1311 724 morae
1328 657 1379 722 ad

224 768 516 833 decernendum
538 768 693 832 bellum
715 768 762 832 ad
785 767 1042 850 Naupactum
1065 773 1209 833 auctor
1230 766 1377 844 fuerat,

222 874 317 940 valde
351 877 518 960 suspicor,
554 875 730 941 delendum
763 896 835 940 esse
869 873 1066 940 vocabulum
1094 882 1255 952 auctor,
1289 872 1378 938 mala

221 983 462 1067 interpretandi
496 984 673 1048 sedulitate
702 982 852 1048 additum
880 980 958 1064 (vid.
988 981 1032 1047 ad
1064 981 1217 1062 XXXIV,
1245 984 1302 1060 23,
1331 979 1375 1061 2).

221 1088 307 1156 Nam
334 1111 448 1156 morae
477 1113 564 1157 esse
594 1091 642 1156 ad
670 1090 827 1175 aliquid
855 1095 944 1155 recte
968 1095 1001 1154 et
1022 1091 1146 1155 usitate
1169 1089 1306 1167 dicitur,
1338 1095 1377 1153 ut

222 1197 270 1263 ad
305 1218 379 1263 cum
407 1197 508 1279 verbo
537 1200 770 1281 coniungatur3
805 1204 950 1264 auctor
984 1217 1100 1261 morae
1133 1197 1181 1261 ad
1215 1194 1376 1279 aliquid

221 1304 464 1386 faciendum,
498 1313 535 1370 ut
563 1307 612 1371 ad
636 1308 854 1388 coniungatur
876 1326 950 1370 cum
972 1306 1123 1388 genetivo
1146 1324 1278 1384 morae,
1309 1323 1376 1368 non

219 1417 311 1477 recte
334 1412 462 1478 dieitur.
509 1413 677 1497 [Auctor
700 1414 857 1479 omittunt
879 1411 974 1478 codd.
997 1412 1074 1477 Lov.
1099 1415 1118 1476 2
1142 1419 1175 1477 et
1196 1408 1304 1495 Harl]

307 1520 385 1605 Cap.
409 1525 465 1601 41,
494 1526 528 1599 8,
562 1522 619 1585 ubi
649 1521 742 1585 codd.
767 1527 801 1585 et
828 1521 1014 1604 superiores
1038 1519 1111 1585 edd.
1135 1519 1261 1584 habent
1282 1517 1375 1584 sub·
1416 1584 1422 1589 .

219 1628 416 1693 iicientes
438 1650 520 1696 -eos
555 1636 693 1693 castra
722 1628 914 1694 Phaecado
946 1628 1053 1708 urbi,
1088 1626 1375 1693 Weissenbornius

219 1744 330 1800 autem
352 1735 497 1800 Phaecae
520 1735 614 1800 urbi
637 1737 783 1819 scripsit,
816 1734 958 1800 feliciter
979 1736 1153 1828 Ussingius
1182 1755 1294 1800 verum
1317 1754 1375 1800 no·

218 1864 292 1908 men
315 1844 453 1907 invenit:
488 1843 746 1908 Pharcadoni
771 1843 861 1907 urbi
884 1844 1020 1925 eiusque
1043 1849 1144 1908 testes
1167 1842 1260 1908 dedit
1282 1840 1374 1907 Stra·

218 1949 336 2015 bouem
369 1950 431 2030 IX,
466 1956 501 2029 5,
538 1956 576 2015 17
610 1974 641 2035 p.
677 1956 738 2016 438
773 1951 847 2017 Cas.
882 1951 952 2031 (ἔστι
980 1957 1009 2014 δὲ
1039 1957 1084 2012 καὶ
1107 1957 1260 2032 ψαρκαδὼν
1286 1960 1317 2013 ἐν
1342 1956 1375 2031 τῇ

216 2057 400 2138 Ἱστιαιώτιδι)
424 2064 458 2122 et
480 2058 668 2143 Polyaenum
693 2059 745 2124 IV.
770 2063 798 2136 2,
826 2063 873 2124 18.
925 2057 1044 2123 Phaeca
1065 2056 1199 2136 XXXII,
1225 2061 1264 2121 14
1287 2057 1376 2122 inter

218 2165 386 2248 Gomphos
421 2171 455 2230 et
490 2166 617 2245 fauces,
652 2187 725 2250 quea
753 2166 958 2231 Thessaliam
993 2166 1035 2231 ab
1065 2165 1267 2230 Athamania
1295 2163 1375 2229 diri·

216 2277 321 2352 mant,
361 2293 433 2339 esse
474 2273 610 2354 dicitur;
653 2273 772 2352 AEtoli,
810 2274 960 2356 neglecto
995 2272 1195 2356 Amynandri
1235 2271 1375 2337 consilio

217 2378 382 2463 Gomphos
404 2380 552 2464 petendi,
581 2381 615 2445 in
642 2382 742 2464 plana
764 2380 943 2445 Thessaliae
967 2380 1216 2446 descenderant.
1267 2378 1376 2444 Phar·

216 2487 374 2552 cadonem
401 2486 575 2572 Ussingius
609 2494 707 2572 putat
741 2510 780 2553 eo
808 2488 882 2553 loco
912 2489 1010 2553 sitam
1038 2489 1156 2566 fuisse,
1191 2507 1258 2570 quo
1289 2486 1375 2552 Bur·

214 2596 326 2661 sianus
345 2596 379 2659 in
391 2594 525 2660 Graeciae
538 2595 748 2679 Geographia
766 2618 797 2679 p.
813 2599 853 2659 53
868 2596 933 2677 (ed.
950 2595 980 2677 1)
992 2595 1125 2674 iudicat,
1147 2594 1205 2659 ubi
1222 2601 1377 2660 nuncest

215 2701 388 2768 Kolokoto.
436 2703 596 2784 (1863.))

300 2809 378 2894 Gap.
403 2816 453 2887 43,
477 2817 510 2874 7:
535 2811 625 2874 11111
648 2832 692 2874 ea
715 2818 856 2875 astate
879 2810 926 2875 ab
950 2811 1137 2874 Romanis
1160 2808 1375 2893 Philippo·

215 2941 288 3002 que
311 2927 426 3001 gesta
449 2925 573 2982 erant.
609 2918 751 2983 eranum
775 2940 845 2983 esso
867 2921 899 2983 in
925 2916 1153 2983 concludenda
1174 2937 1287 2980 rerum
1312 2915 1376 2981 ali·

214 3029 306 3092 cuius
335 3028 411 3090 anni
440 3027 630 3090 narratione
658 3026 1014 3109 plusquamperfectum
1037 3031 1167 3108 tempus
1190 3008 1407 3089 constanti-⁰

212 3156 275 3215 que
304 3134 387 3198 Lirii
419 3154 480 3197 usu
514 3132 678 3217 postulari
714 3140 832 3215 gesta
866 3133 1000 3215 (omisso
1029 3133 1177 3214 erant),
1213 3129 1375 3196 Dukerus

128 3240 301 3320 (3731111111
331 3248 365 3304 et
401 3247 475 3304 octo
510 3239 657 3304 locorum
693 3241 850 3323 exemplis
880 3240 1097 3320 confirmavit,
1139 3239 1261 3324 quibus
1294 3238 1375 3304 addi

212 3348 280 3411 alia
305 3352 458 3429 possunt,
488 3355 525 3413 ut
547 3347 687 3424 XXXII,
718 3352 774 3421 25,
808 3351 855 3412 12.
909 3348 973 3413 Sed
1002 3348 1091 3413 aliud
1119 3355 1171 3413 est
1199 3354 1233 3412 et
1263 3347 1375 3411 maius

211 3455 325 3518 sitium
352 3455 385 3518 in
414 3474 468 3534 eo,
502 3455 589 3537 quod
618 3477 734 3539 reapse
762 3479 827 3520 non
856 3455 969 3520 finitur
996 3457 1058 3519 hoe
1085 3456 1158 3521 loco
1186 3476 1302 3519 rerum
1330 3474 1374 3519 ea

212 3566 326 3626 aestate
360 3566 526 3644 gestamm
554 3565 716 3644 narratio,
753 3585 829 3629 nam
862 3565 1018 3647 proximis
1054 3564 1163 3629 verbis
1192 3561 1374 3644 (Classis

211 3691 232 3733 a
262 3667 436 3753 Corcyra
472 3669 548 3750 cet.)
579 3672 699 3735 transit
728 3671 837 3736 Livius
865 3672 907 3737 ad
936 3695 989 3737 res
1017 3673 1102 3737 mari
1130 3670 1250 3737 eodem
1280 3693 1374 3737 auno

210 3784 322 3858 gestas
350 3797 471 3860 easque
494 3776 535 3840 ad
561 3798 586 3840 c.
610 3782 651 3840 47
674 3779 817 3844 medium
839 3786 1030 3864 persecutus
1053 3779 1100 3845 ibi
1123 3780 1257 3844 demum
1279 3785 1376 3845 recta

210 3885 357 3949 subiicit:
405 3884 492 3948 Haec
532 3906 575 3949 ea
614 3895 754 3951 aestatc
793 3894 905 3952 terra
944 3887 1127 3971 marique
1166 3885 1376 3954 adversus

209 3990 554 4075 Philippum*ah
573 3995 736 4057 consule
752 3995 1374 4082 legatoqueaomanis—gesta

211 4163 338 4170 Q
350 4167 355 4170 .

238 4241 263 4308 ¹)
281 4240 358 4311 [Cap.
378 4246 424 4309 42,
448 4246 465 4297 6
484 4245 664 4300 scribendum
687 4247 799 4302 ridetur
817 4247 859 4302 ad
876 4248 1041 4303 tumulum
1060 4266 1097 4305 ac
1115 4253 1237 4304 castra
1254 4269 1310 4323 pro
1330 4255 1376 4312 ad

277 4329 440 4381 tumulum
460 4330 500 4382 sd
518 4336 643 4384 castra.
682 4330 768 4400 1863]
