2994 5108
216 500 279 556 Lib.
298 499 398 555 XLIV.
764 488 825 550 682

220 670 263 756 [t]
287 674 456 756 primam
479 675 657 757 speciem
680 672 1062 758 appropinquantis
1080 670 1264 736 terroris
1286 688 1381 763 sus-U

218 782 438 860 tinuisset,
477 802 607 863 neque
648 787 844 865 receptus
884 780 1076 846 Romanis
1117 798 1193 863 per
1225 777 1363 860 Tempe

221 889 306 972 (cod.
330 890 538 955 Romanus
560 897 751 974 partem3
786 888 883 973 paulo
918 894 994 953 ante
1028 885 1087 970 §5
1117 892 1151 953 et
1180 882 1362 966 infra§lt

221 1004 410 1082 pertemp
434 996 605 1077 scribitur,
636 999 741 1064 altero
774 996 847 1065 loco
871 994 986 1061 addito
1016 1001 1140 1079 puncto
1163 999 1241 1078 post
1271 990 1303 1074 p)
1329 991 1364 1055 in

222 1104 478 1171 Thessaliam
511 1126 638 1188 neque
683 1105 981 1174 commeatibus
1021 1095 1294 1187 pervehendis
1325 1117 1365 1165 eo

222 1213 444 1307 patuisset,
465 1214 554 1277 iter.
601 1211 701 1279 Sunt
734 1215 835 1279 enim
858 1215 1004 1296 Tempe
1026 1211 1179 1289 saltus,
1208 1205 1365 1275 etiamsi

220 1341 296 1385 non
319 1320 428 1385 bello
462 1319 540 1385 fiat
569 1319 764 1401 infestus,
792 1323 977 1389 transitu
1005 1318 1209 1385 difficilis.
1256 1315 1366 1398 Neque

221 1428 263 1493 ad
286 1428 408 1512 Tempe
432 1450 537 1512 neque
560 1430 593 1494 in
610 1429 815 1496 Thessaliam
839 1429 1036 1514 pervehendi
1053 1434 1257 1493 commeatus
1279 1430 1367 1490 erant

221 1536 378 1601 Romanis
400 1536 627 1603 Macedoniam
648 1539 815 1623 ingressis,
840 1541 952 1623 itaque
980 1559 1046 1603 non
1074 1558 1117 1602 eo
1149 1534 1242 1604 Livio
1269 1533 1366 1616 scrip·

216 1645 305 1734 sisse
328 1651 422 1727 puto,
452 1644 541 1729 quod
562 1645 812 1712 alterumutrum
835 1667 875 1712 ex
897 1647 955 1725 iis,
978 1664 1050 1726 quae
1073 1643 1156 1722 dixi,
1180 1640 1366 1726 significare

222 1751 334 1830 debet,
368 1753 427 1818 sed
461 1774 505 1819 ea
538 1753 612 1838 (per
633 1753 778 1838 Tempe).
823 1755 861 1819 In
894 1753 1033 1820 eandem
1067 1752 1270 1818 sententiam
1297 1769 1366 1815 mox

222 1857 252 1941 (ᾗ
279 1860 330 1942 12)
352 1861 520 1927 scribitur:
554 1862 789 1929 Intercluso
822 1882 893 1945 per
924 1861 1067 1944 Tempe
1101 1858 1225 1926 simul
1258 1856 1367 1924 aditu

222 1970 529 2050 commeatibus,
552 1970 670 2035 simul
692 1970 849 2051 reditu,
871 1970 952 2054 ipsi
973 1974 1147 2048 montes,
1171 1987 1247 2052 per
1270 1983 1365 2049 quos

222 2075 534 2158 descenderant,
558 2078 771 2162 repetendi
794 2078 879 2162 (cod.
908 2073 1137 2160 repentedi)
1160 2082 1292 2152 erant,
1314 2071 1367 2137 ubi

133 2184 205 2257 (⁶⁶⁶)
224 2191 338 2266 aperte
361 2193 394 2250 et
417 2189 581 2253 sententia
605 2194 637 2251 et
659 2188 818 2253 orationis
840 2185 946 2253 forma
970 2184 1134 2269 postulat,
1158 2189 1197 2248 ut
1218 2182 1367 2248 restitua-

223 2299 291 2358 tur:
327 2293 443 2359 simul
477 2295 590 2362 aditu
613 2295 919 2376 commeatibus,
948 2293 1067 2359 simul
1095 2291 1233 2359 reditu
1264 2288 1366 2371 ipsis,

222 2409 376 2468 montes
408 2410 469 2468 cet.
516 2402 681 2469 contrarii
713 2409 879 2487 ponuntur
911 2402 1058 2470 homines
1092 2409 1127 2467 et
1161 2405 1366 2474 commeatus,

224 2509 334 2574 aditus
367 2517 399 2574 et
432 2511 567 2577 reditus.
619 2512 809 2597 Sequuntur
840 2509 910 2575 haee
943 2507 974 2592 (ἓ
1009 2510 1057 2590 8);
1091 2506 1191 2573 Nam
1223 2514 1367 2592 praeter

224 2619 439 2700 angustias
475 2641 544 2703 per
576 2620 755 2703 quinque
788 2618 933 2698 millia,
975 2639 1052 2701 qua
1090 2617 1280 2699 exiguum
1311 2615 1366 2679 iu·

222 2733 355 2790 mento
378 2735 524 2793 onusto
547 2729 626 2792 iter
649 2734 724 2805 est,
746 2748 864 2809 rupes
888 2728 1094 2807 utrimque
1117 2725 1177 2789 ita
1200 2724 1366 2790 abscisa

223 2842 329 2912 sunt,
365 2841 407 2898 ut
430 2835 590 2918 despici
613 2837 676 2899 uix
699 2836 784 2899 sine
818 2834 1022 2916 vertigine
1054 2832 1224 2915 quadam
1253 2829 1365 2897 simul

223 2942 434 3008 oculorum
463 2945 665 3028 animique
693 2944 835 3027 possit.
887 2942 1033 3024 Terret
1067 2948 1107 3006 et
1137 2942 1302 3006 sonitus
1330 2943 1364 3002 et

222 3050 402 3116 altitudo
425 3073 497 3134 per
520 3051 688 3116 mediam
716 3051 859 3115 vallem
887 3050 1062 3115 fluentis
1084 3048 1207 3114 Penei
1236 3048 1363 3114 amnis.

221 3160 293 3223 Non
316 3168 404 3224 reate
428 3159 469 3224 ab
493 3161 652 3241 angustiis
676 3166 873 3242 separantur
895 3180 1010 3242 rupes,
1034 3178 1107 3240 quse
1130 3159 1302 3239 angustias
1323 3155 1363 3220 f·

222 3268 311 3330 ciunt
335 3266 495 3350 (praeter
511 3268 723 3350 angustias
741 3301 783 3311 -
800 3266 950 3349 rupes);
968 3272 1084 3331 contra
1100 3272 1191 3330 recte
1205 3265 1362 3349 angustia·

220 3395 293 3438 rum
315 3376 435 3439 terrori
467 3375 655 3458 adiungitur
687 3375 792 3438 amnis
826 3373 912 3439 inira
944 3373 1059 3439 fluens.
1107 3372 1222 3438 Codex
1257 3373 1360 3438 habet:

221 3484 662 3565 onustointerstrupes.
708 3482 756 3546 Ex
786 3489 822 3546 st
843 3480 1031 3547 faciendum
1055 3487 1106 3546 est
1134 3486 1189 3559 et,
1224 3482 1361 3546 oratione

220 3590 266 3652 sie
290 3592 495 3655 continuata:
530 3590 625 3655 Nam
659 3598 805 3673 praeter
838 3591 1055 3672 angustias
1089 3624 1142 3667 —,
1172 3610 1251 3672 qua
1286 3587 1360 3653 exi·

220 3717 337 3779 guum
359 3699 535 3763 iumento
560 3707 703 3764 onusto
737 3700 815 3762 iter
849 3705 887 3762 et
914 3718 1037 3780 rupes
1066 3698 1277 3778 utrimque
1310 3698 1359 3760 ita

221 3804 393 3869 abscisa
418 3814 522 3884 sunt,
546 3815 587 3872 ut
611 3807 767 3889 despici
790 3807 854 3869 vix
877 3807 964 3870 sine
988 3805 1196 3886 vertigine
1218 3841 1263 3852 —
1284 3823 1358 3888 pos·

220 3912 281 3989 sit,
305 3920 437 3976 terret
459 3922 498 3977 st
521 3915 677 3978 sonitus
700 3922 738 3978 et
756 3913 936 3979 altitudo
961 3916 1057 3989 eet.¹)
1094 3911 1125 3995 [ᾖ
1142 3918 1179 3977 17
1205 3934 1244 3978 eo
1268 3909 1357 3994 magis

128 4239 131 4246 ¹
238 4180 263 4244 ¹)
288 4178 303 4248 §
333 4184 364 4234 10
396 4183 575 4236 scribendum
603 4200 665 4236 eum
696 4184 940 4239 Drakenborehio:
969 4185 1120 4238 alterum
1147 4185 1181 4238 in
1210 4179 1355 4251 Condylo

286 4268 439 4321 castello.
476 4267 590 4322 Variatu
609 4270 698 4322 oratio
717 4271 756 4324 ita
774 4269 842 4324 ferri
860 4270 960 4336 debet,
989 4270 1012 4324 si
1037 4271 1149 4338 singule
1175 4277 1252 4325 reete
1271 4269 1353 4323 dcun·

289 4354 347 4417 tnr;
367 4353 394 4403 tu
412 4353 542 4407 haustum
560 4359 602 4408 est
619 4354 796 4423 praecedente
816 4371 846 4408 ur.
