3000 5116
177 477 239 532 Lib.
258 476 342 531 XLV.
735 466 796 526 742

175 649 306 728 ficetur,
330 651 421 714 cuius
442 649 491 713 rei
513 649 701 714 tirocinium
723 650 942 734 intellegatur,
966 650 1183 716 scribendum
1207 658 1261 716 est
1287 648 1340 733 [ut

177 758 357 841 Rupertius
380 758 482 822 etiam
504 754 615 839 vidit]:
644 759 680 822 si
702 759 740 822 in
763 758 798 822 L.
822 757 949 823 Paulo
973 759 1208 824 accusandi
1232 761 1337 824 tiro·

180 867 328 930 oinium
361 885 522 948 ponere.
567 864 692 930 Deinde
721 866 754 930 in
778 866 951 949 proximis,
981 887 1084 950 quum
1108 865 1270 932 Servilius
1298 867 1337 932 dc

177 972 343 1056 triumpho
377 973 472 1037 Pauli
505 978 675 1055 tamquam
709 979 783 1038 acto
818 973 926 1038 dicere
961 995 1027 1038 non
1059 976 1172 1058 possit
1202 981 1336 1058 totaque

179 1082 344 1147 sententia
367 1080 407 1145 de
430 1102 466 1145 re
489 1079 568 1144 ficte
590 1081 648 1160 sit,
677 1081 862 1146 necessario
885 1081 1095 1147 scribendum
1118 1089 1183 1163 est,
1207 1082 1336 1148 sublato

178 1210 287 1254 errore
309 1187 474 1270 frequenti
497 1187 568 1268 (cfr.
593 1188 636 1253 ad
659 1187 759 1265 XLII,
783 1193 810 1269 5,
836 1193 855 1252 8
877 1212 908 1273 p.
935 1189 1026 1270 511):
1050 1212 1167 1273 quam
1191 1191 1336 1255 trium·

179 1297 345 1383 phutum
367 1304 487 1376 esset,
511 1317 570 1361 nec
589 1295 769 1380 quidquam
786 1303 947 1379 praeterea
964 1298 1175 1363 movendum.
1210 1298 1249 1363 In
1272 1298 1335 1363 illis

91 1475 96 1480 ,
177 1413 304 1471 autern:
327 1406 529 1489 privatum
552 1426 640 1470 eum
660 1405 829 1470 visurus
852 1412 965 1472 esset
987 1426 1088 1488 quum
1107 1405 1243 1471 deesset
1262 1428 1334 1472 eon-

176 1515 316 1593 iunctio,
341 1513 526 1578 Gronovius
550 1511 649 1578 scribi
672 1513 790 1577 voluit:
826 1533 942 1595 quam
964 1513 1271 1597 triumphatum
1298 1521 1333 1578 et

179 1642 295 1706 quum
328 1622 535 1705 privatum
569 1643 656 1686 eum
695 1621 857 1685 visurus
892 1629 1016 1702 esset,
1049 1622 1333 1687 Weissenbornius

178 1730 326 1814 scripsit:
354 1731 559 1813 privatum
582 1750 699 1811 quum
722 1729 886 1794 visurus
910 1737 1034 1810 esset3
1058 1728 1117 1795 sed
1140 1730 1333 1813 relinquitur

177 1858 275 1921 greve
297 1839 411 1902 vitium
428 1838 602 1917 orationis3
625 1857 701 1902 nam
724 1837 764 1901 de
788 1843 921 1921 postero
945 1837 1008 1917 die,
1032 1858 1133 1921 quum
1155 1838 1332 1922 triumphe·

177 1953 248 2013 tum
271 1953 374 2025 esset,
397 1945 570 2010 dicendum
594 1952 678 2010 erat:
709 1967 824 2028 quum
846 1945 1006 2011 videret
1030 1945 1231 2026 (iambum),
1254 1968 1331 2012 non:

2 2032 6 2040 ¹
84 2042 86 2046 ’
177 2076 294 2137 quum
316 2056 479 2118 visurus
502 2059 617 2118 esset.
656 2053 773 2137 Itaque
796 2053 823 2118 si
847 2062 955 2118 cetera
976 2061 1069 2119 recta
1091 2061 1179 2132 sunt,
1204 2063 1332 2139 propter

178 2162 344 2246 participii
365 2168 497 2245 tempus
520 2162 701 2245 requiritur
732 2160 891 2226 eiusmodi
912 2160 1068 2240 verbum,
1098 2163 1189 2244 quod
1212 2165 1276 2229 vim
1303 2171 1331 2228 et

179 2269 330 2336 effectum
341 2271 563 2335 accusationis
581 2275 652 2333 tum
669 2270 830 2335 institutes
842 2269 1005 2354 significet
1023 2272 1065 2352 (v.
1085 2290 1114 2335 e.
1131 2272 1331 2355 privatum

177 2400 296 2461 quum
318 2378 493 2443 laesurus
517 2376 658 2458 esset);
684 2377 742 2442 sed
765 2377 846 2441 nihil
865 2377 997 2444 definio.
1032 2378 1209 2444 Postremo
1226 2382 1260 2445 in
1282 2400 1330 2445 co·

179 2486 250 2551 dice
273 2485 442 2550 scribitur:
468 2486 571 2550 diem
595 2485 736 2550 dicere
760 2486 926 2550 inimico
950 2507 1035 2550 curn
1057 2485 1109 2551 ad
1132 2488 1329 2571 populun,

178 2615 218 2659 ex
241 2615 305 2677 quo
328 2592 381 2658 fit:
417 2593 520 2658 diem
550 2594 708 2659 diceret
740 2594 927 2672 inimico,
956 2615 1041 2658 eum
1069 2593 1121 2659 ad
1144 2597 1330 2682 populum

179 2700 446 2783 accusaretl)
480 2700 692 2766 Manifestum
714 2701 868 2766 mendum
890 2703 996 2767 teneri
1018 2708 1102 2787 puto
1127 2703 1143 2788 ξ
1169 2711 1206 2770 8:
1229 2706 1329 2770 Duas

177 2809 273 2874 mihi
298 2809 453 2892 aliquis
477 2810 695 2875 contiones
718 2830 937 2893 parumper
959 2810 1107 2890 iaciat,
1130 2834 1249 2877 unam
1270 2812 1331 2875 mi·

177 2919 295 2983 litum
318 2917 688 2997 Macedonicorum,
711 2940 845 3001 puram
868 2918 1056 2998 alteram,
1092 2921 1331 3003 integrioris

177 3026 327 3091 iudicii
360 3033 399 3090 et
438 3047 458 3089 u
497 3025 637 3090 favore
672 3036 710 3090 et
744 3027 855 3103 odio,
896 3028 1088 3092 universo
1127 3030 1329 3094 iudicante

178 3133 327 3219 populo
357 3135 543 3198 Romano.
593 3133 737 3198 Ablativi
765 3134 799 3198 hi
833 3136 1024 3200 universo
1054 3137 1273 3203 iudicante
1302 3160 1328 3220 p.

176 3242 214 3306 R.
238 3263 342 3323 neque
376 3241 459 3305 bene
492 3263 565 3306 cum
598 3241 770 3307 alteram
800 3243 1058 3325 (contionem)
1093 3247 1329 3327 coniunguntur

176 3370 281 3431 neque
316 3349 485 3414 commode
519 3351 719 3433 respondent
748 3352 908 3433 superiori
935 3352 984 3415 illi
1018 3353 1197 3418 militum
1230 3353 1327 3427 Mac,

177 3478 359 3541 parumque
405 3464 481 3540 apte
525 3456 594 3522 haec
639 3465 850 3523 concurrunt:
901 3461 1150 3543 integrioris
1195 3459 1328 3526 iudicii

176 3600 219 3610 -
256 3565 472 3629 iudicante
517 3589 546 3648 p.
593 3567 630 3629 R.
676 3567 714 3630 In
754 3567 867 3632 codice
906 3576 971 3632 est:
1015 3570 1226 3634 universis
1258 3568 1326 3634 iud.

179 3694 205 3738 c.
239 3695 294 3757 pr.
331 3672 416 3753 (sic).
466 3674 631 3756 Apparet,
667 3676 799 3758 opinor,
836 3674 985 3740 subesse:
1019 3679 1205 3742 universi
1234 3701 1264 3762 p.
1296 3677 1328 3741 u

177 3778 301 3846 Geterae
324 3781 387 3845 illae
410 3781 528 3846 litterae
552 3788 663 3847 utrum
687 3804 799 3848 errore
820 3804 858 3847 ex
879 3785 1046 3867 superiore
1070 3786 1221 3851 iudicii
1243 3805 1327 3869 repe·

203 4077 225 4141 ¹)
245 4077 325 4144 Quod
345 4081 467 4148 sequitur
486 4078 501 4149 ξ
520 4082 536 4134 6
555 4080 629 4134 eius
649 4081 858 4136 obtrectare
885 4083 1005 4138 leudes
1024 4084 1158 4151 voluit,
1184 4082 1328 4139 notandum

244 4168 302 4228 est3
331 4165 396 4218 alibi
421 4167 494 4220 enim
520 4166 616 4219 Livius
645 4166 771 4220 dativum
794 4166 859 4221 huic
890 4171 975 4224 verbo
1009 4168 1155 4239 adiungit,
1184 4177 1217 4224 ut
1243 4169 1327 4224 cicero

245 4265 369 4318 semper3
388 4269 454 4305 narn
472 4252 501 4305 in
520 4252 642 4321 Philipp.
654 4251 687 4318 X,
710 4254 734 4320 3,
753 4255 769 4306 6
788 4253 849 4307 cod.
861 4253 1013 4308 Vaticanus
1033 4255 1076 4320 (et
1094 4255 1194 4323 Bern.)
1214 4256 1328 4310 dativum

242 4337 348 4401 tuetur;
359 4336 772 4404 accusativumValeriusMax.‚
783 4344 844 4392 turn
853 4337 967 4393 Tacitus
978 4340 1076 4393 eteius
1087 4341 1217 4409 sequelae
1226 4342 1327 4396 hebent
