2994 5108
218 496 381 554 maxxr.
763 481 827 543 276

220 669 564 753 positos—quum
586 666 823 750 inopinatos
845 665 1113 745 invasissent,
1131 664 1375 732 restituendum

219 777 443 860 inopinato.
499 775 602 839 Nemo
637 775 723 839 enim
750 773 1010 856 inopinatum
1038 795 1098 857 pro
1126 775 1374 858 inopinante

220 884 312 949 dixit.
369 883 540 948 Librarius
574 881 615 945 ad
648 881 873 965 praecedentes
906 882 1114 947 accusativos
1147 880 1211 947 hoc
1243 892 1376 965 quoque

219 990 488 1057 accommodavit.
519 988 643 1072 (1862.)
677 988 804 1053 Deinde
823 986 840 1071 ξ
861 993 898 1052 11
918 1010 1021 1072 quum
1042 989 1076 1053 in
1099 988 1271 1054 codicibus
1295 987 1375 1071 (Po)

134 1114 204 1182 (aas)
223 1099 438 1164 scriberetur:
462 1097 584 1162 Varia
607 1097 700 1161 inde
723 1116 858 1180 pugna
881 1102 1185 1181 sequentesque
1207 1116 1376 1180 cumque

220 1207 267 1288 (M
290 1213 323 1271 et
345 1207 545 1271 recentiores
567 1205 696 1289 aliquot
724 1211 944 1288 sequentes
973 1223 1234 1288 quaecunque,
1262 1203 1321 1268 alii
1349 1225 1374 1275 s.

212 1334 459 1398 quacunque
488 1319 545 1378 aut
568 1335 593 1376 s.
617 1311 875 1395 quocunque)
905 1311 953 1376 ad
982 1317 1203 1378 extremum
1225 1332 1376 1395 aquas·

221 1428 312 1487 sent
351 1427 573 1500 certamen,
618 1421 745 1484 maior
783 1425 917 1484 tamen
955 1418 1134 1485 hostium
1173 1420 1377 1511 Romanos

220 1529 448 1611 (recentiores,
478 1534 516 1592 ut
539 1527 682 1607 videtur,
712 1526 918 1608 Romanis)
946 1525 1051 1592 fama
1078 1527 1264 1593 victoria
1286 1524 1377 1607 fuit,

219 1638 253 1701 in
292 1636 405 1718 primis
444 1636 552 1700 verbis
585 1633 682 1700 facile
715 1633 922 1699 intellectum
955 1641 1007 1699 est
1040 1634 1168 1719 aliquid
1202 1634 1377 1717 excidisse,

218 1743 503 1828 probabiliterque
527 1742 637 1807 editur
659 1743 734 1821 iam,
764 1743 943 1806 coniuncta
964 1743 1164 1825 Heusingeri
1186 1745 1379 1808 coniectura

220 1856 254 1915 et
282 1851 404 1916 codicis
428 1849 611 1915 Colbertini
639 1850 745 1914 altera
773 1851 938 1933 scriptura
960 1848 1059 1932 (cum
1086 1873 1147 1935 pro
1177 1848 1375 1934 cumqnelt

220 1958 343 2023 Varia
365 1958 458 2023 inde
481 1978 614 2042 pugna
637 1964 858 2040 sequentes
882 1957 1162 2042 cedentesque
1185 1979 1305 2041 quum
1327 1956 1379 2022 ad

220 2056 441 2130 extremum
475 2072 537 2130 cet.
578 2064 659 2148 [vel:
696 2065 810 2129 varia
848 2065 947 2129 inde
980 2086 1115 2150 pugna
1153 2071 1378 2150 sequentes

219 2175 328 2237 inter
359 2173 653 2257 cedentesque,
682 2192 882 2256 quumque
903 2208 961 2252 -,
992 2194 1031 2240 eo
1054 2174 1228 2239 verborum
1251 2173 1378 2255 ordine,

220 2281 277 2362 qui
301 2288 353 2344 cst
374 2279 482 2360 XXII,
513 2285 549 2359 3,
582 2277 624 2362 3].
675 2280 840 2343 Extremis
868 2279 977 2345 verbis
1005 2302 1142 2364 prorsus
1164 2280 1378 2347 incredibiles

220 2388 460 2470 interpretandi
483 2388 654 2452 machinas
678 2387 861 2466 admovent,
884 2387 974 2452 velut
995 2387 1282 2454 Weissenbornius
1306 2388 1379 2473 (qui

219 2515 280 2577 pro
314 2495 506 2559 Romanis
541 2517 580 2559 ex
613 2496 812 2559 Romanos
852 2493 962 2559 effecit
994 2495 1188 2577 Romano)
1222 2496 1295 2561 haec
1327 2498 1378 2562 sic

221 2607 368 2665 enarrat:
414 2603 540 2667 maior
578 2602 758 2666 hostium
798 2600 903 2666 fama
935 2603 1122 2668 victoriae
1154 2602 1236 2668 fuit
1268 2604 1379 2671 fama

220 2709 414 2788 Romano,
442 2711 476 2772 in
505 2730 572 2790 qua
600 2710 808 2773 enarratione
836 2709 916 2790 quid
943 2710 1085 2774 maxime
1108 2710 1222 2789 mirer,
1250 2713 1377 2793 nescio,

220 2818 518 2898 comparationisne
541 2818 645 2900 ipsius
668 2816 908 2881 absurditatem
926 2815 1006 2899 (qua
1024 2817 1097 2881 duae
1114 2818 1262 2883 victoria
1279 2817 1378 2886 famae

219 2926 307 2988 inter
335 2945 369 2988 se
398 2923 668 3007 componuntur),
704 2946 745 2987 an
780 2925 813 2987 in
846 2924 909 2987 heo
937 2926 1182 3008 comparatione
1210 2927 1377 2993 variatum

219 3053 391 3096 numerum
424 3034 457 3096 in
491 3033 667 3096 hostium
702 3039 735 3095 et
762 3032 953 3110 Romano,
988 3053 1029 3096 an
1058 3052 1174 3097 novam
1202 3032 1297 3097 illam
1319 3034 1377 3100 ab

219 3139 312 3203 lativi
339 3140 372 3203 in
397 3139 617 3222 comparando
642 3146 675 3203 et
697 3139 838 3221 genetivi
861 3137 980 3219 (lama
1002 3139 1201 3221 victoriae)
1225 3142 1377 3206 omissio·

220 3267 303 3310 nem.
367 3230 497 3322 Quanto
539 3246 649 3310 fuerat
686 3246 803 3309 melius
836 3245 949 3325 fateri,
987 3248 1088 3311 rerba
1127 3246 1277 3329 intellegi
1309 3271 1377 3316 non

219 3354 330 3436 posse!
361 3353 521 3417 Nimirum
544 3353 597 3417 hic
620 3374 750 3435 quoque
775 3353 898 3418 excidit
919 3353 1060 3436 aliquid3
1087 3357 1268 3437 scripserat
1290 3358 1378 3422 enim

219 3459 329 3524 Livius
353 3460 395 3524 ad
417 3461 502 3525 hanc
524 3458 679 3525 formam:
708 3461 834 3525 maior
864 3469 996 3526 tamen
1025 3462 1205 3527 hostium
1236 3464 1378 3543 cades,

220 3587 335 3647 penes
367 3568 570 3633 Romanos
610 3566 715 3632 lama
754 3569 937 3633 victoriae
971 3569 1060 3633 fuit.
1121 3568 1221 3634 Initio
1257 3572 1377 3655 capitis

220 3675 251 3756 (ξ
275 3675 308 3754 2)
333 3677 413 3739 satis
437 3681 561 3738 certum
584 3674 722 3753 videtur,
754 3675 870 3740 Latine
893 3698 957 3740 non
981 3676 1047 3741 dici
1069 3676 1235 3741 hominem
1258 3698 1377 3762 eque·

221 3783 298 3846 stri
331 3782 491 3865 proelio
526 3789 564 3846 et
594 3782 761 3845 vulnere
790 3803 860 3847 suo
891 3785 957 3847 sive
986 3785 1181 3848 minutum
1209 3785 1279 3849 sive
1309 3785 1377 3851 de·

220 3893 427 3969 minutum,
460 3897 497 3954 ut
532 3889 632 3953 animi
667 3889 822 3953 demissio
856 3889 1074 3972 significetur3
1109 3911 1185 3974 spes
1219 3893 1311 3957 enim
1346 3900 1379 3958 et

221 4000 348 4063 animus
383 3999 555 4071 minuitur,
590 4018 655 4060 non
688 3996 801 4074 homo,
835 3996 1022 4079 frustraque
1056 3998 1219 4063 Homerus
1249 4019 1271 4062 a
1294 3998 1378 4066 Gro-

220 4096 315 4171 n'ovio
345 4107 523 4170 arcessitur
551 4105 659 4182 testis,
694 4105 750 4187 qui
778 4126 819 4168 ne
848 4105 931 4168 dixit
959 4106 1090 4187 quidem
1112 4107 1161 4170 ita
1182 4112 1315 4184 μινύθειν
1338 4106 1378 4173 de

220 4214 366 4291 homine,
388 4218 390 4221 ’
412 4220 448 4276 ut
487 4217 574 4276 esset
608 4211 752 4275 animum
787 4212 948 4295 frangere.
1007 4212 1091 4288 Quid
1132 4214 1379 4280 restituendum

220 4323 264 4385 sit
303 4321 378 4403 (pro
413 4318 667 4400 etminutus),
707 4318 841 4384 dubium
876 4327 943 4401 est,
984 4319 1086 4385 fuitne
1121 4319 1380 4389 admonitus?
