2994 5108
407 1509 578 1591 Prasstio
607 1509 761 1593 altadus
788 1512 973 1594 eduens

196 1698 382 1765 Divenditis
406 1706 482 1764 ante
500 1701 684 1785 complures
701 1723 804 1767 annos
822 1703 972 1768 omnibus
995 1703 1153 1788 exemplis
1176 1706 1262 1787 prio·

111 1819 158 1884 ris
180 1818 279 1885 huius
302 1819 380 1886 libri
403 1821 573 1899 editionis,
598 1842 697 1904 quum
720 1822 910 1904 redemptor
932 1823 1052 1887 iterum
1082 1845 1156 1888 eum
1178 1825 1264 1907 typis

110 1938 253 2005 describi
282 1947 434 2025 cuperet,
464 1940 666 2022 aliquamdiu
689 1941 838 2005 recusari
861 1946 895 2004 et
917 1942 1153 2023 tergiversatus
1176 1964 1263 2023 sum;

114 2057 229 2125 deinde
254 2079 357 2141 quum
378 2059 518 2126 aliorum
540 2081 671 2143 quoque
695 2059 973 2126 admonitionibus
1001 2082 1041 2126 ac
1062 2083 1164 2146 prope
1187 2083 1263 2128 con·

112 2180 191 2246 vicio
213 2187 382 2246 extortum
400 2186 495 2261 esset,
517 2186 556 2245 ut
576 2202 661 2246 nova
683 2179 778 2247 fieret
800 2181 912 2260 editio,
936 2182 1103 2266 descripto
1121 2183 1191 2247 eius
1214 2184 1263 2248 in-

109 2299 285 2365 stituendae
319 2300 454 2366 consilio
488 2301 702 2386 perfectaque
736 2301 777 2368 ad
811 2303 996 2367 institutam
1029 2301 1168 2367 formam
1195 2301 1263 2367 lere

109 2422 180 2485 eius
204 2421 328 2504 partis,
353 2442 425 2505 qum
448 2421 489 2488 ad
513 2423 637 2505 primos
660 2422 773 2487 decem
795 2421 879 2486 Livii
900 2421 1002 2487 libros
1024 2422 1183 2505 pertinet,
1212 2443 1263 2487 re·

107 2541 311 2623 cognitione,
335 2562 446 2606 mense
469 2540 564 2607 Iunio
584 2543 661 2607 anni
678 2539 941 2607 Mucccnxxv
960 2541 1004 2606 ad
1022 2540 1264 2626 typographum

106 2661 190 2727 itum
214 2667 266 2727 est
287 2682 327 2727 ea
350 2682 418 2745 spe,
440 2667 478 2726 ut
500 2661 670 2746 aliquanto
693 2661 782 2727 intra
809 2661 888 2727 anni
910 2662 1054 2746 spatium
1076 2682 1145 2726 rem
1167 2661 1263 2726 abso·

107 2781 215 2845 lutum
247 2782 289 2846 iri
311 2788 473 2864 putarem.
508 2782 627 2847 Verum
656 2787 689 2846 et
722 2781 796 2847 aliae
825 2782 1073 2846 intervenerunt
1105 2801 1203 2846 morae
1231 2785 1264 2845 et

109 2922 177 2966 una
199 2901 432 2969 molestissima
465 2909 498 2966 et
525 2924 599 2967 cum
629 2903 820 2984 gravissimo
848 2922 921 2967 meo
951 2900 1157 2966 incommodo
1187 2920 1263 2965 con-

108 3021 237 3099 iuncta,
267 3043 339 3106 quse
362 3023 508 3087 instituti
530 3023 640 3106 operis
668 3021 913 3088 absolutionem
935 3021 1062 3105 magnis
1086 3018 1263 3084 difficulta-

108 3140 199 3207 tibus
222 3142 410 3227 impliearit.
455 3142 567 3208 Mense
591 3145 678 3208 enim
701 3141 887 3227 Septembri
915 3140 1060 3206 eiusdem
1086 3140 1164 3204 anni
1186 3159 1263 3203 ocu·

106 3262 216 3327 lorum
239 3284 384 3328 meorum
407 3263 495 3328 acies
518 3264 584 3329 iam
606 3263 735 3347 pridem
756 3261 887 3327 infirma
905 3260 1014 3326 subito
1038 3262 1086 3326 ita
1107 3258 1265 3325 hebetata

107 3389 175 3461 est,
199 3388 238 3447 nt
259 3383 301 3448 ab
323 3404 362 3449 eo
390 3383 466 3448 inde
494 3390 642 3467 tempore
670 3403 775 3465 neque
803 3381 913 3466 legere
943 3379 1122 3464 quidquam
1144 3384 1264 3463 praeter

107 3521 231 3585 paucos
253 3502 434 3569 uersiculos
456 3503 551 3568 bonis
573 3524 612 3570 ac
638 3503 824 3588 perspicuis
851 3501 972 3566 litteris
1000 3517 1174 3583 expressos
1207 3518 1263 3562 ne-

107 3640 172 3702 que
203 3622 348 3689 scribere
380 3632 502 3706 praeter
541 3644 707 3709 perpauca
745 3625 816 3706 ipse
856 3619 1034 3704 potuerim,
1078 3618 1112 3681 in
1146 3616 1264 3681 ceteris

109 3741 251 3808 aliorum
272 3744 465 3810 recitatione
490 3751 523 3810 et
544 3743 696 3810 manibus
714 3743 766 3807 uti
787 3761 894 3824 cogar.
927 3739 1043 3821 ltaque
1065 3757 1264 3820 quamquam

108 3861 143 3926 in
172 3863 235 3929 hac
258 3863 448 3931 calamitate
477 3885 583 3946 neque
606 3869 698 3929 vetus
727 3860 908 3945 multisque
936 3859 969 3924 in
998 3857 1098 3922 rebus
1128 3862 1265 3940 experta

109 3979 298 4067 Siesbyei
322 3986 386 4052 mei
403 3985 550 4051 amicitia
567 3984 646 4050 mihi
669 3982 787 4061 defuit,
810 4001 916 4064 neque
939 3977 1079 4043 aliorum
1106 3976 1266 4041 benevola

109 4108 144 4166 et
166 4102 305 4189 diligens
329 4127 439 4189 opera,
459 4128 499 4171 ex
517 4105 638 4188 quibus
655 4103 679 4168 1.
703 4101 769 4166 Th.
793 4099 1023 4178 Iensenius,
1046 4117 1147 4180 quum
1168 4102 1263 4179 typo·

109 4225 226 4308 graphi
259 4247 389 4292 errores
411 4226 603 4309 corrigeret,
631 4245 697 4288 non
720 4241 827 4306 pauca
852 4219 979 4284 utiliter
1006 4216 1191 4295 admonuit,
1213 4221 1263 4279 ta-

112 4367 183 4412 men
216 4347 406 4414 necessario
427 4345 551 4412 factum
584 4351 650 4423 est,
684 4349 721 4407 ut
748 4347 783 4406 et
811 4338 940 4405 tardius
968 4335 1205 4422 procederetur
1233 4339 1266 4398 et
