3000 5116
699 510 761 571 329
1126 521 1188 576 Iarb-
1206 519 1299 575 xx1v
1307 563 1312 573 .

239 694 319 780 Cap.
344 700 401 774 48,
429 699 464 759 8:
501 693 660 759 tributo
689 700 879 777 sumptus
909 692 1189 776 suppeditari3
1227 714 1313 758 eum

151 806 287 888 ipsum
321 802 524 868 tributum
553 801 852 868 conferentium
879 822 1084 867 numerum
1112 836 1156 846 -
1183 802 1312 867 immi·

152 919 303 978 nutum.
333 911 472 977 Tributo
495 911 664 975 nominato
686 911 845 976 transitur
862 911 905 975 ed
922 910 1031 993 ipsum
1047 930 1218 974 numerum
1236 931 1312 975 con·

150 1019 344 1100 serentium3
363 1041 544 1104 pronomen
558 1040 651 1095 eum,
671 1019 761 1101 quod
780 1039 879 1102 preve
897 1017 1070 1100 signifieat,
1093 1016 1221 1100 aliquid
1233 1025 1311 1084 ente

152 1129 194 1195 de
217 1129 280 1194 hoc
302 1149 439 1194 numero
462 1129 587 1193 dictum
611 1148 695 1204 esse,
728 1127 916 1192 tollendum.
934 1133 993 1203 est,
1028 1126 1091 1190 nisi
1113 1125 1194 1209 quid
1218 1126 1310 1192 eliud

153 1237 265 1302 mendi
290 1236 352 1301 sub
376 1257 415 1301 eo
432 1235 525 1301 latet.
560 1234 684 1316 (1862.)
723 1234 740 1317 ἐ
761 1240 799 1298 12
817 1256 953 1319 prorsus
971 1235 1084 1317 inepte
1104 1234 1173 1299 sine
1191 1236 1310 1318 copule

151 1352 323 1428 ponuntur
350 1345 605 1422 vestimentu,
634 1344 894 1420 frumentum,
923 1344 957 1406 in
984 1342 1104 1426 quibus
1129 1341 1210 1408 nihil
1233 1344 1309 1409 rhe-

153 1454 251 1519 torici
274 1452 431 1537 ponderis
453 1459 511 1517 eut
533 1450 663 1517 artificii
686 1458 753 1532 est3
776 1453 898 1517 excidit
920 1471 960 1514 ee
982 1458 1058 1534 post
1080 1468 1106 1513 e.
1141 1450 1264 1534 (1862.)

570 1678 662 1760 un.
694 1677 883 1786 XXIV.¹)
1321 1719 1392 1789 (Μ)

236 1809 316 1895 Cap.
330 1816 359 1891 2,
384 1816 402 1875 9
427 1809 497 1891 (ubi
520 1810 657 1895 perfuga
668 1809 808 1876 Bruttiis
832 1811 974 1894 exponit,
998 1829 1096 1893 quem
1119 1818 1307 1894 opportune

147 1919 230 1985 urbs
255 1917 354 1984 Croto
380 1918 506 1984 occulte
529 1918 797 2002 aggredientibus
821 1919 894 2002 sit):
929 1926 969 1983 et
996 1919 1035 1982 in
1064 1925 1181 1983 vesta
1204 1920 1304 1985 urbe

146 2027 316 2110 lateque
358 2026 542 2092 omnibus
582 2026 775 2092 disiectis
815 2025 1027 2091 moenibus
1067 2047 1185 2092 raros
1219 2035 1304 2094 ste·

146 2136 284 2201 tiones
319 2134 618 2219 custodiaeque
653 2143 883 2201 senatorum
918 2156 1022 2213 esse3
1062 2155 1302 2220 quecunque

146 2242 391 2309 custodient
436 2243 573 2328 plebis
618 2243 816 2321 homines
864 2266 908 2310 ea
954 2251 1096 2327 potere
1137 2244 1302 2310 aditum.

145 2352 275 2417 Raros
299 2352 461 2418 stationes
483 2359 572 2417 recte
597 2352 780 2417 Gronovius
803 2374 820 2417 e
844 2352 967 2418 codicis
989 2352 1014 2416 P
1037 2354 1203 2436 scripture
1226 2352 1302 2437 (pet-
1338 2435 1346 2449 Ι

144 2454 260 2525 rasel
294 2462 513 2543 stationes)
548 2461 693 2526 effecisse
728 2461 865 2527 uidetur.
929 2459 993 2527 Sed
1026 2468 1189 2544 praeterea
1222 2484 1302 2527 om·
1332 2450 1336 2455 ⁴

143 2567 266 2633 nibus
287 2590 355 2634 non
379 2570 484 2635 solum
508 2569 680 2649 redundat,
708 2570 766 2635 sed
789 2571 941 2635 vitiosum
964 2570 1162 2635 sententiam
1185 2569 1301 2650 efficit3

143 2697 252 2759 neque
283 2677 370 2741 enim
397 2678 431 2742 in
459 2677 529 2764 hac
543 2699 579 2742 re
602 2677 671 2743 ulla
692 2680 794 2742 totins
817 2680 1025 2761 partiumque
1049 2678 1217 2761 separatio
1240 2687 1299 2759 est,

143 2784 243 2866 quasi
270 2786 369 2850 etiam
391 2806 470 2870 pars
494 2785 606 2869 alique
627 2786 695 2851 late
719 2786 856 2852 disiecta
878 2808 950 2852 esse
973 2788 1129 2870 potuerit.
1179 2786 1301 2851 Verum

142 2893 180 2957 in
208 2913 247 2956 eo
277 2894 434 2959 vocabulo
463 2894 559 2975 nihil,
594 2895 723 2977 opinor,
759 2895 848 2960 eliud
884 2894 999 2960 subest
1030 2894 1095 2957 nisi
1130 2895 1205 2976 ipse
1238 2916 1300 2960 vox

142 3001 355 3068 moenibus
390 3024 450 3069 suo
484 3002 556 3068 loco
591 3022 692 3086 preve
725 3004 862 3087 scripta,
901 3002 1020 3067 deinde
1053 3008 1144 3066 recte
1178 3002 1298 3083 posita,

142 3109 423 3191 quemadmodum
451 3110 577 3191 XXIII,
611 3114 668 3192 26,
705 3115 744 3175 10
772 3133 873 3196 quum
904 3132 943 3176 ex
972 3109 1136 3176 obiecto
1164 3117 1298 3175 tutum

141 3215 266 3281 fectum
284 3225 371 3283 esset
394 3218 554 3284 obiecto
577 3226 666 3297 turn,
691 3219 809 3286 deinde
832 3226 962 3284 tutum
985 3220 1107 3284 etiam
1129 3217 1298 3284 flumine

139 3323 308 3391 obiecto
331 3332 413 3391 tum
437 3327 597 3411 scriptum
620 3327 770 3392 vidimus.
804 3328 847 3392 In
869 3335 986 3394 vesta
1008 3328 1109 3394 urbe
1130 3328 1297 3413 lateque

139 3433 354 3499 moenibus
384 3435 577 3500 disiectis
600 3435 711 3501 Livius
741 3438 874 3521 scripsit
903 3437 1018 3502 ordine
1047 3437 1137 3521 apud
1159 3437 1295 3503 Latinos

138 3543 172 3604 in
208 3562 309 3624 prose
338 3543 488 3608 oratione
516 3565 580 3608 non
608 3565 745 3627 prorsus
774 3544 915 3628 vulgari,
948 3566 1015 3627 qua
1042 3553 1153 3612 tamen
1182 3546 1294 3611 Livius

135 3670 204 3713 non
239 3671 316 3715 roro
350 3652 470 3731 utitur,
510 3658 548 3716 ut
580 3651 622 3716 ab
657 3653 819 3720 ediectivo
853 3655 1068 3738 participiove
1101 3655 1294 3719 attributive

136 3825 245 3833 ..-..--·-—-.
252 3825 261 3831 .
271 3827 273 3830 v
282 3825 324 3831 ·.·-
332 3825 366 3830 ..-

206 3937 304 3989 neque,
323 3924 427 3978 omisso
446 3924 622 3993 imperativo,
640 3925 685 3979 eie
705 3925 773 3993 poni
791 3927 917 3994 potuisse
934 3927 1048 3982 videtur
1066 3930 1161 3997 (quum
1179 3941 1296 3996 praeeer·

205 4007 258 4060 tim
280 4007 343 4062 hoec
365 4008 542 4064 familiariter
562 4012 696 4079 precandi
719 4011 810 4066 forme
833 4029 884 4082 per
906 4029 935 4066 ee
953 4030 1052 4081 perum
1070 4020 1136 4082 epte
1154 4013 1297 4081 proverbii

204 4093 336 4149 brevitati
360 4101 389 4149 et
409 4098 554 4165 praecepto
577 4096 624 4163 eit)
642 4113 694 4150 nec
711 4098 849 4151 minime
867 4098 897 4151 in
914 4097 966 4151 teli
984 4114 1088 4167 genere
1107 4099 1229 4167 elliptice
1248 4116 1294 4153 ve·

204 4178 283 4231 tendi
300 4183 378 4235 reete
391 4197 444 4250 pro
458 4197 498 4234 ne
512 4181 619 4235 dietum
634 4198 701 4235 esee.
728 4181 781 4237 Sed
795 4182 867 4236 nihil
881 4183 989 4248 melius,
1007 4183 1080 4252 quod
1097 4183 1228 4249 adferam,
1244 4194 1294 4236 est.

161 4262 186 4327 ¹)
204 4261 241 4315 In
267 4263 322 4320 hcc
348 4270 379 4319 et
404 4267 508 4321 ceteris
538 4266 617 4319 libris
643 4283 700 4321 non
728 4267 848 4321 collatus
876 4274 919 4321 est
945 4270 1035 4323 codex
1058 4268 1092 4334 0,
1118 4269 1173 4322 nisi
1195 4269 1243 4321 ubi
1266 4269 1296 4323 iu

203 4347 283 4402 XXX
299 4346 323 4402 P
341 4348 447 4406 delicit.
