2994 5108
205 542 267 596 Lib.
285 542 410 597 XXXIX.
755 531 815 592 558

208 713 281 795 sisi:
304 713 491 796 fassique
516 714 561 778 de
585 735 624 778 se
647 713 798 779 nullam
821 734 969 778 moram
986 713 1143 779 iudicio
1165 712 1464 778 fecerunt.-.

208 822 341 886 Rectius
364 823 493 887 codices
513 822 627 899 (etiam
644 823 691 904 M)
715 822 880 899 indicio,
902 820 964 886 hoc
982 828 1040 899 est,
1064 842 1131 906 quo
1150 823 1257 887 minus
1276 829 1359 887 cete·
1383 859 1468 871 —

207 951 263 994 ros
287 952 417 1013 quoque
441 930 632 995 indicarent.
678 929 727 994 De
751 929 873 993 iudicio
896 929 1040 994 nondum
1063 929 1227 1012 agebatur
1248 950 1309 995 nec
1330 930 1432 994 cii:
1454 932 1478 994 :i

209 1058 333 1101 moram
358 1037 467 1103 lacere
491 1044 610 1120 potest.
636 1038 691 1120 qni
714 1039 747 1101 in
770 1037 908 1102 vinculis
931 1039 1025 1118 est.¹)

123 1142 195 1213 (454)
300 1144 377 1228 Gap.
401 1151 452 1221 25,
477 1150 494 1208 3
519 1153 552 1211 et
573 1152 593 1209 4
617 1146 688 1226 (ubi
719 1147 829 1229 agitur
852 1145 892 1209 de
920 1145 1026 1210 tribus
1059 1145 1178 1228 legatis
1208 1144 1424 1210 Romania
1434 1149 1487 1212 is

240 1400 262 1466 ¹)
281 1399 365 1452 Plura
384 1406 449 1454 sunt
467 1401 496 1455 in
514 1401 566 1455 hac
586 1401 740 1465 vicinitate,
767 1399 915 1469 inquibus
941 1399 1036 1455 mendi
1063 1398 1170 1454 indicia
1193 1399 1263 1452 satis
1286 1404 1496 1453 censs-tt

280 1487 344 1545 sint,
366 1487 524 1540 emendatio
545 1488 661 1551 incerta,
681 1503 742 1554 quae
761 1485 859 1554 perfici
878 1485 999 1539 fortasse
1016 1489 1127 1554 posset,
1146 1486 1169 1540 si
1187 1486 1266 1555 ipsos
1284 1484 1382 1538 corli-
1393 1486 1493 1539 ssi-

280 1571 320 1623 cis
338 1571 367 1623 M
386 1572 480 1640 apices
507 1572 602 1624 rimari
629 1573 733 1624 liceret.
770 1570 834 1637 Cap.
857 1574 896 1636 13,
920 1574 937 1624 4
964 1589 1021 1625 non
1048 1574 1144 1639 potest
1170 1586 1270 1623 verum
1296 1586 1410 1623 esses
1420 1588 1490 1624 aar

280 1657 355 1724 quod
375 1656 440 1709 inde
459 1675 475 1710 a
493 1655 610 1711 Gelenio
630 1675 664 1710 ex
682 1658 712 1710 M
731 1657 777 1723 (et,
797 1657 907 1725 opinor,
926 1655 1061 1724 Spirensi)
1081 1656 1187 1710 editur:
1206 1657 1368 1710 incusat:
1390 1660 1445 1709 :t
1471 1662 1482 1709 t

281 1741 435 1810 perfidia
449 1742 596 1809 AEbntii‚
616 1743 672 1810 qui
691 1742 814 1811 optimi
834 1742 869 1795 in
888 1758 925 1794 eo
942 1742 1018 1810 ipso
1037 1741 1154 1794 meriti
1172 1741 1278 1796 talem
1296 1757 1400 1810 gre
1420 1758 1483 1795 τ

282 1828 364 1879 tiam
383 1828 573 1880 retulisset.
610 1827 683 1881 llam
702 1832 733 1879 ut-
750 1826 916 1892 concedam,
935 1826 1037 1880 Latine
1056 1825 1112 1879 dici
1132 1827 1284 1895 gratiam
1300 1843 1413 1880 mes
1445 1844 1494 1880 se·

281 1912 344 1964 riti
372 1911 518 1979 referre,
537 1930 619 1966 nemo
643 1913 765 1966 bonnm
791 1918 839 1965 aut
863 1912 1027 1979 optimum
1045 1912 1176 1965 meritum
1194 1929 1246 1981 pro
1263 1927 1345 1978 magn
1355 1928 1494 1977 ntro

280 1997 476 2065 prreclaroqne
495 1998 573 2052 dixit.
610 1997 705 2066 Neque
724 2002 818 2051 tamen
838 1997 1004 2066 simpliciter
1028 1996 1238 2051 restituendum
1255 1995 1493 2050 videtin-itur

283 2084 492 2151 evulgaribns:
522 2084 652 2151 optime
679 2084 713 2135 in
738 2101 773 2136 co
801 2083 878 2151 ipso
897 2082 1042 2147 meritoe3
1062 2099 1127 2136 nam
1151 2098 1190 2134 ec
1209 2082 1293 2150 ipso,
1311 2096 1491 2149 qnuflno

283 2166 427 2232 referatur,
446 2167 616 2221 nonhabet.
653 2168 785 2221 Proxime
804 2168 837 2221 ad
857 2168 1061 2221 correctionem
1087 2168 1116 2221 in
1134 2168 1176 2221 ed.
1198 2166 1490 2222 Ascensiansna

284 2252 439 2304 adhibitam
463 2254 642 2306 scribendum
665 2252 777 2305 videtur
809 2254 937 2321 optimc
964 2252 1003 2305 de
1034 2253 1112 2321 ipso
1139 2253 1275 2307 meritas.
1311 2249 1487 2305 stegen

283 2337 377 2388 mendi
406 2338 486 2405 origo
519 2338 638 2390 obscura
667 2342 717 2391 est.
756 2335 919 2406 Cap.14‚4
950 2336 1081 2403 (Patres
1108 2353 1218 2405 pavor
1244 2338 1392 2405 ingen
1417 2350 1486 2389 ens

284 2422 383 2488 cepit.
403 2440 501 2488 quum
529 2423 669 2491 publico
697 2424 840 2476 nomine
873 2451 914 2488 -‚
940 2428 1007 2475 tum
1035 2423 1200 2492 privatim
1236 2438 1339 2475 suoru·
1357 2434 1485 2472 nun

286 2507 433 2574 quisque
453 2508 571 2573 vicem)
597 2515 673 2560 rectc
692 2507 848 2561 Gronovius
871 2512 901 2560 et
918 2507 1061 2561 Creverius
1087 2512 1194 2576 negant
1212 2507 1319 2561 Livium
1420 2502 1484 2556 niu

284 2590 333 2643 tali
353 2594 501 2645 verborum
521 2593 668 2662 complexu
692 2594 821 2646 alternare
843 2593 983 2661 potuisse,
1011 2598 1042 2646 ut
1064 2594 1216 2662 quisque
1233 2590 1483 2647 scribor-zare

284 2694 336 2744 pro
362 2696 535 2744 quomque
573 2677 627 2730 Sed
657 2696 823 2746 quemque
852 2679 898 2730 xix
916 2679 945 2731 in
964 2679 1109 2746 quisque
1128 2679 1249 2732 transire
1266 2668 1481 2745 potunt-‘auil-

286 2761 401 2815 Fnitne:
429 2780 561 2815 suornm
588 2765 755 2830 cuiusque
775 2765 881 2815 vicem
902 2766 1008 2829 (eorum
1027 2765 1132 2829 viceni,
1151 2763 1201 2830 qui
1220 2762 1262 2814 sui
1280 2754 1482 2813 cultri-tue

286 2865 339 2913 qne
363 2848 473 2911 erantll
503 2847 559 2915 [Sic
582 2847 769 2916 moringus]
789 2847 852 2915 Cap.
875 2850 915 2901 19.
934 2851 957 2913 4,
977 2848 1024 2899 ubi
1043 2848 1078 2900 de
1096 2847 1224 2916 praemiis
1243 2846 1279 2898 ob
1296 2844 1384 2896 Bas
1399 2838 1479 2889 8³⁶·

286 2933 414 2984 ehauralia
432 2934 555 2985 indicata
574 2935 693 2986 decretis
713 2935 819 3000 agitur,
845 2950 897 3000 pro
917 2950 962 2998 eo,
981 2933 1056 2999 (ruod
1076 2952 1090 2983 e
1110 2932 1273 3000 vulgaribus
1290 2945 1358 2981 coc>
1370 2917 1480 2975 ooli·

287 3017 366 3069 citus
393 3018 495 3070 editur:
525 3036 609 3070 neve
628 3018 771 3083 (AElrutiol
804 3035 928 3070 censor
961 3035 1079 3084 equum
1105 3018 1288 3085 publicum
1313 3027 1395 3065 an
1444 2999 1480 3092 tls

288 3102 458 3168 signaret,
485 3105 511 3156 in
530 3105 558 3155 M
578 3110 630 3156 eut:
659 3122 744 3157 neve
773 3121 895 3156 censor
921 3103 1080 3155 Licinius
1104 3119 1230 3169 equum
1256 3101 1320 3170 pub
1360 3086 1481 3145 dtu·

287 3205 358 3239 curn
378 3189 586 3256 assignaret.
616 3191 672 3242 Sub
691 3191 805 3242 nomine
829 3205 944 3257 prorsus
963 3187 1099 3247 absurdo,
1125 3187 1203 3254 quod
1222 3188 1251 3239 in
1269 3184 1378 3250 vulstn
1396 3172 1476 3259 llll?

286 3272 362 3323 ribus
381 3273 461 3326 codd.
477 3276 607 3328 omissum
627 3282 678 3340 est,
698 3293 781 3341 qnuur
802 3291 858 3326 non
878 3272 1097 3340 intellegeretur,
1118 3273 1191 3324 latet
1205 3278 1299 3324 tamen
1315 3282 1371 3319 Β
1442 3251 1477 3305 ⁸1¹

287 3357 368 3422 quid3
387 3367 412 3408 et
430 3358 581 3412 desiderari
598 3361 722 3412 dativum
741 3360 820 3411 mulli
840 3364 1000 3423 senseruut;
1019 3359 1047 3409 in
1065 3357 1171 3410 litteris
1190 3358 1213 3409 li
1236 3357 1306 3409 inest
1418 3353 1476 3394 2⁸¹¹

288 3441 335 3491 scd
347 3442 412 3507 quid
424 3445 522 3496 ceteris
538 3445 676 3510 (einins)
687 3444 743 3507 fiat,
760 3443 873 3497 difficile
892 3445 1008 3497 inventu
1023 3448 1071 3495 est.
1093 3441 1261 3510 [Sententiae
1274 3446 1333 3508 aptr
1345 3438 1397 3485 J
1410 3430 1475 3474 *ΜΝ

290 3534 375 3578 esset:
405 3546 491 3580 neve
519 3547 639 3582 censor
666 3531 694 3581 ei
714 3530 823 3582 invito
844 3546 965 3595 equum
995 3528 1174 3596 publicum
1203 3525 1394 3593 adsigna
1432 3519 1471 3595 ¹¹⁸}

286 3618 348 3663 ret.
386 3613 457 3665 Nam
485 3615 512 3665 in
538 3615 592 3666 hoe
625 3632 735 3680 ‹lnoquc
768 3615 892 3666 membro
925 3612 1122 3680 excipiendum
1157 3618 1232 3675 erat,
1264 3610 1394 3662 volae
1406 3594 1470 3646 llll

288 3696 403 3750 AEbntio
420 3716 520 3765 equum
540 3699 683 3766 adsignari
702 3716 792 3764 posse,
812 3716 846 3750 ne
864 3716 920 3750 non
940 3703 998 3750 tam
1016 3699 1129 3751 vacatio
1145 3698 1213 3751 data
1227 3712 1307 3764 qnam
1417 3689 1467 3728 ·‘'¹'

288 3782 383 3835 clusus
403 3785 461 3850 ipsc
481 3784 630 3835 videretur.
667 3780 721 3834 Sed
740 3782 846 3836 litterae
865 3783 948 3850 longe
967 3784 1076 3836 absunt.
1107 3780 1195 3850 1876]
1230 3778 1342 3850 uod}
1430 3757 1464 3825 §⁶

288 3867 347 3919 iure
367 3867 513 3934 Ussingius
533 3869 661 3935 quique
680 3886 730 3936 pro
749 3869 851 3935 quive
871 3868 955 3920 scribi
974 3867 1072 3920 voluit.
1101 3867 1172 3920 Nam
1193 3872 1222 3920 et
1240 3867 1286 3935 qui
1304 3870 1348 3917 tt
1369 3850 1461 3937 ΑΨ

289 3960 383 4004 essent
403 3958 430 4005 et
449 3953 496 4019 qni
514 3957 614 4020 postea
632 3952 716 4004 futuri
736 3958 844 4018 essent,
868 3958 980 4005 senatus
1005 3970 1065 4005 eem
1088 3970 1148 4004 rem
1168 3969 1266 4005 curare
1283 3951 1385 4003 ine
1409 3932 1457 3981 im·

288 4035 352 4104 Cap.
372 4039 414 4101 20,
432 4040 448 4088 2
467 4037 623 4089 necessario
646 4054 697 4105 pro
721 4038 915 4090 habuerunt
938 4037 1143 4091 restituendum
1163 4038 1316 4090 habuere
1351 4018 1452 4076 5³¹¹

290 4126 321 4171 ut
339 4140 360 4172 o.
381 4125 421 4185 31,
451 4124 482 4174 18
505 4127 692 4174 tenuerant
717 4140 766 4190 pro
793 4128 988 4176 tenuerunt.
1024 4122 1120 4175 Etiam
1143 4140 1167 4176 c.
1188 4125 1264 4187 23‚9
1287 4115 1447 4189 pragam

289 4209 415 4272 tempora
438 4206 658 4273 coniunguntnr;
684 4208 742 4259 sine
769 4207 852 4258 dnbio
876 4213 929 4260 est
951 4212 1017 4275 post
1040 4207 1199 4262 deditum
1218 4183 1439 4260 tollensstffl

290 4295 338 4340 est.
376 4291 522 4343 Transitns
551 4308 566 4343 a
593 4290 707 4343 iussus
735 4300 807 4344 erat
839 4293 875 4345 sd
900 4291 1053 4346 deditum
1081 4297 1133 4346 est
1156 4291 1227 4346 ferri
1251 4298 1314 4361 pote
1347 4302 1364 4315 ·
1390 4284 1427 4339 ”t

290 4373 341 4424 uisi
361 4381 520 4440 sequeretur
537 4375 673 4428 tulerat.
717 4375 802 4444 1865.]
