<?xml version="1.0" encoding="UTF-8"?>
<!DOCTYPE html PUBLIC "-//W3C//DTD XHTML 1.0 Transitional//EN"
    "http://www.w3.org/TR/xhtml1/DTD/xhtml1-transitional.dtd">
<html xmlns="http://www.w3.org/1999/xhtml" xml:lang="en" lang="en">
 <head>
  <title>
</title>
<meta http-equiv="Content-Type" content="text/html;charset=utf-8" />
  <meta name='ocr-system' content='tesseract 3.04.00' />
  <meta name='ocr-capabilities' content='ocr_page ocr_carea ocr_par ocr_line ocrx_word'/>
</head>
<body>
  <div class='ocr_page' id='page_1' title='image "./emendationesliv00madvgoog_0463.png"; bbox 0 0 2994 5108; ppageno 0'>
   <div class='ocr_carea' id='block_1_1' title="bbox 756 480 818 539">
    <p class='ocr_par' dir='ltr' id='par_1_1' title="bbox 756 480 818 539">
     <span class='ocr_line' id='line_1_1' title="bbox 756 480 818 539; baseline 0 0"><span class='ocrx_word' id='word_1_1' title='bbox 756 480 818 539; x_wconf 83' lang='lat'><strong>454</strong></span> 
     </span>
    </p>
   </div>
   <div class='ocr_carea' id='block_1_2' title="bbox 206 659 1370 2571">
    <p class='ocr_par' dir='ltr' id='par_1_2' title="bbox 206 659 1370 2571">
     <span class='ocr_line' id='line_1_2' title="bbox 212 659 1370 746; baseline 0.004 -26"><span class='ocrx_word' id='word_1_2' title='bbox 212 664 326 724; x_wconf 90' lang='lat' dir='ltr'><strong>contra</strong></span> <span class='ocrx_word' id='word_1_3' title='bbox 353 659 379 723; x_wconf 93' lang='lat' dir='ltr'>B</span> <span class='ocrx_word' id='word_1_4' title='bbox 404 668 438 726; x_wconf 89' lang='lat' dir='ltr'><strong>et</strong></span> <span class='ocrx_word' id='word_1_5' title='bbox 463 662 629 746; x_wconf 80' lang='lat' dir='ltr'>vulgares:</span> <span class='ocrx_word' id='word_1_6' title='bbox 665 667 720 740; x_wconf 91' lang='grc'><strong>42,</strong></span> <span class='ocrx_word' id='word_1_7' title='bbox 750 666 769 726; x_wconf 89' lang='grc'><strong>6</strong></span> <span class='ocrx_word' id='word_1_8' title='bbox 798 666 837 726; x_wconf 90' lang='grc'><strong>51</strong></span> <span class='ocrx_word' id='word_1_9' title='bbox 863 660 1092 727; x_wconf 81' lang='lat' dir='ltr'><strong>Buxentum</strong></span> <span class='ocrx_word' id='word_1_10' title='bbox 1121 661 1162 742; x_wconf 91' lang='lat' dir='ltr'><strong>(B</strong></span> <span class='ocrx_word' id='word_1_11' title='bbox 1191 661 1370 726; x_wconf 85' lang='lat' dir='ltr'><strong>exbuxe·</strong></span> 
     </span>
     <span class='ocr_line' id='line_1_3' title="bbox 209 764 1369 850; baseline 0.005 -21"><span class='ocrx_word' id='word_1_12' title='bbox 209 764 343 847; x_wconf 84' lang='lat' dir='ltr'><strong>nium),</strong></span> <span class='ocrx_word' id='word_1_13' title='bbox 372 775 422 850; x_wconf 87' lang='lat'><strong>43,</strong></span> <span class='ocrx_word' id='word_1_14' title='bbox 452 776 664 835; x_wconf 86' lang='grc'><strong>95555155</strong></span> <span class='ocrx_word' id='word_1_15' title='bbox 690 770 921 834; x_wconf 83' lang='grc'><strong>5555515551</strong></span> <span class='ocrx_word' id='word_1_16' title='bbox 943 767 1124 849; x_wconf 84' lang='grc'><strong>(5555155</strong></span> <span class='ocrx_word' id='word_1_17' title='bbox 1146 770 1369 835; x_wconf 81' lang='lat' dir='ltr'><strong>voluisset3</strong></span> 
     </span>
     <span class='ocr_line' id='line_1_4' title="bbox 210 874 1369 961; baseline 0.004 -24"><span class='ocrx_word' id='word_1_18' title='bbox 210 874 250 939; x_wconf 88' lang='lat' dir='ltr'><strong>de</strong></span> <span class='ocrx_word' id='word_1_19' title='bbox 280 875 356 941; x_wconf 80' lang='lat' dir='ltr'><strong>Lov.</strong></span> <span class='ocrx_word' id='word_1_20' title='bbox 384 883 398 941; x_wconf 92' lang='lat' dir='ltr'><strong>l</strong></span> <span class='ocrx_word' id='word_1_21' title='bbox 431 899 508 943; x_wconf 82' lang='lat' dir='ltr'><strong>cave</strong></span> <span class='ocrx_word' id='word_1_22' title='bbox 538 877 652 942; x_wconf 86' lang='lat' dir='ltr'><strong>credas</strong></span> <span class='ocrx_word' id='word_1_23' title='bbox 682 877 845 957; x_wconf 87' lang='lat' dir='ltr'><strong>silentio),</strong></span> <span class='ocrx_word' id='word_1_24' title='bbox 879 882 936 956; x_wconf 87' lang='lat'><strong>44,</strong></span> <span class='ocrx_word' id='word_1_25' title='bbox 967 882 985 941; x_wconf 86' lang='lat'><strong>3</strong></span> <span class='ocrx_word' id='word_1_26' title='bbox 1013 877 1145 961; x_wconf 87' lang='lat' dir='ltr'>pridie</span> <span class='ocrx_word' id='word_1_27' title='bbox 1174 877 1369 942; x_wconf 84' lang='lat' dir='ltr'><strong>calendas</strong></span> 
     </span>
     <span class='ocr_line' id='line_1_5' title="bbox 210 982 1368 1070; baseline 0.003 -24"><span class='ocrx_word' id='word_1_28' title='bbox 210 982 284 1060; x_wconf 81' lang='lat' dir='ltr'><strong>(id,</strong></span> <span class='ocrx_word' id='word_1_29' title='bbox 303 984 333 1047; x_wconf 95' lang='lat' dir='ltr'><strong>h.</strong></span> <span class='ocrx_word' id='word_1_30' title='bbox 353 1005 391 1063; x_wconf 90' lang='lat' dir='ltr'><strong>e.‚</strong></span> <span class='ocrx_word' id='word_1_31' title='bbox 409 986 524 1064; x_wconf 86' lang='lat' dir='ltr'><strong>idus),</strong></span> <span class='ocrx_word' id='word_1_32' title='bbox 547 992 597 1063; x_wconf 83' lang='lat'><strong>45,</strong></span> <span class='ocrx_word' id='word_1_33' title='bbox 621 991 639 1049; x_wconf 83' lang='lat'><strong>2</strong></span> <span class='ocrx_word' id='word_1_34' title='bbox 662 985 860 1049; x_wconf 76' lang='lat' dir='ltr'><strong>Buretum</strong></span> <span class='ocrx_word' id='word_1_35' title='bbox 880 983 1138 1066; x_wconf 87' lang='lat' dir='ltr'><strong>(Buxenium),</strong></span> <span class='ocrx_word' id='word_1_36' title='bbox 1162 989 1214 1064; x_wconf 79' lang='grc'><strong>47,</strong></span> <span class='ocrx_word' id='word_1_37' title='bbox 1238 989 1258 1049; x_wconf 77' lang='grc'>7</span> <span class='ocrx_word' id='word_1_38' title='bbox 1281 1006 1368 1070; x_wconf 81' lang='lat' dir='ltr'><strong>quae</strong></span> 
     </span>
     <span class='ocr_line' id='line_1_6' title="bbox 207 1091 1367 1177; baseline 0.004 -24"><span class='ocrx_word' id='word_1_39' title='bbox 207 1091 380 1174; x_wconf 89' lang='lat' dir='ltr'><strong>imperio</strong></span> <span class='ocrx_word' id='word_1_40' title='bbox 404 1093 487 1176; x_wconf 90' lang='lat' dir='ltr'><strong>(qui</strong></span> <span class='ocrx_word' id='word_1_41' title='bbox 511 1094 704 1177; x_wconf 87' lang='lat' dir='ltr'><strong>imperio),</strong></span> <span class='ocrx_word' id='word_1_42' title='bbox 727 1098 784 1171; x_wconf 83' lang='lat'><strong>49,</strong></span> <span class='ocrx_word' id='word_1_43' title='bbox 809 1098 827 1156; x_wconf 96' lang='grc'><strong>5</strong></span> <span class='ocrx_word' id='word_1_44' title='bbox 851 1091 1192 1157; x_wconf 75' lang='lat' dir='ltr'><strong>Acrocorinthum</strong></span> <span class='ocrx_word' id='word_1_45' title='bbox 1215 1092 1274 1173; x_wconf 88' lang='lat' dir='ltr'><strong>(ac</strong></span> <span class='ocrx_word' id='word_1_46' title='bbox 1298 1091 1367 1159; x_wconf 88' lang='lat' dir='ltr'><strong>Co-</strong></span> 
     </span>
     <span class='ocr_line' id='line_1_7' title="bbox 207 1198 1367 1284; baseline 0.003 -23"><span class='ocrx_word' id='word_1_47' title='bbox 207 1199 447 1281; x_wconf 78' lang='lat' dir='ltr'><strong>rinthnm)¹),</strong></span> <span class='ocrx_word' id='word_1_48' title='bbox 474 1205 509 1263; x_wconf 93' lang='lat' dir='ltr'><strong>ll</strong></span> <span class='ocrx_word' id='word_1_49' title='bbox 535 1223 581 1266; x_wconf 87' lang='lat' dir='ltr'><strong>ac</strong></span> <span class='ocrx_word' id='word_1_50' title='bbox 604 1222 740 1265; x_wconf 90' lang='lat' dir='ltr'><strong>munus</strong></span> <span class='ocrx_word' id='word_1_51' title='bbox 765 1200 871 1281; x_wconf 94' lang='lat' dir='ltr'><strong>(hinc</strong></span> <span class='ocrx_word' id='word_1_52' title='bbox 894 1198 1058 1281; x_wconf 89' lang='lat' dir='ltr'><strong>munus),</strong></span> <span class='ocrx_word' id='word_1_53' title='bbox 1082 1205 1131 1279; x_wconf 89' lang='grc'><strong>50,</strong></span> <span class='ocrx_word' id='word_1_54' title='bbox 1154 1205 1173 1264; x_wconf 81' lang='grc'><strong>6</strong></span> <span class='ocrx_word' id='word_1_55' title='bbox 1197 1200 1245 1264; x_wconf 87' lang='lat' dir='ltr'><strong>ab</strong></span> <span class='ocrx_word' id='word_1_56' title='bbox 1268 1221 1367 1284; x_wconf 85' lang='lat' dir='ltr'><strong>agro</strong></span> 
     </span>
     <span class='ocr_line' id='line_1_8' title="bbox 210 1303 1366 1388; baseline 0.004 -21"><span class='ocrx_word' id='word_1_57' title='bbox 210 1303 438 1387; x_wconf 83' lang='lat' dir='ltr'><strong>Corinthio,</strong></span> <span class='ocrx_word' id='word_1_58' title='bbox 481 1307 510 1370; x_wconf 88' lang='lat' dir='ltr'><strong>h.</strong></span> <span class='ocrx_word' id='word_1_59' title='bbox 541 1330 586 1387; x_wconf 89' lang='grc'><strong>5.,</strong></span> <span class='ocrx_word' id='word_1_60' title='bbox 621 1309 666 1372; x_wconf 80' lang='lat' dir='ltr'><strong>ab</strong></span> <span class='ocrx_word' id='word_1_61' title='bbox 701 1306 998 1373; x_wconf 81' lang='lat' dir='ltr'><strong>Acrocorintho</strong></span> <span class='ocrx_word' id='word_1_62' title='bbox 1039 1306 1101 1388; x_wconf 87' lang='lat' dir='ltr'><strong>(ab</strong></span> <span class='ocrx_word' id='word_1_63' title='bbox 1137 1306 1366 1388; x_wconf 84' lang='lat' dir='ltr'><strong>Corintho).</strong></span> 
     </span>
     <span class='ocr_line' id='line_1_9' title="bbox 209 1411 1366 1500; baseline 0.004 -25"><span class='ocrx_word' id='word_1_64' title='bbox 209 1411 302 1493; x_wconf 83' lang='lat' dir='ltr'><strong>(erae</strong></span> <span class='ocrx_word' id='word_1_65' title='bbox 333 1415 365 1477; x_wconf 95' lang='lat' dir='ltr'><strong>in</strong></span> <span class='ocrx_word' id='word_1_66' title='bbox 394 1414 420 1478; x_wconf 92' lang='lat' dir='ltr'><strong>B</strong></span> <span class='ocrx_word' id='word_1_67' title='bbox 449 1417 591 1480; x_wconf 80' lang='lat' dir='ltr'><strong>rectiora</strong></span> <span class='ocrx_word' id='word_1_68' title='bbox 620 1424 695 1480; x_wconf 89' lang='lat' dir='ltr'><strong>sunt</strong></span> <span class='ocrx_word' id='word_1_69' title='bbox 725 1437 823 1499; x_wconf 89' lang='lat' dir='ltr'><strong>quam</strong></span> <span class='ocrx_word' id='word_1_70' title='bbox 853 1416 887 1478; x_wconf 91' lang='lat' dir='ltr'><strong>in</strong></span> <span class='ocrx_word' id='word_1_71' title='bbox 915 1415 1072 1498; x_wconf 83' lang='lat' dir='ltr'><strong>vulgatis,</strong></span> <span class='ocrx_word' id='word_1_72' title='bbox 1106 1423 1143 1480; x_wconf 92' lang='lat' dir='ltr'><strong>ut</strong></span> <span class='ocrx_word' id='word_1_73' title='bbox 1171 1421 1228 1491; x_wconf 84' lang='lat'><strong>41,</strong></span> <span class='ocrx_word' id='word_1_74' title='bbox 1259 1421 1366 1500; x_wconf 80' lang='grc'><strong>415·</strong></span> 
     </span>
     <span class='ocr_line' id='line_1_10' title="bbox 207 1522 1365 1606; baseline 0.003 -23"><span class='ocrx_word' id='word_1_75' title='bbox 207 1541 358 1585; x_wconf 85' lang='grc'><strong>555555</strong></span> <span class='ocrx_word' id='word_1_76' title='bbox 382 1530 414 1586; x_wconf 89' lang='grc'><strong>51</strong></span> <span class='ocrx_word' id='word_1_77' title='bbox 438 1523 675 1606; x_wconf 82' lang='grc'><strong>5555156551</strong></span> <span class='ocrx_word' id='word_1_78' title='bbox 698 1529 732 1588; x_wconf 89' lang='grc'><strong>51</strong></span> <span class='ocrx_word' id='word_1_79' title='bbox 755 1529 773 1587; x_wconf 89' lang='grc'><strong>6</strong></span> <span class='ocrx_word' id='word_1_80' title='bbox 798 1522 987 1605; x_wconf 91' lang='lat' dir='ltr'><strong>populum</strong></span> <span class='ocrx_word' id='word_1_81' title='bbox 1010 1523 1240 1599; x_wconf 87' lang='lat' dir='ltr'><strong>Romanum,</strong></span> <span class='ocrx_word' id='word_1_82' title='bbox 1264 1523 1365 1587; x_wconf 88' lang='lat' dir='ltr'><strong>etiam</strong></span> 
     </span>
     <span class='ocr_line' id='line_1_11' title="bbox 208 1628 1364 1712; baseline 0.003 -21"><span class='ocrx_word' id='word_1_83' title='bbox 208 1629 241 1691; x_wconf 92' lang='lat' dir='ltr'><strong>in</strong></span> <span class='ocrx_word' id='word_1_84' title='bbox 265 1628 298 1692; x_wconf 91' lang='lat' dir='ltr'>M</span> <span class='ocrx_word' id='word_1_85' title='bbox 320 1629 461 1708; x_wconf 83' lang='lat' dir='ltr'><strong>fuerunt,</strong></span> <span class='ocrx_word' id='word_1_86' title='bbox 491 1653 528 1694; x_wconf 88' lang='lat' dir='ltr'><strong>ex</strong></span> <span class='ocrx_word' id='word_1_87' title='bbox 552 1631 603 1694; x_wconf 89' lang='lat' dir='ltr'><strong>his</strong></span> <span class='ocrx_word' id='word_1_88' title='bbox 627 1631 759 1712; x_wconf 87' lang='lat' dir='ltr'><strong>quidem</strong></span> <span class='ocrx_word' id='word_1_89' title='bbox 781 1629 889 1695; x_wconf 90' lang='lat' dir='ltr'><strong>tribus</strong></span> <span class='ocrx_word' id='word_1_90' title='bbox 914 1631 979 1695; x_wconf 75' lang='lat' dir='ltr'><strong>[luo</strong></span> <span class='ocrx_word' id='word_1_91' title='bbox 1003 1652 1024 1695; x_wconf 86' lang='lat' dir='ltr'><strong>a</strong></span> <span class='ocrx_word' id='word_1_92' title='bbox 1048 1631 1184 1695; x_wconf 86' lang='lat' dir='ltr'><strong>Gelenio</strong></span> <span class='ocrx_word' id='word_1_93' title='bbox 1206 1630 1364 1706; x_wconf 84' lang='lat' dir='ltr'><strong>indicata,</strong></span> 
     </span>
     <span class='ocr_line' id='line_1_12' title="bbox 206 1737 1362 1821; baseline 0.003 -23"><span class='ocrx_word' id='word_1_94' title='bbox 206 1737 356 1814; x_wconf 89' lang='lat' dir='ltr'><strong>tertium,</strong></span> <span class='ocrx_word' id='word_1_95' title='bbox 390 1738 641 1821; x_wconf 72' lang='lat' dir='ltr'><strong>prabebant,</strong></span> <span class='ocrx_word' id='word_1_96' title='bbox 677 1740 778 1802; x_wconf 85' lang='lat' dir='ltr'><strong>tacite</strong></span> <span class='ocrx_word' id='word_1_97' title='bbox 808 1738 849 1802; x_wconf 87' lang='lat' dir='ltr'><strong>ab</strong></span> <span class='ocrx_word' id='word_1_98' title='bbox 878 1759 916 1802; x_wconf 88' lang='lat' dir='ltr'><strong>eo</strong></span> <span class='ocrx_word' id='word_1_99' title='bbox 946 1739 979 1801; x_wconf 93' lang='lat' dir='ltr'><strong>in</strong></span> <span class='ocrx_word' id='word_1_100' title='bbox 1002 1738 1098 1802; x_wconf 82' lang='lat' dir='ltr'><strong>Frob.</strong></span> <span class='ocrx_word' id='word_1_101' title='bbox 1123 1741 1142 1800; x_wconf 86' lang='grc'>2</span> <span class='ocrx_word' id='word_1_102' title='bbox 1165 1737 1362 1820; x_wconf 84' lang='lat' dir='ltr'><strong>receptum.)</strong></span> 
     </span>
     <span class='ocr_line' id='line_1_13' title="bbox 207 1842 1362 1928; baseline 0.003 -24"><span class='ocrx_word' id='word_1_103' title='bbox 207 1842 244 1904; x_wconf 92' lang='lat' dir='ltr'><strong>ln</strong></span> <span class='ocrx_word' id='word_1_104' title='bbox 284 1844 400 1908; x_wconf 88' lang='lat' dir='ltr'><strong>iisdem</strong></span> <span class='ocrx_word' id='word_1_105' title='bbox 440 1845 603 1928; x_wconf 82' lang='lat' dir='ltr'><strong>capitibus</strong></span> <span class='ocrx_word' id='word_1_106' title='bbox 643 1845 712 1909; x_wconf 84' lang='lat' dir='ltr'><strong>haec</strong></span> <span class='ocrx_word' id='word_1_107' title='bbox 751 1847 784 1909; x_wconf 92' lang='lat' dir='ltr'><strong>iu</strong></span> <span class='ocrx_word' id='word_1_108' title='bbox 827 1845 854 1909; x_wconf 91' lang='lat' dir='ltr'><strong>B</strong></span> <span class='ocrx_word' id='word_1_109' title='bbox 889 1853 922 1909; x_wconf 91' lang='lat' dir='ltr'><strong>et</strong></span> <span class='ocrx_word' id='word_1_110' title='bbox 957 1844 1145 1926; x_wconf 82' lang='lat' dir='ltr'><strong>vulgaribus</strong></span> <span class='ocrx_word' id='word_1_111' title='bbox 1187 1845 1312 1909; x_wconf 84' lang='lat' dir='ltr'><strong>omissa</strong></span> <span class='ocrx_word' id='word_1_112' title='bbox 1345 1865 1362 1908; x_wconf 92' lang='lat' dir='ltr'><strong>e</strong></span> 
     </span>
     <span class='ocr_line' id='line_1_14' title="bbox 208 1950 1359 2035; baseline 0.003 -23"><span class='ocrx_word' id='word_1_113' title='bbox 208 1950 241 2012; x_wconf 89' lang='lat' dir='ltr'><strong>M</strong></span> <span class='ocrx_word' id='word_1_114' title='bbox 266 1952 418 2034; x_wconf 87' lang='grc'><strong>55551515</strong></span> <span class='ocrx_word' id='word_1_115' title='bbox 440 1959 529 2017; x_wconf 87' lang='grc'><strong>5551;</strong></span> <span class='ocrx_word' id='word_1_116' title='bbox 565 1958 615 2030; x_wconf 90' lang='grc'><strong>42,</strong></span> <span class='ocrx_word' id='word_1_117' title='bbox 647 1954 767 2035; x_wconf 79' lang='grc'><strong>6551,</strong></span> <span class='ocrx_word' id='word_1_118' title='bbox 796 1958 846 2032; x_wconf 86' lang='lat'><strong>45,</strong></span> <span class='ocrx_word' id='word_1_119' title='bbox 876 1958 956 2016; x_wconf 88' lang='grc'><strong>555</strong></span> <span class='ocrx_word' id='word_1_120' title='bbox 980 1951 1014 2016; x_wconf 89' lang='lat' dir='ltr'><strong>C.</strong></span> <span class='ocrx_word' id='word_1_121' title='bbox 1040 1950 1239 2030; x_wconf 87' lang='lat' dir='ltr'><strong>Salonius,</strong></span> <span class='ocrx_word' id='word_1_122' title='bbox 1269 1957 1359 2030; x_wconf 93' lang='grc'><strong>46,1</strong></span> 
     </span>
     <span class='ocr_line' id='line_1_15' title="bbox 208 2058 1362 2142; baseline 0.002 -21"><span class='ocrx_word' id='word_1_123' title='bbox 208 2058 378 2124; x_wconf 81' lang='lat' dir='ltr'><strong>Flaccus</strong></span> <span class='ocrx_word' id='word_1_124' title='bbox 402 2059 597 2140; x_wconf 87' lang='lat' dir='ltr'><strong>(Weissenb.</strong></span> <span class='ocrx_word' id='word_1_125' title='bbox 622 2062 709 2139; x_wconf 78' lang='lat' dir='ltr'><strong>onn),</strong></span> <span class='ocrx_word' id='word_1_126' title='bbox 740 2059 805 2124; x_wconf 88' lang='lat' dir='ltr'><strong>ibd.</strong></span> <span class='ocrx_word' id='word_1_127' title='bbox 831 2064 849 2122; x_wconf 92' lang='grc'>2</span> <span class='ocrx_word' id='word_1_128' title='bbox 873 2061 1016 2142; x_wconf 87' lang='lat' dir='ltr'><strong>pondo,</strong></span> <span class='ocrx_word' id='word_1_129' title='bbox 1046 2060 1178 2142; x_wconf 90' lang='lat' dir='ltr'><strong>bigati</strong></span> <span class='ocrx_word' id='word_1_130' title='bbox 1202 2067 1362 2124; x_wconf 88' lang='lat' dir='ltr'><strong>centum</strong></span> 
     </span>
     <span class='ocr_line' id='line_1_16' title="bbox 207 2166 1360 2250; baseline 0.003 -23"><span class='ocrx_word' id='word_1_131' title='bbox 207 2167 352 2246; x_wconf 80' lang='lat' dir='ltr'><strong>viginti</strong></span> <span class='ocrx_word' id='word_1_132' title='bbox 386 2169 467 2231; x_wconf 85' lang='lat' dir='ltr'><strong>tria</strong></span> <span class='ocrx_word' id='word_1_133' title='bbox 502 2168 647 2245; x_wconf 82' lang='lat' dir='ltr'><strong>millia,</strong></span> <span class='ocrx_word' id='word_1_134' title='bbox 695 2167 887 2231; x_wconf 84' lang='lat' dir='ltr'><strong>Oscensis</strong></span> <span class='ocrx_word' id='word_1_135' title='bbox 922 2167 1146 2249; x_wconf 83' lang='lat' dir='ltr'><strong>quingenta</strong></span> <span class='ocrx_word' id='word_1_136' title='bbox 1181 2166 1360 2250; x_wconf 84' lang='lat' dir='ltr'><strong>quadra-</strong></span> 
     </span>
     <span class='ocr_line' id='line_1_17' title="bbox 207 2274 1360 2359; baseline 0.002 -22"><span class='ocrx_word' id='word_1_137' title='bbox 207 2275 376 2356; x_wconf 76' lang='lat' dir='ltr'><strong>ginta2),</strong></span> <span class='ocrx_word' id='word_1_138' title='bbox 417 2280 434 2337; x_wconf 87' lang='grc'><strong>3</strong></span> <span class='ocrx_word' id='word_1_139' title='bbox 472 2298 515 2338; x_wconf 88' lang='lat' dir='ltr'><strong>ex</strong></span> <span class='ocrx_word' id='word_1_140' title='bbox 549 2275 684 2359; x_wconf 73' lang='grc'><strong>5555115</strong></span> <span class='ocrx_word' id='word_1_141' title='bbox 714 2276 776 2356; x_wconf 84' lang='lat' dir='ltr'><strong>(W.</strong></span> <span class='ocrx_word' id='word_1_142' title='bbox 802 2274 896 2354; x_wconf 85' lang='grc'><strong>555),</strong></span> <span class='ocrx_word' id='word_1_143' title='bbox 932 2279 987 2352; x_wconf 85' lang='grc'><strong>48,</strong></span> <span class='ocrx_word' id='word_1_144' title='bbox 1026 2281 1038 2337; x_wconf 95' lang='lat' dir='ltr'><strong>l</strong></span> <span class='ocrx_word' id='word_1_145' title='bbox 1070 2275 1360 2358; x_wconf 80' lang='lat' dir='ltr'><strong>Ligurumque,</strong></span> 
     </span>
     <span class='ocr_line' id='line_1_18' title="bbox 206 2379 1361 2462; baseline 0.002 -19"><span class='ocrx_word' id='word_1_146' title='bbox 206 2381 271 2444; x_wconf 91' lang='lat' dir='ltr'><strong>ibd.</strong></span> <span class='ocrx_word' id='word_1_147' title='bbox 297 2382 552 2446; x_wconf 77' lang='grc'><strong>6555551551</strong></span> <span class='ocrx_word' id='word_1_148' title='bbox 576 2384 804 2448; x_wconf 85' lang='lat' dir='ltr'><strong>visceribus</strong></span> <span class='ocrx_word' id='word_1_149' title='bbox 827 2382 1095 2446; x_wconf 83' lang='lat' dir='ltr'><strong>nobilissimae</strong></span> <span class='ocrx_word' id='word_1_150' title='bbox 1118 2379 1361 2462; x_wconf 78' lang='lat' dir='ltr'><strong>civitatis³),</strong></span> 
     </span>
     <span class='ocr_line' id='line_1_19' title="bbox 207 2486 1360 2571; baseline 0.002 -22"><span class='ocrx_word' id='word_1_151' title='bbox 207 2491 264 2557; x_wconf 81' lang='grc'><strong>40,</strong></span> <span class='ocrx_word' id='word_1_152' title='bbox 298 2492 381 2553; x_wconf 81' lang='lat' dir='ltr'><strong>Set</strong></span> <span class='ocrx_word' id='word_1_153' title='bbox 405 2489 494 2571; x_wconf 89' lang='grc'><strong>(5515</strong></span> <span class='ocrx_word' id='word_1_154' title='bbox 519 2490 793 2570; x_wconf 81' lang='lat' dir='ltr'><strong>civitatibus),</strong></span> <span class='ocrx_word' id='word_1_155' title='bbox 825 2495 878 2567; x_wconf 88' lang='grc'><strong>50,</strong></span> <span class='ocrx_word' id='word_1_156' title='bbox 914 2495 932 2551; x_wconf 87' lang='grc'>9</span> <span class='ocrx_word' id='word_1_157' title='bbox 960 2489 1239 2552; x_wconf 80' lang='lat' dir='ltr'><strong>liberatorem.</strong></span> <span class='ocrx_word' id='word_1_158' title='bbox 1296 2486 1360 2551; x_wconf 89' lang='lat' dir='ltr'><strong>De·</strong></span> 
     </span>
    </p>
   </div>
   <div class='ocr_carea' id='block_1_3' title="bbox 205 2592 1364 3217">
    <p class='ocr_par' dir='ltr' id='par_1_3' title="bbox 205 2592 1364 3217">
     <span class='ocr_line' id='line_1_20' title="bbox 206 2592 1361 2680; baseline 0 -23"><span class='ocrx_word' id='word_1_159' title='bbox 206 2592 323 2659; x_wconf 77' lang='grc'><strong>1155551</strong></span> <span class='ocrx_word' id='word_1_160' title='bbox 357 2606 517 2679; x_wconf 81' lang='grc'><strong>55515555</strong></span> <span class='ocrx_word' id='word_1_161' title='bbox 551 2622 576 2661; x_wconf 81' lang='lat' dir='ltr'><strong>e.</strong></span> <span class='ocrx_word' id='word_1_162' title='bbox 607 2606 662 2663; x_wconf 69' lang='grc'><strong>45.</strong></span> <span class='ocrx_word' id='word_1_163' title='bbox 699 2605 716 2661; x_wconf 93' lang='grc'>2</span> <span class='ocrx_word' id='word_1_164' title='bbox 747 2620 805 2680; x_wconf 91' lang='grc'><strong>555</strong></span> <span class='ocrx_word' id='word_1_165' title='bbox 835 2596 980 2661; x_wconf 86' lang='lat' dir='ltr'><strong>Eodem</strong></span> <span class='ocrx_word' id='word_1_166' title='bbox 1018 2618 1120 2660; x_wconf 90' lang='lat' dir='ltr'><strong>anno</strong></span> <span class='ocrx_word' id='word_1_167' title='bbox 1151 2596 1251 2660; x_wconf 87' lang='lat' dir='ltr'><strong>scribi</strong></span> <span class='ocrx_word' id='word_1_168' title='bbox 1279 2615 1297 2659; x_wconf 86' lang='lat' dir='ltr'><strong>e</strong></span> <span class='ocrx_word' id='word_1_169' title='bbox 1326 2592 1361 2657; x_wconf 88' lang='lat' dir='ltr'>M</span> 
     </span>
     <span class='ocr_line' id='line_1_21' title="bbox 207 2703 1362 2783; baseline 0 -18"><span class='ocrx_word' id='word_1_170' title='bbox 207 2703 353 2768; x_wconf 81' lang='lat' dir='ltr'><strong>Eodem</strong></span> <span class='ocrx_word' id='word_1_171' title='bbox 382 2705 455 2768; x_wconf 90' lang='lat' dir='ltr'><strong>hoc</strong></span> <span class='ocrx_word' id='word_1_172' title='bbox 484 2727 596 2783; x_wconf 90' lang='grc'><strong>5555,</strong></span> <span class='ocrx_word' id='word_1_173' title='bbox 621 2706 692 2768; x_wconf 86' lang='lat' dir='ltr'><strong>coll.</strong></span> <span class='ocrx_word' id='word_1_174' title='bbox 717 2705 846 2777; x_wconf 86' lang='lat' dir='ltr'>XXXV,</span> <span class='ocrx_word' id='word_1_175' title='bbox 871 2709 921 2773; x_wconf 88' lang='grc'><strong>40,</strong></span> <span class='ocrx_word' id='word_1_176' title='bbox 947 2709 975 2767; x_wconf 91' lang='grc'><strong>5.</strong></span> <span class='ocrx_word' id='word_1_177' title='bbox 1022 2703 1187 2768; x_wconf 74' lang='lat' dir='ltr'><strong>Praeterea</strong></span> <span class='ocrx_word' id='word_1_178' title='bbox 1209 2703 1237 2766; x_wconf 91' lang='lat' dir='ltr'>B</span> <span class='ocrx_word' id='word_1_179' title='bbox 1261 2703 1362 2777; x_wconf 84' lang='grc'><strong>55155,</strong></span> 
     </span>
     <span class='ocr_line' id='line_1_22' title="bbox 207 2812 1361 2893; baseline 0 -19"><span class='ocrx_word' id='word_1_180' title='bbox 207 2812 294 2892; x_wconf 85' lang='lat' dir='ltr'><strong>quod</strong></span> <span class='ocrx_word' id='word_1_181' title='bbox 318 2814 466 2888; x_wconf 80' lang='grc'><strong>55155555,</strong></span> <span class='ocrx_word' id='word_1_182' title='bbox 489 2813 556 2876; x_wconf 65' lang='lat' dir='ltr'><strong>hauc</strong></span> <span class='ocrx_word' id='word_1_183' title='bbox 581 2815 716 2877; x_wconf 80' lang='lat' dir='ltr'><strong>omittit:</strong></span> <span class='ocrx_word' id='word_1_184' title='bbox 742 2818 791 2890; x_wconf 85' lang='lat'><strong>41,</strong></span> <span class='ocrx_word' id='word_1_185' title='bbox 813 2821 830 2874; x_wconf 99' lang='grc'><strong>4</strong></span> <span class='ocrx_word' id='word_1_186' title='bbox 850 2835 869 2893; x_wconf 85' lang='lat' dir='ltr'>q</span> <span class='ocrx_word' id='word_1_187' title='bbox 879 2820 1003 2875; x_wconf 89' lang='grc'><strong>55555</strong></span> <span class='ocrx_word' id='word_1_188' title='bbox 1013 2834 1052 2883; x_wconf 89' lang='lat' dir='ltr'><strong>m,</strong></span> <span class='ocrx_word' id='word_1_189' title='bbox 1076 2817 1126 2886; x_wconf 84' lang='lat'><strong>44,</strong></span> <span class='ocrx_word' id='word_1_190' title='bbox 1151 2815 1361 2892; x_wconf 66' lang='lat' dir='ltr'><strong>Qmagnos</strong></span> 
     </span>
     <span class='ocr_line' id='line_1_23' title="bbox 208 2919 1363 3000; baseline -0.001 -20"><span class='ocrx_word' id='word_1_191' title='bbox 208 2925 226 2980; x_wconf 86' lang='grc'><strong>5</strong></span> <span class='ocrx_word' id='word_1_192' title='bbox 251 2920 431 3000; x_wconf 82' lang='lat' dir='ltr'><strong>publica,</strong></span> <span class='ocrx_word' id='word_1_193' title='bbox 456 2928 474 2981; x_wconf 87' lang='grc'><strong>6</strong></span> <span class='ocrx_word' id='word_1_194' title='bbox 499 2923 535 2984; x_wconf 87' lang='grc'><strong>15</strong></span> <span class='ocrx_word' id='word_1_195' title='bbox 561 2943 773 2998; x_wconf 76' lang='lat' dir='ltr'><strong>carcerem,</strong></span> <span class='ocrx_word' id='word_1_196' title='bbox 797 2926 846 2997; x_wconf 87' lang='grc'><strong>45,</strong></span> <span class='ocrx_word' id='word_1_197' title='bbox 870 2925 888 2982; x_wconf 85' lang='grc'><strong>7</strong></span> <span class='ocrx_word' id='word_1_198' title='bbox 912 2919 1025 2996; x_wconf 82' lang='lat' dir='ltr'><strong>Nare,</strong></span> <span class='ocrx_word' id='word_1_199' title='bbox 1051 2939 1153 2983; x_wconf 79' lang='lat' dir='ltr'><strong>vacuo</strong></span> <span class='ocrx_word' id='word_1_200' title='bbox 1178 2919 1286 3000; x_wconf 81' lang='lat' dir='ltr'><strong>spatio</strong></span> <span class='ocrx_word' id='word_1_201' title='bbox 1311 2938 1363 2980; x_wconf 89' lang='lat' dir='ltr'><strong>re·</strong></span> 
     </span>
     <span class='ocr_line' id='line_1_24' title="bbox 205 3025 1364 3106; baseline -0.003 -16"><span class='ocrx_word' id='word_1_202' title='bbox 205 3028 300 3103; x_wconf 89' lang='lat' dir='ltr'><strong>licto,</strong></span> <span class='ocrx_word' id='word_1_203' title='bbox 330 3028 565 3106; x_wconf 70' lang='grc'><strong>1151155411,</strong></span> <span class='ocrx_word' id='word_1_204' title='bbox 596 3034 613 3090; x_wconf 86' lang='grc'><strong>5</strong></span> <span class='ocrx_word' id='word_1_205' title='bbox 641 3031 694 3092; x_wconf 79' lang='lat' dir='ltr'><strong>in,</strong></span> <span class='ocrx_word' id='word_1_206' title='bbox 725 3034 774 3105; x_wconf 78' lang='grc'><strong>47,</strong></span> <span class='ocrx_word' id='word_1_207' title='bbox 805 3035 823 3089; x_wconf 87' lang='grc'><strong>4</strong></span> <span class='ocrx_word' id='word_1_208' title='bbox 848 3051 875 3090; x_wconf 88' lang='grc'><strong>5.</strong></span> <span class='ocrx_word' id='word_1_209' title='bbox 923 3027 970 3090; x_wconf 81' lang='lat' dir='ltr'><strong>Ex</strong></span> <span class='ocrx_word' id='word_1_210' title='bbox 999 3025 1364 3089; x_wconf 70' lang='grc'><strong>15151151555511555155</strong></span> 
     </span>
     <span class='ocr_line' id='line_1_25' title="bbox 206 3135 1176 3217; baseline -0.002 -20"><span class='ocrx_word' id='word_1_211' title='bbox 206 3157 369 3217; x_wconf 78' lang='lat' dir='ltr'><strong>magnos</strong></span> <span class='ocrx_word' id='word_1_212' title='bbox 395 3159 420 3199; x_wconf 88' lang='grc'><strong>5.</strong></span> <span class='ocrx_word' id='word_1_213' title='bbox 446 3144 494 3213; x_wconf 85' lang='grc'><strong>14,</strong></span> <span class='ocrx_word' id='word_1_214' title='bbox 519 3143 537 3199; x_wconf 87' lang='grc'>2</span> <span class='ocrx_word' id='word_1_215' title='bbox 562 3138 833 3211; x_wconf 78' lang='lat' dir='ltr'><strong>commemoravit,</strong></span> <span class='ocrx_word' id='word_1_216' title='bbox 858 3136 896 3199; x_wconf 83' lang='grc'><strong>(15</strong></span> <span class='ocrx_word' id='word_1_217' title='bbox 921 3137 1039 3198; x_wconf 83' lang='grc'><strong>5515515</strong></span> <span class='ocrx_word' id='word_1_218' title='bbox 1063 3135 1176 3198; x_wconf 86' lang='lat' dir='ltr'><strong>tacuit.</strong></span> 
     </span>
    </p>
   </div>
   <div class='ocr_carea' id='block_1_4' title="bbox 232 3405 1367 4410">
    <p class='ocr_par' dir='ltr' id='par_1_4' title="bbox 235 3405 1365 3730">
     <span class='ocr_line' id='line_1_26' title="bbox 235 3405 1365 3473; baseline 0.002 -17"><span class='ocrx_word' id='word_1_219' title='bbox 235 3405 260 3468; x_wconf 89' lang='lat'><strong>¹)</strong></span> <span class='ocrx_word' id='word_1_220' title='bbox 279 3405 359 3470; x_wconf 79' lang='lat' dir='ltr'><strong>Quod</strong></span> <span class='ocrx_word' id='word_1_221' title='bbox 378 3406 507 3458; x_wconf 81' lang='lat' dir='ltr'><strong>Gelenius</strong></span> <span class='ocrx_word' id='word_1_222' title='bbox 533 3407 645 3459; x_wconf 86' lang='lat' dir='ltr'><strong>scribit:</strong></span> <span class='ocrx_word' id='word_1_223' title='bbox 675 3407 766 3473; x_wconf 80' lang='lat' dir='ltr'><strong>„Lege</strong></span> <span class='ocrx_word' id='word_1_224' title='bbox 792 3405 1118 3465; x_wconf 75' lang='lat' dir='ltr'><strong>Acroi·orinthum“,</strong></span> <span class='ocrx_word' id='word_1_225' title='bbox 1146 3423 1202 3459; x_wconf 91' lang='lat' dir='ltr'><strong>non</strong></span> <span class='ocrx_word' id='word_1_226' title='bbox 1227 3405 1324 3459; x_wconf 91' lang='lat' dir='ltr'><strong>minus</strong></span> <span class='ocrx_word' id='word_1_227' title='bbox 1349 3424 1365 3458; x_wconf 86' lang='lat' dir='ltr'><strong>e</strong></span> 
     </span>
     <span class='ocr_line' id='line_1_27' title="bbox 274 3490 1363 3564; baseline 0.004 -24"><span class='ocrx_word' id='word_1_228' title='bbox 274 3490 372 3542; x_wconf 82' lang='lat' dir='ltr'><strong>codiee</strong></span> <span class='ocrx_word' id='word_1_229' title='bbox 398 3491 478 3543; x_wconf 81' lang='lat' dir='ltr'><strong>duxit</strong></span> <span class='ocrx_word' id='word_1_230' title='bbox 502 3509 585 3557; x_wconf 84' lang='lat' dir='ltr'><strong>quam</strong></span> <span class='ocrx_word' id='word_1_231' title='bbox 605 3510 627 3542; x_wconf 87' lang='lat' dir='ltr'><strong>e.</strong></span> <span class='ocrx_word' id='word_1_232' title='bbox 647 3496 692 3549; x_wconf 81' lang='grc'><strong>41,</strong></span> <span class='ocrx_word' id='word_1_233' title='bbox 720 3495 736 3543; x_wconf 89' lang='lat'>4</span> <span class='ocrx_word' id='word_1_234' title='bbox 760 3498 926 3557; x_wconf 84' lang='lat' dir='ltr'><strong>tyrannus</strong></span> <span class='ocrx_word' id='word_1_235' title='bbox 950 3499 979 3543; x_wconf 86' lang='lat' dir='ltr'><strong>et</strong></span> <span class='ocrx_word' id='word_1_236' title='bbox 1003 3495 1019 3543; x_wconf 92' lang='grc'><strong>6</strong></span> <span class='ocrx_word' id='word_1_237' title='bbox 1043 3491 1207 3564; x_wconf 84' lang='grc'><strong>55551555</strong></span> <span class='ocrx_word' id='word_1_238' title='bbox 1232 3491 1363 3544; x_wconf 85' lang='lat' dir='ltr'><strong>Roma·</strong></span> 
     </span>
     <span class='ocr_line' id='line_1_28' title="bbox 275 3562 1363 3644; baseline 0.003 -18"><span class='ocrx_word' id='word_1_239' title='bbox 275 3592 367 3640; x_wconf 85' lang='lat' dir='ltr'><strong>nuru,</strong></span> <span class='ocrx_word' id='word_1_240' title='bbox 395 3577 423 3628; x_wconf 90' lang='lat' dir='ltr'><strong>in</strong></span> <span class='ocrx_word' id='word_1_241' title='bbox 447 3576 547 3642; x_wconf 79' lang='lat' dir='ltr'><strong>quibus</strong></span> <span class='ocrx_word' id='word_1_242' title='bbox 573 3562 670 3629; x_wconf 83' lang='lat' dir='ltr'><strong>eadem</strong></span> <span class='ocrx_word' id='word_1_243' title='bbox 692 3578 881 3641; x_wconf 80' lang='grc'><strong>5555511155,</strong></span> <span class='ocrx_word' id='word_1_244' title='bbox 909 3576 1015 3628; x_wconf 83' lang='lat' dir='ltr'><strong>codicis</strong></span> <span class='ocrx_word' id='word_1_245' title='bbox 1034 3577 1232 3628; x_wconf 81' lang='lat' dir='ltr'><strong>auotoritotem</strong></span> <span class='ocrx_word' id='word_1_246' title='bbox 1250 3575 1363 3644; x_wconf 83' lang='lat' dir='ltr'><strong>signifi·</strong></span> 
     </span>
     <span class='ocr_line' id='line_1_29' title="bbox 275 3658 1180 3730; baseline 0.001 -19"><span class='ocrx_word' id='word_1_247' title='bbox 275 3676 349 3725; x_wconf 86' lang='lat' dir='ltr'><strong>cans,</strong></span> <span class='ocrx_word' id='word_1_248' title='bbox 369 3667 400 3713; x_wconf 90' lang='lat' dir='ltr'><strong>ut</strong></span> <span class='ocrx_word' id='word_1_249' title='bbox 419 3679 492 3713; x_wconf 85' lang='lat' dir='ltr'><strong>nunc</strong></span> <span class='ocrx_word' id='word_1_250' title='bbox 512 3679 546 3713; x_wconf 83' lang='lat' dir='ltr'><strong>ex</strong></span> <span class='ocrx_word' id='word_1_251' title='bbox 564 3661 585 3711; x_wconf 91' lang='lat' dir='ltr'>B</span> <span class='ocrx_word' id='word_1_252' title='bbox 605 3668 729 3730; x_wconf 82' lang='grc'><strong>5555551.</strong></span> <span class='ocrx_word' id='word_1_253' title='bbox 767 3666 808 3729; x_wconf 85' lang='grc'><strong>49,</strong></span> <span class='ocrx_word' id='word_1_254' title='bbox 830 3668 856 3715; x_wconf 94' lang='grc'><strong>11</strong></span> <span class='ocrx_word' id='word_1_255' title='bbox 879 3662 948 3715; x_wconf 85' lang='lat' dir='ltr'><strong>dicit</strong></span> <span class='ocrx_word' id='word_1_256' title='bbox 966 3658 1180 3727; x_wconf 88' lang='lat' dir='ltr'><strong>‚,restituimus“.</strong></span> 
     </span>
    </p>

    <p class='ocr_par' dir='ltr' id='par_1_5' title="bbox 232 3745 1367 4155">
     <span class='ocr_line' id='line_1_30' title="bbox 232 3745 1364 3819; baseline 0.002 -22"><span class='ocrx_word' id='word_1_257' title='bbox 232 3745 259 3810; x_wconf 66' lang='grc'><strong>2)</strong></span> <span class='ocrx_word' id='word_1_258' title='bbox 278 3745 345 3799; x_wconf 86' lang='lat' dir='ltr'><strong>Haec</strong></span> <span class='ocrx_word' id='word_1_259' title='bbox 369 3746 425 3811; x_wconf 66' lang='lat' dir='ltr'><strong>W,</strong></span> <span class='ocrx_word' id='word_1_260' title='bbox 453 3749 505 3800; x_wconf 88' lang='lat' dir='ltr'><strong>etsi</strong></span> <span class='ocrx_word' id='word_1_261' title='bbox 533 3755 622 3815; x_wconf 88' lang='lat' dir='ltr'><strong>tenet,</strong></span> <span class='ocrx_word' id='word_1_262' title='bbox 650 3755 732 3819; x_wconf 88' lang='grc'><strong>55551</strong></span> <span class='ocrx_word' id='word_1_263' title='bbox 760 3749 876 3801; x_wconf 85' lang='grc'><strong>15515555</strong></span> <span class='ocrx_word' id='word_1_264' title='bbox 905 3747 1091 3801; x_wconf 86' lang='lat' dir='ltr'><strong>coniectando</strong></span> <span class='ocrx_word' id='word_1_265' title='bbox 1119 3745 1253 3815; x_wconf 87' lang='lat' dir='ltr'><strong>suppleta</strong></span> <span class='ocrx_word' id='word_1_266' title='bbox 1277 3745 1364 3811; x_wconf 79' lang='lat' dir='ltr'><strong>(will-</strong></span> 
     </span>
     <span class='ocr_line' id='line_1_31' title="bbox 274 3831 1367 3901; baseline 0.004 -19"><span class='ocrx_word' id='word_1_267' title='bbox 274 3831 383 3885; x_wconf 80' lang='lat' dir='ltr'><strong>lriirlioh</strong></span> <span class='ocrx_word' id='word_1_268' title='bbox 402 3837 535 3901; x_wconf 74' lang='lat' dir='ltr'><strong>erganzt).</strong></span> <span class='ocrx_word' id='word_1_269' title='bbox 577 3834 643 3899; x_wconf 78' lang='lat' dir='ltr'><strong>Quis</strong></span> <span class='ocrx_word' id='word_1_270' title='bbox 667 3835 716 3887; x_wconf 83' lang='lat' dir='ltr'><strong>illa</strong></span> <span class='ocrx_word' id='word_1_271' title='bbox 734 3840 830 3897; x_wconf 79' lang='grc'><strong>51515,</strong></span> <span class='ocrx_word' id='word_1_272' title='bbox 855 3833 932 3885; x_wconf 85' lang='lat' dir='ltr'><strong>cuius</strong></span> <span class='ocrx_word' id='word_1_273' title='bbox 951 3833 1112 3893; x_wconf 73' lang='lat' dir='ltr'><strong>osteodes,</strong></span> <span class='ocrx_word' id='word_1_274' title='bbox 1136 3832 1233 3884; x_wconf 81' lang='lat' dir='ltr'><strong>deesse</strong></span> <span class='ocrx_word' id='word_1_275' title='bbox 1253 3831 1367 3901; x_wconf 83' lang='lat' dir='ltr'><strong>aliquid</strong></span> 
     </span>
     <span class='ocr_line' id='line_1_32' title="bbox 275 3916 1366 3986; baseline 0.001 -17"><span class='ocrx_word' id='word_1_276' title='bbox 275 3918 428 3971; x_wconf 84' lang='lat' dir='ltr'><strong>sensisset?</strong></span> <span class='ocrx_word' id='word_1_277' title='bbox 448 3919 513 3985; x_wconf 76' lang='lat' dir='ltr'><strong>Quis</strong></span> <span class='ocrx_word' id='word_1_278' title='bbox 533 3920 591 3972; x_wconf 88' lang='lat' dir='ltr'><strong>ulla</strong></span> <span class='ocrx_word' id='word_1_279' title='bbox 610 3926 694 3973; x_wconf 78' lang='grc'><strong>551515</strong></span> <span class='ocrx_word' id='word_1_280' title='bbox 713 3925 771 3971; x_wconf 87' lang='lat' dir='ltr'><strong>tam</strong></span> <span class='ocrx_word' id='word_1_281' title='bbox 789 3924 866 3970; x_wconf 87' lang='grc'><strong>55515</strong></span> <span class='ocrx_word' id='word_1_282' title='bbox 885 3924 913 3969; x_wconf 86' lang='grc'><strong>51</strong></span> <span class='ocrx_word' id='word_1_283' title='bbox 932 3918 1044 3985; x_wconf 87' lang='lat' dir='ltr'><strong>proprie</strong></span> <span class='ocrx_word' id='word_1_284' title='bbox 1060 3916 1218 3986; x_wconf 86' lang='lat' dir='ltr'><strong>supplesset</strong></span> <span class='ocrx_word' id='word_1_285' title='bbox 1234 3917 1366 3986; x_wconf 82' lang='lat' dir='ltr'><strong>(bigati</strong></span> 
     </span>
     <span class='ocr_line' id='line_1_33' title="bbox 274 4001 1364 4070; baseline 0 -16"><span class='ocrx_word' id='word_1_286' title='bbox 274 4002 520 4069; x_wconf 65' lang='grc'><strong>-0555551511</strong></span> <span class='ocrx_word' id='word_1_287' title='bbox 551 4004 637 4070; x_wconf 79' lang='lat' dir='ltr'><strong>Quam</strong></span> <span class='ocrx_word' id='word_1_288' title='bbox 661 4004 741 4056; x_wconf 81' lang='grc'><strong>155115</strong></span> <span class='ocrx_word' id='word_1_289' title='bbox 765 4009 864 4056; x_wconf 87' lang='grc'><strong>555155</strong></span> <span class='ocrx_word' id='word_1_290' title='bbox 888 4003 948 4055; x_wconf 65' lang='lat' dir='ltr'><strong>haec</strong></span> <span class='ocrx_word' id='word_1_291' title='bbox 968 4003 1130 4056; x_wconf 83' lang='lat' dir='ltr'><strong>exciderunt</strong></span> <span class='ocrx_word' id='word_1_292' title='bbox 1150 4001 1186 4052; x_wconf 87' lang='lat' dir='ltr'><strong>ob</strong></span> <span class='ocrx_word' id='word_1_293' title='bbox 1206 4003 1364 4069; x_wconf 79' lang='lat' dir='ltr'><strong>repetitum</strong></span> 
     </span>
     <span class='ocr_line' id='line_1_34' title="bbox 275 4089 758 4155; baseline 0.004 -16"><span class='ocrx_word' id='word_1_294' title='bbox 275 4089 399 4155; x_wconf 84' lang='lat' dir='ltr'><strong>pondo,</strong></span> <span class='ocrx_word' id='word_1_295' title='bbox 419 4097 530 4141; x_wconf 85' lang='lat' dir='ltr'><strong>retento</strong></span> <span class='ocrx_word' id='word_1_296' title='bbox 549 4095 644 4142; x_wconf 82' lang='lat' dir='ltr'><strong>tamen</strong></span> <span class='ocrx_word' id='word_1_297' title='bbox 664 4091 758 4142; x_wconf 76' lang='lat' dir='ltr'><strong>auri?</strong></span> 
     </span>
    </p>

    <p class='ocr_par' dir='ltr' id='par_1_6' title="bbox 236 4171 1367 4410">
     <span class='ocr_line' id='line_1_35' title="bbox 236 4171 1367 4237; baseline -0.001 -12"><span class='ocrx_word' id='word_1_298' title='bbox 236 4173 507 4236; x_wconf 65' lang='grc'><strong>311155511155515</strong></span> <span class='ocrx_word' id='word_1_299' title='bbox 532 4175 657 4237; x_wconf 81' lang='lat' dir='ltr'><strong>inclusit,</strong></span> <span class='ocrx_word' id='word_1_300' title='bbox 681 4175 798 4226; x_wconf 86' lang='grc'><strong>15515555</strong></span> <span class='ocrx_word' id='word_1_301' title='bbox 821 4192 855 4226; x_wconf 83' lang='lat' dir='ltr'><strong>ox</strong></span> <span class='ocrx_word' id='word_1_302' title='bbox 873 4191 895 4226; x_wconf 90' lang='grc'><strong>5.</strong></span> <span class='ocrx_word' id='word_1_303' title='bbox 914 4177 963 4237; x_wconf 92' lang='grc'><strong>41,</strong></span> <span class='ocrx_word' id='word_1_304' title='bbox 985 4171 1080 4235; x_wconf 85' lang='lat' dir='ltr'><strong>4(ubi</strong></span> <span class='ocrx_word' id='word_1_305' title='bbox 1106 4178 1150 4224; x_wconf 86' lang='lat' dir='ltr'><strong>est</strong></span> <span class='ocrx_word' id='word_1_306' title='bbox 1174 4172 1280 4224; x_wconf 84' lang='lat' dir='ltr'><strong>lateri</strong></span> <span class='ocrx_word' id='word_1_307' title='bbox 1308 4171 1367 4225; x_wconf 84' lang='lat' dir='ltr'><strong>ad·</strong></span> 
     </span>
     <span class='ocr_line' id='line_1_36' title="bbox 275 4257 1365 4326; baseline 0 -16"><span class='ocrx_word' id='word_1_308' title='bbox 275 4259 406 4312; x_wconf 78' lang='lat' dir='ltr'><strong>hierens</strong></span> <span class='ocrx_word' id='word_1_309' title='bbox 435 4260 612 4326; x_wconf 73' lang='lat' dir='ltr'><strong>tyrannus)</strong></span> <span class='ocrx_word' id='word_1_310' title='bbox 642 4270 689 4311; x_wconf 85' lang='grc'><strong>551</strong></span> <span class='ocrx_word' id='word_1_311' title='bbox 717 4258 855 4310; x_wconf 87' lang='lat' dir='ltr'><strong>similibus</strong></span> <span class='ocrx_word' id='word_1_312' title='bbox 884 4259 954 4312; x_wconf 86' lang='grc'><strong>15515</strong></span> <span class='ocrx_word' id='word_1_313' title='bbox 970 4257 1003 4324; x_wconf 70' lang='lat' dir='ltr'><strong>(l)</strong></span> <span class='ocrx_word' id='word_1_314' title='bbox 1032 4257 1087 4310; x_wconf 92' lang='lat' dir='ltr'><strong>huc</strong></span> <span class='ocrx_word' id='word_1_315' title='bbox 1110 4257 1248 4310; x_wconf 84' lang='lat' dir='ltr'><strong>translata</strong></span> <span class='ocrx_word' id='word_1_316' title='bbox 1274 4266 1365 4310; x_wconf 81' lang='lat' dir='ltr'><strong>ratus.</strong></span> 
     </span>
     <span class='ocr_line' id='line_1_37' title="bbox 275 4342 1355 4410; baseline 0.001 -17"><span class='ocrx_word' id='word_1_317' title='bbox 275 4343 375 4395; x_wconf 80' lang='lat' dir='ltr'><strong>Mirum</strong></span> <span class='ocrx_word' id='word_1_318' title='bbox 394 4346 606 4397; x_wconf 74' lang='lat' dir='ltr'><strong>translationem</strong></span> <span class='ocrx_word' id='word_1_319' title='bbox 624 4345 653 4396; x_wconf 93' lang='lat' dir='ltr'><strong>in</strong></span> <span class='ocrx_word' id='word_1_320' title='bbox 672 4344 848 4410; x_wconf 86' lang='lat' dir='ltr'><strong>aptissimum</strong></span> <span class='ocrx_word' id='word_1_321' title='bbox 867 4344 960 4395; x_wconf 80' lang='lat' dir='ltr'><strong>locum</strong></span> <span class='ocrx_word' id='word_1_322' title='bbox 978 4360 1041 4395; x_wconf 88' lang='lat' dir='ltr'><strong>cum</strong></span> <span class='ocrx_word' id='word_1_323' title='bbox 1058 4358 1162 4410; x_wconf 83' lang='lat' dir='ltr'><strong>magna</strong></span> <span class='ocrx_word' id='word_1_324' title='bbox 1179 4342 1355 4396; x_wconf 84' lang='lat' dir='ltr'><strong>mutatione!</strong></span> 
     </span>
    </p>
   </div>
   <div class='ocr_carea' id='block_1_5' title="bbox 0 0 1502 5108">
    <p class='ocr_par' dir='ltr' id='par_1_7' title="bbox 0 0 1502 5108">
     <span class='ocr_line' id='line_1_38' title="bbox 0 0 1502 5108; baseline 0 1"><span class='ocrx_word' id='word_1_325' title='bbox 0 0 1502 5108; x_wconf 95' lang='lat' dir='ltr'><strong> </strong></span> 
     </span>
    </p>
   </div>
  </div>
 </body>
</html>
