2994 5108
218 491 280 546 mu
299 489 359 545 vn
767 474 829 536 184

219 663 268 728 od
291 660 514 744 colloquis3
538 660 766 740 Quinctius,
789 681 906 745 quem
928 681 1132 726 armorum
1155 660 1280 726 etiam
1302 683 1381 745 pro

220 770 359 856 patrie
388 770 568 835 satietas
590 773 770 847 teneret,
800 768 945 833 nedum
968 769 1166 835 adversus
1189 769 1379 854 patriam,

220 879 419 945 Corvinus
448 899 583 944 omnes
612 877 794 943 caritate
823 878 949 957 cives,
977 879 1188 963 prsecipue
1217 877 1383 944 milites

220 994 259 1053 et
281 993 373 1052 ante
396 985 503 1060 ulios
526 1007 637 1051 suum
660 987 887 1051 exercitum
911 986 1154 1071 complexus,
1182 985 1231 1051 ad
1254 985 1382 1053 collo·

220 1095 596 1183 quiumnprocessit.
632 1092 807 1176 Cognito
831 1095 866 1159 ei
890 1093 1383 1178 extemplo-silentium

221 1203 365 1268 datum.
415 1201 494 1268 Haec
523 1224 590 1268 non
617 1208 706 1269 recte
736 1202 860 1268 habere
884 1209 918 1268 et
940 1209 1082 1287 apparet
1104 1208 1139 1269 et
1159 1202 1294 1269 inerunt
1322 1203 1382 1287 qui

221 1311 528 1377 animadverterent.
587 1312 639 1376 Ita
667 1312 753 1376 enim
782 1331 803 1375 a
830 1311 922 1378 Livio
952 1312 1126 1390 Quinctius
1155 1316 1189 1377 et
1217 1309 1383 1377 Corvinus

221 1425 476 1503 componuntur,
512 1419 685 1501 diligenter
719 1426 893 1503 exaequate
922 1421 1082 1486 orationis
1112 1419 1235 1498 forme,
1267 1419 1317 1484 ite
1344 1419 1382 1484 in

220 1535 361 1610 utroque
384 1548 424 1592 ea
446 1535 752 1607 commemorantur,
782 1534 919 1612 propter
940 1550 1014 1613 quse
1037 1527 1222 1595 concordius
1245 1525 1383 1593 concili·

221 1636 314 1702 endae
343 1641 480 1701 conatus
508 1636 550 1701 ab
573 1637 613 1701 iis
637 1638 822 1721 exspectari
844 1638 1005 1721 potuerit,
1035 1637 1199 1702 eminente
1221 1636 1324 1700 etiam
1344 1635 1381 1701 in

220 1746 330 1829 priore
364 1751 459 1828 porte
493 1742 548 1824 (de
576 1743 744 1825 Quinctio)
779 1746 814 1809 in
844 1745 914 1829 ipso
943 1745 1033 1810 verbi
1061 1744 1159 1811 modo
1189 1742 1384 1827 (teneret)

135 1867 205 1937 (156)
224 1875 332 1919 causae
360 1852 613 1934 significatione,
646 1859 684 1918 ut
715 1854 903 1919 necessario
940 1854 1156 1919 communiter
1183 1851 1309 1935 aliquid
1339 1852 1384 1918 de

219 1968 361 2045 utroque
381 1961 445 2025 dici
462 1959 583 2025 debeat
601 1981 662 2025 neo
680 1961 784 2045 possit
801 1961 869 2026 ullo
888 1962 985 2028 modo
1003 1961 1169 2026 sententia
1186 1960 1296 2026 claudi
1312 1961 1385 2027 sin·

220 2071 342 2156 guleris
370 2069 496 2134 numeri
525 2067 625 2133 verbo
648 2068 691 2133 ed
712 2092 814 2134 unum
836 2068 1011 2135 Corvinum
1034 2068 1299 2158 accommodato:
1331 2067 1386 2134 ed

222 2177 470 2264 colloquium
503 2177 718 2259 processit.
774 2176 860 2242 Nam
892 2178 936 2242 ed
963 2178 1051 2244 hunc
1078 2200 1179 2243 uuum
1206 2176 1271 2243 hoc
1304 2197 1386 2262 per·

220 2290 327 2355 tinere
350 2285 537 2364 ostendunt,
559 2305 631 2367 quse
655 2285 889 2350 subiiciuntur:
925 2285 1095 2370 Cognito
1119 2287 1154 2352 ei
1177 2285 1386 2371 extemplo

223 2404 285 2462 cet.
341 2393 406 2461 Sed
436 2394 585 2459 faciliore
612 2393 774 2472 remedio,
810 2414 908 2476 quum
937 2394 1070 2474 credas,
1104 2415 1157 2459 res
1189 2393 1385 2479 expeditum

221 2526 298 2569 nem
321 2503 464 2581 Quinctii
492 2508 526 2566 et
548 2499 679 2566 Corvini
702 2502 837 2567 nemina
859 2503 1065 2586 oppositione
1089 2502 1314 2586 adiunguntur
1338 2503 1387 2569 ad

221 2613 271 2692 id,
307 2611 393 2696 quod
421 2611 603 2694 praecessit,
637 2609 773 2690 duces,
809 2611 870 2675 etsi
900 2609 976 2674 huic
1006 2610 1117 2675 Livius
1146 2610 1275 2676 eddidit
1303 2612 1388 2677 iem

224 2721 398 2800 milites;
431 2719 493 2783 hoo
527 2718 613 2781 enim
641 2717 818 2785 obscurato
848 2718 890 2782 ad
914 2717 1074 2801 dignitate
1098 2720 1309 2802 praestantius
1330 2741 1388 2786 re·

223 2829 315 2914 lique,
348 2826 618 2892 accommodatur
652 2827 758 2890 oretio
793 2826 909 2908 (multo
944 2826 1072 2890 facilius
1106 2848 1218 2909 quem,
1253 2834 1291 2892 ut
1320 2826 1389 2894 hoc

221 2944 312 3017 utar,
345 2938 379 3001 in
406 2935 591 3000 Horatiano
621 2934 693 2998 illo:
729 2954 799 3015 ego
834 2935 993 3018 meique
1027 2934 1198 3018 vescor):
1233 2934 1387 3020 Itaque

222 3048 299 3110 iam
327 3045 465 3123 duces,
493 3044 569 3107 iam
597 3043 751 3108 milites
779 3044 971 3128 utrinque
1001 3064 1248 3124 congressus
1278 3065 1384 3129 quae·

222 3175 311 3219 rere
348 3152 396 3217 ad
424 3151 645 3234 colloquia,
681 3151 914 3231 Quinctius,
950 3173 1063 3234 quem
1090 3187 1147 3231 -,
1182 3149 1389 3217 Corvinus

223 3282 358 3326 omnes
380 3298 423 3306 —
451 3259 694 3343 complexus.
745 3260 872 3324 Deinde
901 3259 944 3323 ed
968 3260 1151 3324 orationem
1173 3258 1388 3326 vinciendam

223 3375 257 3434 et
281 3370 322 3434 ab
346 3375 484 3451 utroque
508 3367 551 3432 ad
575 3367 717 3432 alterum
739 3368 978 3433 traducendam
1001 3367 1188 3432 addendum
1210 3373 1269 3446 est,
1293 3369 1388 3453 quod

223 3485 298 3562 post
338 3478 569 3562 complexus
609 3476 745 3554 excidit,
784 3478 817 3541 is
851 3498 1046 3560 pronomen:
1093 3478 1127 3538 le
1168 3476 1219 3540 sd
1252 3477 1389 3543 collo·

155 3609 158 3615 ·
223 3588 361 3672 quium
389 3587 602 3670 processit.
660 3585 832 3667 Cognito
862 3587 899 3649 ei
930 3591 991 3649 cet.
1049 3583 1101 3665 (X,
1133 3588 1160 3663 l,
1190 3587 1326 3651 trecte
1349 3587 1389 3653 is

224 3694 384 3760 excidisse
419 3694 565 3758 creditur
599 3699 673 3777 post
696 3693 928 3775 Bubulcus.)
984 3693 1092 3758 Unum
1120 3697 1230 3757 tamen
1258 3698 1386 3774 restet3

223 3824 329 3885 neque
353 3804 437 3867 enim
461 3803 570 3866 Livius
594 3802 677 3866 dixit
700 3822 944 3883 congressus
968 3821 1150 3885 quaerere
1174 3799 1223 3865 ad
1246 3800 1389 3867 collo·

224 3913 319 3996 quia
352 3911 408 3993 (-
447 3911 583 3975 dixisset
621 3910 753 3988 saltem,
793 3911 820 3974 si
860 3910 939 3994 quid
978 3909 1165 3974 addendum
1204 3908 1247 3973 ad
1288 3929 1388 3975 con·

224 4041 387 4102 gressus
412 4019 613 4084 deliniendos
637 4024 783 4102 putaret,
812 4017 861 4082 ad
885 4016 1198 4098 colloquendum
1219 4016 1293 4098 -),
1323 4017 1387 4085 sed

224 4150 268 4193 ac
292 4128 511 4211 colloquia,
539 4134 577 4192 ut
599 4132 649 4192 est
672 4128 705 4190 in
728 4127 784 4202 Ll,
814 4127 876 4190 etsi
898 4127 932 4190 in
955 4126 1068 4190 codice
1093 4124 1273 4208 archetypo
1297 4124 1385 4191 ulte·

224 4260 296 4301 rum
324 4237 389 4301 iam
416 4235 516 4301 fuisse
540 4235 653 4314 credo,
682 4234 796 4298 eodem
820 4233 916 4298 modo
940 4240 1068 4312 natum,
1097 4255 1162 4318 quo
1185 4231 1244 4311 IV,
1276 4237 1334 4314 34,
1364 4238 1386 4299 4

225 4345 272 4409 sb
306 4345 447 4428 equite
482 4342 530 4407 ad
565 4343 860 4421 centurionem,
902 4364 1001 4425 quum
1037 4363 1052 4403 c
1085 4340 1186 4406 semel
1222 4342 1408 4426 scriptum-
