2994 5108
673 483 735 545 267
1125 497 1189 551 Lib.
1207 497 1280 552 XXI.

125 665 315 733 declarandi
338 688 440 734 causa
462 667 505 733 ad
527 668 585 733 illa
606 666 879 750 refugientem
900 669 939 733 in
961 669 1150 753 aquam.¹)
1177 670 1281 735 Paulo

122 781 200 858 post
222 773 254 858 (ξ
272 776 317 856 8),
340 776 397 841 ubi
420 777 454 841 in
477 775 646 842 codicibus
669 776 718 840 ita
740 775 912 841 scribitur:
946 777 1093 842 Altera
1113 778 1217 843 ratis
1238 814 1282 823 ·—

122 881 217 948 huic
240 884 438 968 copulata
461 891 540 963 est,
570 888 622 963 ut,
652 903 738 948 cum
761 883 970 968 elephanti
994 905 1067 967 per
1088 885 1281 950 stabilem

121 997 252 1057 ratem
267 991 693 1077 -praegredientibus
715 989 878 1057 feminis
902 993 984 1056 acti
1006 991 1075 1057 ubi
1098 994 1139 1058 in
1160 996 1281 1060 mino·

123 1120 205 1165 rem
233 1100 489 1186 applicatam
517 1101 772 1183 transgressi
800 1108 908 1177 sunt,
936 1101 1140 1184 extemplo
1162 1138 1205 1147 —
1228 1104 1276 1168 ad
1295 1106 1367 1177 (217)

124 1207 298 1273 alteram
325 1209 456 1292 ripam
485 1208 682 1287 trahitur,
717 1208 774 1272 alii
803 1206 871 1272 ubi
901 1207 1119 1288 sustulerunt,
1154 1218 1281 1294 prout

124 1317 272 1399 reposito
306 1323 345 1382 et
373 1337 447 1382 cum
476 1316 698 1381 deterioribus
726 1316 854 1400 aliquot
886 1314 1070 1395 codicibus,
1107 1317 1176 1382 sine
1212 1318 1281 1384 ulla

122 1422 358 1507 probabilitate
390 1424 513 1508 (neque
546 1425 632 1489 enim
668 1445 787 1509 quum
819 1457 863 1467 -
891 1426 1148 1506 transgressi
1187 1435 1280 1492 sunt

123 1530 184 1596 hoc
216 1531 291 1598 loco
324 1532 405 1598 ferri
437 1538 550 1617 potest
576 1551 636 1614 pro
670 1531 925 1613 transgressi
954 1531 1117 1613 essent),
1152 1533 1209 1597 alii
1236 1541 1279 1600 ut

125 1658 221 1721 cum;
254 1640 334 1705 mihi
371 1646 433 1705 est
461 1647 504 1704 ut
532 1660 617 1704 cum
645 1644 754 1703 ortum
782 1638 913 1703 videtur
941 1660 980 1702 ex
1008 1637 1071 1703 hac
1098 1641 1277 1724 scriptura:

134 1783 164 1793 -
187 1748 382 1832 copulata
404 1755 478 1828 est3
502 1756 576 1810 tn
599 1746 822 1830 elephanti,
843 1748 991 1825 —acti‚
1015 1745 1278 1814 ubi—trans·

126 1857 258 1938 gressi
281 1862 391 1935 sunt,
416 1855 617 1939 extemplo
641 1862 702 1919 cet.

208 1962 288 2049 (lap.
313 1968 369 2042 33,
397 1970 418 2028 4
445 1963 535 2048 quod
561 1965 595 2028 in
625 1962 795 2028 codicibus
824 1962 996 2028 scribitur:
1025 1962 1163 2046 (Alpini)
1192 1985 1277 2048 per·
1336 2005 1341 2014 ·

123 2073 254 2136 versis
288 2072 464 2157 rupibus
497 2073 613 2136 iuxta
647 2071 757 2135 invia
790 2090 836 2134 ac
873 2070 990 2135 devia
1018 2070 1181 2135 adsueti
1210 2072 1277 2137 de-

124 2186 306 2259 currunt,
347 2180 562 2264 depravatum
595 2200 667 2244 esse
701 2175 912 2243 manifestum
947 2185 1013 2257 est3
1051 2200 1127 2243 nam
1160 2201 1276 2263 neque,

123 2307 321 2369 perversae
350 2309 472 2372 rupes
496 2309 568 2370 quae
591 2288 665 2365 sint,
693 2285 904 2369 intellegitur,
928 2307 1035 2368 neque
1059 2286 1277 2353 decurrere

122 2394 234 2459 invia
261 2416 307 2460 ac
329 2396 448 2461 devia
471 2396 504 2460 in
526 2416 625 2479 prosa
647 2395 797 2459 oratione
821 2394 958 2474 dicitur,
986 2395 1049 2459 etsi
1072 2404 1171 2479 poeta
1194 2397 1277 2461 dixit

123 2502 345 2569 decurrere
378 2503 481 2568 sada
514 2502 668 2583 (hiniiber
701 2501 853 2584 gleiten);
887 2524 964 2567 nam
998 2504 1177 2586 spatium
1211 2505 1276 2569 de·

121 2630 284 2676 currere
318 2611 396 2694 (hoc
432 2619 497 2689 est,
527 2608 700 2691 conficere)
734 2611 832 2694 longe
866 2610 964 2675 alit-er
992 2609 1121 2675 dicitur.
1179 2611 1276 2677 Vide-

121 2723 175 2783 tur
207 2718 318 2784 Livius
351 2721 535 2802 scripsisse:
569 2720 821 2783 transversis
854 2718 1024 2802 rupibus
1058 2740 1129 2802 per
1163 2720 1276 2785 iuxta

120 2826 230 2892 invia
269 2846 313 2891 ac
352 2827 469 2892 devia
506 2826 730 2891 decurrunt
768 2827 1026 2910 praepositioque
1060 2847 1130 2909 per
1164 2831 1275 2894 nescio

122 2954 186 3018 quo
216 2955 296 3000 casu
323 2936 464 3000 traiecta
491 2934 589 2998 alteri
613 2934 755 3016 (trans)
778 2935 939 3000 nocuisse.
992 2933 1274 3017 [Transversis

122 3042 186 3108 ism
209 3041 384 3125 Bauerus.]

205 3149 284 3235 (lap.
303 3155 354 3230 34,
376 3156 397 3214 4
419 3151 575 3235 quoniam
599 3156 633 3215 et
655 3150 756 3215 ceteri
778 3149 917 3214 turbant
940 3155 973 3214 et
989 3149 1275 3216 Weissenbornius

121 3256 425 3324 Drakenborchium
447 3279 588 3342 sequens
610 3257 837 3323 incredibilem
860 3257 956 3340 fingit
972 3259 1182 3322 omissionem
1199 3280 1275 3343 par-

123 3366 229 3432 ticulae
258 3366 344 3444 sed,
375 3366 549 3431 dicendum
572 3373 638 3445 est,
668 3365 769 3431 verba
792 3365 839 3430 sic
861 3366 1013 3448 coniungi
1036 3365 1172 3431 debere:
1208 3389 1275 3450 ag-

123 3475 225 3538 mine
254 3452 511 3558 nequaquam
540 3480 584 3539 ut
611 3476 720 3538 inter
747 3472 920 3557 pacatos
949 3476 1178 3558 composito
1202 3474 1274 3558 (sed

123 3582 395 3663 quemadmodum
417 3584 623 3666 componitur
646 3584 732 3646 inter
753 3580 887 3645 hostilia
910 3587 943 3646 et
965 3582 1094 3663 infesta,
1124 3591 1220 3650 cante
1242 3592 1276 3650 et

125 3689 164 3754 ad
184 3692 289 3757 aciem
311 3689 466 3756 celeriter
488 3689 696 3755 efficiendam
718 3689 819 3773 apte).

204 3796 283 3883 (lap.
314 3803 371 3877 35,
414 3801 453 3861 12
493 3799 527 3863 in
566 3797 736 3862 codicibus
771 3798 817 3862 sic
852 3797 1025 3861 scribitur:
1069 3804 1114 3863 ut
1146 3819 1273 3884 neque

127 3907 324 3973 sustinere
355 3927 396 3970 se
425 3905 472 3970 ab
500 3906 621 3989 lapsu
650 3911 822 3989 possent
850 3927 936 3985 nec,
971 3907 1039 3988 qui
1062 3905 1274 3990 paululum

130 4080 275 4093 t——na
278 4085 349 4094 ‘a-

153 4180 331 4253 ¹lffleroens:
364 4184 400 4238 in
433 4200 553 4253 aquam
585 4185 797 4251 sequeretur,
829 4189 969 4237 nantem
996 4182 1161 4236 traxisse.
1210 4183 1272 4252 Ego

189 4286 300 4338 quoque
321 4269 478 4340 suspicatus
502 4286 579 4323 eram
600 4272 739 4322 nantem
763 4285 797 4321 ex
818 4285 907 4322 nans
925 4274 1028 4334 ortum,
1047 4284 1133 4336 quum
1151 4285 1274 4321 nansc-

190 4360 352 4422 queretur
369 4354 506 4425 scriptum
524 4351 621 4422 esset]
