3000 5116
162 122 224 180 Lib.
243 121 369 178 XXXIV.
709 110 771 172 502

248 293 326 377 Cep.
347 298 397 374 31,
422 298 470 359 19·
483 292 531 375 (in
554 296 702 360 oratione
719 293 859 361 Nabidis
882 296 1014 378 tyranni
1035 294 1125 380 opud
1142 294 1180 361 Τ.
1198 294 1318 375 Quino-

162 401 272 483 tium):
314 401 507 467 Pluribus
546 424 604 467 me
638 403 725 486 ipse
758 403 892 485 egisse
925 423 1042 484 quem
1075 423 1146 487 pro
1180 404 1317 488 patrio

163 531 343 576 sermone
371 510 602 575 brevitatis
630 509 776 575 fateor.
828 508 882 576 Sic
904 509 932 573 B
956 508 1034 591 (nisi
1056 508 1148 594 quod
1169 510 1263 593 met)
1285 516 1318 577 et

161 640 278 685 novem
306 616 629 696 Drakenborobiani‚
662 617 828 683 mendose.
885 616 980 694 Quod
1013 616 1111 699 vulgo
1140 617 1315 683 edebatur:

162 749 233 811 pro
261 727 409 809 patries
432 746 613 789 sermone
632 725 883 797 brevitatis.
916 723 1095 790 absurdum
1119 732 1210 806 eret3
1243 746 1316 791 nem

162 835 322 901 sermonis
350 833 493 898 brevitas
523 840 572 898 est
600 833 720 915 alique,
748 853 856 897 sermo
883 832 1055 897 brevitatis
1083 832 1203 897 nullus.
1254 832 1316 899 Sed

160 942 249 1028 quod
299 941 507 1024 Kreyssigius
556 947 588 1005 et
638 940 925 1006 Weissenbornius
975 940 1197 1022 scripserunt:
1247 962 1313 1024 pro

161 1050 299 1135 patrio
333 1069 530 1126 sermone,
566 1049 688 1113 omisso
721 1047 961 1126 brevitatis,
994 1047 1139 1131 primum
1171 1068 1238 1113 non
1269 1048 1314 1112 in·

160 1157 342 1240 tellegitur‚
381 1156 467 1221 unde
500 1155 564 1221 hoo
597 1157 751 1239 cuiquam
784 1156 818 1220 in
851 1162 995 1219 mentem
1026 1156 1155 1220 venerit
1188 1154 1315 1233 addere,

161 1265 310 1348 genetivo
352 1265 533 1348 praesertim
575 1284 667 1342 essu3
706 1262 824 1328 deinde
863 1261 947 1327 nibil
980 1268 1051 1327 eret
1084 1263 1118 1326 in
1151 1264 1226 1347 ipso
1260 1284 1315 1347 per

162 1394 196 1438 se
224 1373 344 1438 Dorico
374 1379 409 1438 et
434 1371 597 1436 Leoonieo
628 1392 793 1448 sermone,
827 1391 886 1435 our
915 1392 981 1434 non
1009 1371 1141 1453 copiose
1171 1370 1315 1439 homines

160 1480 382 1562 loquerentur.
424 1479 575 1544 Proxime
599 1477 643 1544 ud
665 1500 776 1544 verum
799 1479 940 1543 secessit
958 1476 1117 1557 Roellius,
1138 1480 1197 1561 qui
1219 1477 1316 1545 scribi

160 1587 280 1652 voluit:
314 1608 385 1670 pro
414 1586 541 1670 patrii
570 1587 770 1651 sermonis
797 1585 1021 1665 brevitate
1055 1607 1168 1651 verum
1195 1608 1236 1652 ne
1258 1584 1317 1652 hoo

161 1695 295 1779 quidem
317 1702 406 1760 reete
429 1693 559 1771 dicitur,
584 1694 657 1758 sed:
698 1714 767 1775 pro
796 1694 933 1776 patrie
961 1694 1160 1759 sermonis
1187 1693 1342 1759 brevi·-

160 1809 261 1868 tste.
305 1802 455 1867 Patrium
478 1809 550 1865 erat
572 1801 831 1866 Lacedaemoniis
854 1800 945 1865 brevi
968 1821 1118 1867 sermone
1140 1802 1238 1883 uti.¹)

247 1907 325 1992 Cap.
347 1912 397 1989 32,
415 1913 433 1973 3
453 1909 501 1991 (in
525 1910 674 1974 oratione
692 1907 728 1972 T.
750 1908 896 1986 Quinctii
912 1906 1035 1973 Nabidi
1057 1907 1301 1993 respondentis)
1376 1942 1382 1981 :

160 2016 256 2082 Nam
284 2016 379 2100 quid
408 2017 535 2082 minus
558 2016 802 2081 conveniret
824 2034 941 2097 quem
964 2036 1047 2095 eos,
1082 2017 1151 2099 qui
1175 2036 1247 2099 pro
1268 2016 1295 2080 li
1375 2060 1384 2072 -

77 2124 329 2210 (rombertete
369 2123 534 2189 Graeoiae
572 2123 771 2188 adversus
810 2121 1045 2206 Philippum
1083 2143 1383 2205 gereremks

160 2230 330 2311 bellum,
360 2251 445 2295 oum
469 2237 641 2314 tyranno
666 2230 892 2294 instituere
921 2229 1166 2311 amicitiem,
1194 2240 1232 2296 et
1258 2238 1381 2325 ἵξῃ

160 2359 285 2404 ranno
304 2358 436 2421 qnam,
453 2338 521 2422 qui
538 2359 721 2421 umquem
739 2336 836 2416 fuit,
861 2338 1083 2402 srenissimo
1100 2372 1146 2383 -
1162 2339 1201 2403 in
1218 2358 1373 2415 suo—s,

161 2445 215 2512 Sie
240 2444 398 2526 edcbiog.
422 2451 456 2510 et
478 2446 515 2523 B,
544 2446 644 2530 idque
667 2444 954 2510 Weissenbornius
977 2446 1160 2525 revocavit3
1193 2446 1368 2521 Gremio

160 2554 232 2618 rius
256 2554 423 2637 ceterique
446 2560 630 2632 tenuerent,
664 2553 752 2635 quod
776 2554 810 2617 in
832 2552 1024 2635 vulgaribus
1048 2552 1217 2619 codicibus
1238 2573 1300 2617 so:
1310 2568 1359 2629 11'·

160 2660 250 2726 bitur
268 2667 302 2725 et
320 2661 353 2725 in
372 2659 570 2725 editionibus
588 2667 664 2725 ente
681 2661 923 2742 Moguntinum:
947 2667 987 2725 et
1008 2666 1181 2742 tyranno
1203 2682 1348 2743 quam

161 2769 230 2850 qui
253 2788 439 2851 umquem
462 2768 703 2847 saevissimo,
728 2768 849 2833 omisso
873 2764 960 2831 fuit.
1012 2765 1077 2832 Sed
1099 2767 1214 2834 addito
1234 2787 1338 2849 (suo-

160 2896 224 2958 que
253 2876 352 2940 verbo
381 2876 489 2940 oratio
513 2874 689 2940 manifesto
713 2876 830 2940 vitiosa
854 2881 914 2939 est.
965 2874 1049 2938 Nam
1072 2876 1216 2958 positum
1236 2878 1328 2946 sin

168 3054 389 3072 -Δ-..--.

229 3200 365 3251 quoqne
382 3183 551 3238 traditum
567 3183 730 3240 Romanis
749 3184 887 3238 audivit
906 3203 980 3240 esse
996 3188 1024 3238 si
1039 3186 1104 3249 (hoc
1119 3184 1201 3252 vulgo
1213 3182 1297 3243 eberti,

229 3285 330 3335 quum
349 3268 389 3321 sb
407 3273 512 3333 terre,
531 3269 691 3324 omnibns
710 3270 803 3323 eires
817 3270 995 3337 hostibus,
1014 3271 1105 3325 nihil
1121 3271 1190 3340 spei
1204 3274 1292 3333 esset,

229 3369 245 3405 s
267 3353 351 3406 meri
375 3370 510 3422 quoque
532 3359 610 3408 toto
634 3372 669 3408 se
690 3355 937 3421 interclusum,
960 3355 1148 3410 cedendum
1165 3356 1287 3409 fortune

228 3443 325 3491 retus
343 3442 396 3492 eet
437 3438 514 3492 Nihil
539 3441 655 3494 omniuo
678 3439 742 3493 duri
760 3439 846 3493 hebet
866 3440 1024 3493 omnibus
1043 3442 1139 3496 ciros
1155 3438 1283 3494 hostibus

227 3539 290 3590 pro:
318 3523 409 3591 quod
434 3540 549 3578 omnes
567 3525 660 3578 eires
676 3525 794 3579 hostes
814 3530 926 3589 erent;
954 3524 1002 3577 vix
1020 3526 1120 3579 eredes
1139 3519 1280 3593 oriqusnin

227 3612 350 3661 mentem
368 3609 492 3674 venisse,
521 3610 562 3663 sic
579 3609 636 3663 hoe
655 3608 744 3678 accipi
761 3625 859 3677 posse:
888 3626 990 3677 quum
1014 3611 1130 3665 omnis
1152 3606 1277 3664 hostibus

228 3698 352 3746 esseut.
390 3692 515 3761 [Rectius
533 3698 628 3748 temen
646 3693 766 3748 iortsrse
785 3692 943 3748 Gronovius
960 3692 1172 3762 hostilibus]

187 3775 198 3807 ¹
518 3778 523 3789 ’
586 3778 591 3790 ·
615 3799 620 3810 -
1104 3782 1109 3792 ·
1257 3787 1275 3823 n

202 3772 351 3926 'tbi
368 3776 722 3930 03²2t⁶t¹m¹¹¹tottt
741 3794 943 3917 obsistt
950 3797 985 3917 11¹?
986 3772 1277 3927 imbibit.

227 3944 304 3999 niem
322 3945 352 4001 in
369 3945 400 4000 bd
417 3951 461 4000 est
478 3947 738 4016 respexissem):
756 3964 806 4002 me
825 3965 895 4002 eum
914 3965 996 4002 esse.
1036 3948 1122 4019 1863]
1278 3944 1281 3953 ’
