3000 5116
210 475 271 529 Lib.
290 473 414 528 XXXIV.
753 463 815 523 498

211 668 310 728 quum
348 653 507 710 tantum
541 644 584 708 ad
618 665 690 708 nec
724 652 768 709 ut
800 646 882 709 viri
916 648 1081 730 pertinere
1115 671 1181 714 non
1216 650 1371 715 animad-

210 753 439 833 verteretur.¹)

296 861 374 945 Cap.
400 863 453 938 13,
483 867 502 922 4
531 858 586 938 (de
608 859 650 923 M.
675 857 799 924 Catone
824 861 957 926 consule
979 863 1012 926 in
1035 862 1199 946 Hispania
1221 885 1292 929 rem
1313 886 1367 949 ge·

209 969 331 1050 rente):
366 969 441 1035 Ubi
477 968 580 1032 satis
615 966 830 1032 admodum
859 975 898 1032 et
927 989 1089 1034 suorum
1116 978 1156 1035 et
1184 970 1367 1037 hostium

124 1096 195 1162 (399)
213 1080 369 1143 animos
393 1084 454 1142 est
476 1082 680 1158 expertus,
705 1077 922 1140 convocari
944 1076 1137 1143 tribunos
1160 1112 1205 1123 -
1227 1080 1364 1145 iussit.

210 1184 316 1261 Quum
345 1182 496 1249 Dukerus
524 1182 826 1261 animadvertisset,
861 1184 1019 1249 inusitate
1057 1185 1123 1250 dici
1157 1187 1267 1251 satis
1297 1186 1366 1252 ad·

209 1291 380 1369 modum,
411 1291 576 1368 Handius,
607 1291 656 1353 vir
684 1291 717 1353 in
745 1289 814 1354 hoo·
830 1309 950 1372 genere
973 1291 1289 1374 interpretationum
1311 1315 1363 1360 ex·

209 1397 459 1479 cogitandarum
486 1418 552 1463 non
582 1396 792 1462 mediocriter
820 1399 1029 1477 exercitatus,
1063 1398 1157 1464 Tura.
1182 1399 1198 1464 l
1227 1424 1260 1485 p.
1289 1407 1362 1467 171:

211 1506 328 1585 „Verte
351 1504 466 1571 modo“
492 1505 600 1588 inquit
626 1506 709 1582 ,ista
727 1504 829 1569 verba
847 1504 1108 1589 hinliinglich
1130 1528 1272 1591 genug‚
1295 1529 1363 1591 gar

208 1622 371 1696 genug·‘;
394 1612 589 1695 exemplum,
613 1610 669 1675 ubi
687 1613 735 1676 sic
759 1612 935 1691 diceretur,
958 1634 1026 1677 non
1048 1613 1188 1695 addidit,
1211 1635 1274 1680 nec
1295 1616 1361 1681 ad·

207 1722 364 1787 modum
386 1742 459 1786 esse
482 1719 741 1800 hinlanglich
764 1718 832 1783 ullo
855 1725 1048 1804 argumento
1071 1722 1241 1804 probavit,
1264 1744 1305 1789 ne
1327 1723 1359 1788 id

208 1829 340 1911 quidem
352 1828 518 1911 cogitavit,
528 1827 717 1891 dicturusne
730 1827 905 1911 quisquam
917 1849 1062 1910 unquam
1070 1827 1257 1896 Germanus
1265 1838 1359 1910 esset,
1383 1860 1388 1869 ·

208 1958 307 2020 quum
346 1936 388 2001 ad
421 1936 504 2000 Livii
536 1933 675 1999 formam
708 1934 882 1999 historiam
915 1942 1081 2012 narraret,
1124 1957 1198 2019 gar
1237 1957 1360 2021 genug

207 2043 365 2127 priifen.
423 2043 486 2108 Sed
518 2043 552 2106 in
580 2041 606 2105 B
637 2042 691 2122 (de
719 2041 752 2105 M
782 2040 911 2121 siletur)
932 2042 1070 2106 ’nullum
1105 2045 1282 2125 vestigium
1312 2050 1361 2110 est

206 2153 293 2216 vocis
317 2152 427 2216 satis.
472 2150 593 2214 Verum
616 2171 656 2214 ne
680 2148 888 2213 admodum
910 2148 1042 2230 quidem
1065 2148 1148 2216 Cato
1173 2173 1308 2217 suorum
1327 2158 1359 2216 et

206 2259 351 2325 hostium
380 2259 507 2323 animos
537 2263 691 2339 expertus
719 2276 789 2320 esse
816 2263 894 2339 apte
923 2256 1059 2337 dicitur,
1092 2279 1195 2322 unum
1218 2259 1283 2323 dici
1303 2278 1356 2342 po

206 2373 308 2444 terat,
344 2367 462 2443 satis3
496 2364 553 2430 sed
582 2386 683 2447 quum
705 2369 880 2446 expertum
903 2384 976 2428 esse
999 2385 1074 2429 enm
1097 2366 1228 2431 animos
1251 2366 1356 2431 Livius

205 2479 372 2551 narraret,
399 2470 498 2536 facile
519 2470 780 2553 intellegebatur,
809 2473 913 2535 satis
936 2481 1116 2555 expertum.
1170 2474 1274 2539 Recte
1295 2473 1355 2538 Du·

205 2579 304 2644 kerus
331 2578 489 2644 indicavit
511 2579 637 2643 Livium
666 2579 850 2661 scripsisse:
885 2577 951 2642 ubi
986 2579 1034 2643 ad
1067 2578 1172 2644 hunc
1206 2580 1353 2648 modum

206 2688 283 2767 (nisi
311 2686 400 2768 quod
428 2688 472 2764 is,
507 2687 695 2752 omittendae
723 2687 860 2751 alterius
888 2687 978 2750 vocis
1008 2688 1244 2753 auctoritatem
1269 2689 1349 2772 igne

206 2816 294 2873 rans,
318 2796 421 2859 satis
445 2794 493 2859 ad
516 2794 619 2857 hunc
642 2794 797 2858 modum
819 2792 954 2875 posuit).
995 2791 1120 2875 [Satis
1144 2816 1256 2862 errore
1276 2792 1347 2861 inB

206 2900 392 2985 omittitur]
450 2901 606 2985 Sequitur
633 2900 733 2983 paulo
762 2908 837 2983 post
867 2899 883 2982 ἓ
914 2905 933 2964 7
963 2901 996 2964 in
1019 2898 1155 2966 Catonis
1187 2903 1274 2987 apud
1298 2903 1343 2967 tri·

205 3010 312 3074 bunos
337 3007 573 3092 praeiectosque
596 3014 630 3073 et
653 3015 781 3073 ceteros
805 3012 1000 3072 convocatos
1024 3009 1192 3074 oratione:
1216 3011 1342 3076 Patres

205 3119 336 3183 nostri
367 3138 484 3201 quum
508 3116 709 3198 Hispania
732 3114 1139 3196 Carthaginiensium
1169 3125 1209 3182 et
1237 3120 1339 3199 impe·

205 3231 365 3289 ratores
389 3224 447 3287 ibi
471 3231 509 3287 et
532 3224 741 3287 exercitus
765 3229 917 3298 essent,
951 3222 1034 3304 ipsi
1062 3223 1220 3289 nullum
1246 3227 1281 3288 in
1304 3239 1337 3284 sa

205 3332 374 3395 militem
413 3330 626 3405 haberent,
661 3337 794 3394 tamen
828 3328 975 3392 addere
1009 3328 1082 3393 hoe
1115 3331 1155 3395 in
1191 3330 1333 3397 foedere

206 3439 434 3518 voluerunt,
469 3446 511 3502 ut
545 3438 709 3519 imperii
744 3438 804 3501 sui
839 3435 1016 3500 Hiberus
1051 3435 1209 3504 fluvius
1247 3437 1333 3503 esset

205 3546 221 3609 s
225 3547 318 3609 inis.
375 3545 520 3609 Primum
556 3544 764 3608 vehementer
793 3543 929 3607 offendit
956 3543 1091 3608 verbum
1120 3545 1329 3611 substantivum

234 3794 257 3863 ¹)
277 3797 357 3865 Quod
380 3797 492 3864 qnidam
515 3813 604 3864 nuper
625 3798 670 3851 hic
694 3814 742 3850 sex
759 3797 844 3850 verba
861 3796 924 3850 tolli
943 3796 1094 3853 voluerunt
1111 3799 1179 3867 (hio
1196 3800 1326 3854 Roma·-

274 3881 451 3947 ricorum),
478 3882 634 3936 rectissime
652 3880 794 3948 Valerius,
823 3882 869 3948 qui
893 3880 1069 3936 coloniarum
1091 3891 1119 3938 et
1142 3882 1324 3953 muniupionn

273 3967 456 4035 magistratus
474 3970 715 4034 commemoravit,
736 3967 804 4035 quid
823 3966 878 4019 hie
896 3963 1007 4020 Roma
1026 3966 1085 4036 fiat,
1106 3970 1243 4035 admonet,
1259 3972 1322 4029 M*
1399 3972 1403 3987 ⁴

273 4052 361 4105 ullum
386 4052 500 4105 omnino
523 4052 553 4106 in
571 4051 643 4105 Livii
665 4052 811 4106 codicibus
834 4056 877 4104 est
900 4052 1050 4119 vestigium
1069 4053 1227 4109 huiusmodi
1241 4046 1321 4106 addit·

273 4142 432 4189 mentorum
454 4152 541 4189 novas
565 4153 680 4205 prorsus
703 4135 883 4201 resedam,
911 4154 979 4204 quas
996 4137 1094 4193 Livius
1116 4127 1319 4194 commonuerit

275 4218 494 4288 adiungentium.
535 4220 613 4274 Idem
631 4221 700 4274 mihi
718 4220 753 4274 de
770 4237 793 4274 c.
816 4223 854 4287 16,
881 4223 948 4274 1-3
967 4221 1075 4278 dictum
1093 4232 1162 4280 esto.
1200 4215 1322 4278 remus·

273 4303 388 4358 lacunas
407 4313 565 4358 ceterorum
583 4304 711 4361 codicum
730 4307 826 4372 (etiam
844 4305 879 4372 B)
899 4306 975 4360 aolus
993 4306 1023 4361 Μ
1040 4310 1143 4379 explet
