2994 5108
194 573 198 577 ι
224 500 287 555 mu
307 500 420 554 xxxu.
772 487 835 547 478

227 673 416 756 oportebat:
457 672 653 750 arbitrio,
689 672 805 736 cuius
838 668 1007 748 vellent,
1042 668 1285 753 populorum
1320 678 1383 737 cet.

226 779 381 845 Senserat
398 779 432 844 id
450 801 490 844 ex
509 779 621 863 aliqua
633 785 729 862 parte
742 777 935 857 Gronovius,
959 776 1017 841 sed
1035 776 1194 842 aberrans
1213 799 1384 861 quorum

226 888 325 952 scribi
349 887 489 952 volebat.
530 885 620 950 Unus
643 893 716 950 erat
739 885 882 967 populus
905 885 1108 968 deligendus.
1151 885 1199 949 De
1222 887 1383 951 cretionis

225 995 376 1060 breviore
394 994 501 1059 forma
519 993 610 1077 (quo
628 992 791 1071 vellent,
814 992 846 1056 h.
865 1014 904 1071 e.,
922 992 985 1074 uti)
1002 992 1086 1057 nihil
1104 1013 1184 1076 opus
1203 1000 1253 1058 est
1270 991 1382 1075 dici.¹)

309 1100 387 1184 Cap.
415 1106 464 1181 16,
489 1105 518 1180 3,
541 1101 598 1166 ubi
622 1107 656 1165 et
679 1100 761 1164 Bet
783 1101 884 1165 ceteri
908 1099 1039 1166 codices
1062 1099 1186 1166 habent
1209 1101 1382 1168 dimisso

223 1210 347 1288 Livio,
371 1208 435 1272 cni
459 1215 728 1287 successerat,
752 1207 1044 1274 muleeSabellico
1062 1216 1095 1273 et
1113 1208 1296 1274 editoribus
1314 1231 1381 1274 om·

223 1314 317 1380 nibus
335 1317 551 1380 substitutum
569 1337 641 1380 esse
659 1315 827 1379 dimisso
839 1315 874 1378 L.
887 1315 1060 1398 Apustio
1079 1323 1205 1381 certum
1222 1325 1288 1396 est;
1303 1338 1382 1383 nam

222 1430 335 1506 aperte
365 1422 381 1505 ἓ
411 1428 428 1488 5
458 1422 500 1488 ab
535 1445 588 1503 eo,
624 1425 677 1488 cui
713 1423 748 1486 L.
778 1421 952 1498 Quinctius
986 1424 1020 1487 iu
1048 1425 1152 1488 totins
1181 1423 1296 1491 classis
1322 1425 1381 1491 ad·

221 1532 463 1597 ministratione
492 1518 711 1607 successerat,
747 1536 920 1612 separatur
948 1531 1049 1613 legati
1078 1531 1300 1614 appellatione
1323 1532 1382 1597 ed·

222 1640 306 1703 iccta
330 1639 412 1703 elius
435 1639 546 1718 home,
575 1640 630 1722 qui
661 1637 786 1720 aliquot
810 1659 909 1702 neres
933 1636 1069 1703 Athenis
1092 1638 1274 1724 reliquerit.
1327 1639 1380 1705 Li·

220 1748 307 1825 vius,
342 1749 397 1829 qui
425 1769 478 1813 res
508 1747 688 1829 superioris
712 1747 790 1810 anni
813 1767 839 1809 c.
867 1750 947 1808 1-7
971 1746 1177 1826 brevissime,
1209 1769 1252 1813 ne
1274 1748 1380 1814 nomi-

221 1861 300 1918 nata
323 1855 454 1936 quidem
478 1854 594 1932 classe,
617 1856 772 1932 narravit,
796 1853 841 1917 ibi
865 1854 1007 1935 aliquem
1031 1854 1175 1937 legatum
1199 1854 1381 1939 classisque

220 1962 410 2044 praefectum
445 1963 530 2026 inter
559 1962 593 2024 L.
617 1962 794 2042 Apustium
829 1970 861 2024 et
891 1961 926 2024 L.
952 1962 1141 2038 Quinctium
1168 1962 1380 2028 interiectum

220 2068 349 2132 silentio
380 2070 504 2149 omisit,
533 2069 588 2133 hic
616 2067 725 2132 subito
756 2089 876 2133 nomen
898 2069 1095 2152 interponit,
1124 2070 1191 2135 sive
1213 2071 1242 2134 is
1264 2068 1379 2135 Livius

219 2176 284 2240 fuit
319 2179 385 2240 sire
420 2177 485 2241 alio
513 2177 659 2252 nomine,
694 2175 728 2240 L.
758 2177 967 2258 praenomine.
1024 2175 1067 2241 Et
1094 2183 1206 2242 tamen
1234 2177 1378 2243 Athenis

220 2305 318 2348 naves
342 2306 362 2348 a
385 2285 562 2366 superioris
591 2285 666 2346 anni
689 2283 797 2365 legato
821 2283 1043 2367 praefectoque
1067 2285 1191 2348 relictae
1215 2284 1382 2364 dicuntur,

220 2391 307 2471 quod
331 2392 416 2456 altor
439 2391 494 2455 illc
518 2393 664 2455 Atlrenas
687 2413 751 2454 non
775 2393 961 2472 pervenisse
984 2391 1123 2456 videtur.
1168 2392 1332 2474 (1863.)²)

308 2497 385 2580 (lap.
411 2503 468 2576 21,
501 2503 515 2560 1
543 2500 588 2576 (iu
614 2499 764 2562 Aristaeni
788 2500 937 2580 praetoris
960 2500 992 2561 in
1019 2499 1157 2564 concilio
1180 2499 1379 2567 Achaeorum

221 2605 382 2685 oratione)
412 2608 567 2689 quoniam
590 2607 754 2689 praetori
778 2628 794 2668 e
818 2605 844 2669 B
868 2628 927 2688 pro
950 2613 1099 2689 praetor
1122 2628 1208 2671 nunc
1230 2628 1251 2671 a
1273 2607 1381 2673 Weis-

221 2711 395 2775 senbornio
419 2721 606 2776 revocatum
630 2713 732 2789 ride0,
756 2711 876 2776 addam
896 2720 1034 2793 tanturn,
1059 2714 1269 2778 scribendum
1289 2737 1379 2780 esse:

220 2826 289 2881 aut
318 2841 394 2881 nou
424 2819 592 2883 dandum
624 2819 840 2882 concilium
871 2819 1021 2899 legatis
1049 2821 1176 2885 inisse
1206 2829 1380 2888 autnon

220 2927 306 2989 sine
347 2949 543 3009 responso
584 2949 651 2989 eos
686 2927 956 2992 dimittendos
991 2950 1080 2992 esse
1120 2928 1161 3008 (B
1195 2939 1267 2993 aut
1301 2951 1379 2995 non

218 3035 304 3096 sino
328 3055 430 3117 resp.
455 3055 523 3097 eos
548 3056 623 3098 nou
648 3035 750 3111 dim,
784 3034 894 3115 vulgo:
930 3043 998 3099 aut
1027 3036 1120 3100 iude
1150 3037 1239 3100 sine
1269 3060 1378 3122 resp.

218 3161 287 3203 eos
311 3140 397 3203 dim.
421 3163 499 3205 nou
523 3141 636 3222 esso).
677 3143 815 3222 Negatio
839 3145 871 3205 in
895 3151 1035 3226 utroque
1058 3142 1204 3207 membro
1228 3146 1380 3227 proxime

216 3248 386 3327 particulos
410 3247 612 3312 disiunctivae
636 3249 752 3312 subiici
776 3249 887 3328 debet;
911 3272 950 3314 ea
973 3272 1073 3331 quum
1096 3250 1311 3334 neglegenter
1328 3254 1381 3318 bis

217 3374 237 3416 a
259 3353 395 3417 librario
418 3355 528 3436 posita
552 3363 652 3433 esset,
686 3357 718 3419 in
745 3357 913 3420 codicibus
936 3357 1176 3422 recentioribus
1200 3380 1242 3423 ex
1265 3363 1379 3444 priore

243 3571 269 3635 ¹)
289 3571 354 3639 Cap.
376 3576 423 3639 11,
450 3578 482 3627 10
506 3576 731 3629 emendationem
756 3577 822 3629 olim
847 3595 862 3628 a
884 3594 929 3630 me
952 3595 967 3629 e
985 3578 1112 3646 vestigiis
1137 3577 1244 3631 codicis
1262 3579 1287 3632 B
1306 3579 1376 3634 duc-

283 3664 341 3709 tam
360 3657 471 3726 (Opusc.
491 3661 539 3712 Ae.
559 3659 588 3712 Il
607 3679 633 3727 p.
653 3661 718 3712 295:
747 3661 860 3714 instat
884 3667 965 3729 aput
988 3663 1164 3715 stationes
1189 3678 1241 3731 pro
1262 3664 1380 3719 instat

284 3743 358 3810 cepi
384 3744 570 3808 stationes)
589 3744 836 3798 Weissenbornius
860 3752 972 3799 secutus
996 3753 1045 3800 est.
1079 3746 1144 3815 Cep.
1166 3750 1212 3815 13,
1239 3751 1275 3802 14
1299 3754 1378 3804 reete

283 3827 324 3878 W.
346 3829 374 3879 in
393 3828 458 3879 edit.
479 3829 568 3881 altera
585 3829 669 3882 rediit
688 3829 723 3881 ed
742 3830 886 3897 vulgatam
906 3831 1074 3898 scripturam
1093 3832 1212 3898 (mixtu
1235 3834 1379 3888 imbelli

283 3913 402 3977 turba).
441 3912 481 3964 Ne
501 3913 603 3964 dicitur
622 3914 733 3979 quidem
751 3922 827 3967 recte
846 3915 1037 3968 multitudo
1057 3933 1096 3967 ex
1115 3917 1252 3970 imbelli
1272 3920 1380 3974 turba

281 3996 401 4061 mixtu,
435 3998 566 4063 quonium
600 3999 688 4051 turbae
722 3998 842 4050 imbellis
871 4000 1061 4067 appellatione
1088 4017 1146 4055 non
1176 4001 1378 4070 significantur

282 4081 371 4147 plura,
393 4099 426 4132 ex
446 4082 545 4147 quibus
566 4082 711 4134 miscendo
731 4100 816 4135 unum
835 4082 890 4136 fiat.

241 4164 266 4229 ²)
286 4163 313 4231 [ᾗ
336 4167 365 4215 17
386 4167 562 4219 scribendum
583 4167 682 4233 sigua
701 4185 737 4218 ec
756 4168 895 4220 tabulae.
932 4167 998 4236 Cap.
1018 4171 1061 4235 20,
1081 4171 1098 4221 8
1118 4188 1132 4222 e
1151 4171 1292 4239 scriptura
1311 4170 1375 4225 cod.

281 4248 303 4300 B
331 4266 436 4316 neque
469 4252 587 4302 mirum
614 4252 641 4303 si
669 4279 703 4287 -
731 4269 789 4305 eos
823 4254 851 4306 si
878 4253 1059 4306 orationes
1092 4253 1243 4323 Ussingius
1275 4255 1375 4309 efficit:

281 4348 388 4398 neque
407 4335 563 4387 mirumst
582 4364 614 4372 -
633 4352 690 4386 eos
711 4337 739 4387 si
759 4338 946 4391 orationes.
985 4337 1071 4406 18611]
