3000 5116
690 553 748 613 199
994 601 999 610 .
1136 566 1198 620 Lib.
1217 566 1290 620 VIII.

144 740 317 819 dissent,
357 742 433 805 iarn
472 739 678 803 Publilius
718 738 826 802 inter
863 739 1099 821 Palaepolim
1132 739 1290 821 Neapo-

143 848 292 933 limque
325 849 414 914 loco
443 854 671 932 opportuno
701 853 820 930 capto
850 847 1072 913 diremerat
1099 847 1290 913 hostibus

144 958 382 1023 societatem
405 956 554 1021 auxilii
576 956 712 1020 mutui.
758 956 842 1033 Quid
866 962 977 1039 potest
1000 955 1182 1038 perversius
1204 957 1290 1039 cogi-

144 1067 204 1130 tari
229 1088 326 1149 quarn
355 1088 430 1139 non,
453 1087 518 1146 quo
542 1071 689 1147 ternpore
712 1063 911 1147 colloquium
935 1065 1117 1145 legatorum
1140 1063 1288 1128 habitum

144 1175 199 1253 sit,
234 1174 314 1238 alibi
343 1174 467 1258 aliquid
496 1175 560 1237 iam
589 1182 717 1255 gestum
739 1173 881 1251 narrari,
916 1173 973 1237 sed
997 1196 1062 1257 quo
1086 1179 1233 1257 tompore
1256 1174 1289 1237 in

144 1283 199 1348 illo
239 1283 402 1366 colloquio
443 1281 484 1346 ad
519 1281 662 1363 superba
695 1282 886 1346 Samnitium
922 1282 1020 1345 verim
1054 1283 1166 1347 statim
1200 1283 1290 1346 iacta

145 1392 389 1476 respondissent
417 1389 543 1471 aliquid
574 1390 734 1453 Romani?
770 1390 924 1454 Senserat
957 1389 1019 1455 hoc
1052 1412 1186 1475 pravum
1217 1412 1290 1455 esse

145 1508 234 1566 vetus
263 1500 394 1583 quidam
423 1499 545 1577 editor,
579 1499 635 1582 qui
666 1499 807 1581 primus,
840 1506 878 1563 nt
905 1520 1014 1563 rerum
1036 1521 1101 1564 non
1125 1499 1288 1564 cohaeren-

145 1611 221 1675 tium
255 1610 491 1693 ineptissimam
524 1607 767 1691 copulationem
800 1606 931 1672 tolleret
959 1613 993 1671 et
1020 1607 1116 1672 finem
1146 1607 1289 1691 aliquem

145 1718 295 1802 colloquii
318 1718 501 1782 narrationi
525 1716 715 1799 imponeret,
744 1716 790 1780 sic
812 1715 919 1779 locum
942 1715 1153 1800 interpolavit
1176 1715 1286 1798 (quam

146 1826 426 1911 interpolationem
459 1823 746 1889 Drakenborchius
779 1825 811 1887 in
847 1824 957 1888 multis
991 1829 1137 1889 veterum
1171 1825 1287 1889 editio-

145 1957 217 2000 num
240 1957 312 2001 esse
335 1934 439 2016 dicit),
462 1956 525 1997 non
550 1954 628 1997 sane
651 1932 820 2016 eleganter
842 1955 903 1997 nec
926 1955 998 1997 cum
1022 1955 1137 2016 magno
1160 1933 1285 1998 fructu:

146 2043 284 2128 Legati
314 2046 579 2109 Romanorum
608 2050 680 2104 tuns
710 2065 750 2108 se
777 2080 820 2086 —
850 2044 980 2107 ituros
1011 2064 1099 2107 esse
1129 2063 1286 2124 respon-

146 2155 285 2217 Icrut.
337 2154 417 2217 Iam
442 2152 647 2216 Publilius
678 2159 738 2216 cet.
790 2152 838 2215 Ea
862 2152 977 2215 ceteris
1000 2152 1181 2218 editoribus
1204 2142 1287 2219 nnus

147 2262 426 2328 Weissenboruius
461 2259 552 2325 valde
587 2260 702 2325 duram
738 2282 806 2325 esse
840 2262 1039 2326 narrationis
1068 2263 1285 2329 continuatio-

145 2394 211 2438 nem
234 2370 412 2437 adnotavit.
457 2370 558 2434 Nemo
581 2370 683 2451 igitur
705 2370 942 2449 animadvertit,
965 2369 1115 2435 lacunam
1138 2373 1190 2436 hio
1214 2394 1285 2438 esse

146 2502 203 2547 non
236 2497 415 2565 paucorum
449 2478 636 2552 verborum,
678 2477 736 2542 sed
776 2498 847 2562 quan
882 2478 1036 2564 colloquii
1070 2480 1156 2546 illins
1192 2480 1285 2564 finiti,

146 2587 216 2655 belli
240 2587 443 2654 Samnitibus
466 2586 595 2667 indicti,
630 2583 803 2669 Palaepolis
828 2587 967 2671 denique
991 2588 1136 2654 obsideri
1160 2597 1284 2676 coeptae

146 2703 173 2762 et
200 2700 234 2763 in
263 2696 445 2782 periculum
473 2696 622 2761 adductae
644 2696 866 2760 narrationem
888 2696 1053 2777 hauserit3
1086 2720 1161 2763 narn
1184 2723 1210 2765 c.
1233 2705 1284 2781 22,

146 2805 344 2891 8populnm
372 2804 492 2869 bellum
519 2804 762 2887 Palaepolitanis
794 2805 927 2870 iussisse
955 2805 1109 2888 legimns,
1143 2808 1197 2873 hie
1219 2809 1282 2873 Pu·
1301 2827 1371 2896 (169)

147 2912 267 2979 blilium
289 2914 447 2978 habemus
470 2913 536 2976 iam
565 2914 834 2977 imminentem
863 2914 1043 2978 hostium
1066 2917 1189 2980 muris
1213 2939 1286 2982 cum

147 3043 209 3106 spe
238 3021 444 3105 capienda
474 3022 511 3084 in
541 3021 628 3085 dies
657 3021 779 3086 urbis.
826 3022 932 3107 Atque
961 3023 1023 3087 boc
1047 3045 1147 3105 quum
1171 3033 1286 3108 sponte

145 3130 373 3197 intellexissem
406 3131 453 3194 ita
487 3150 574 3208 esse,
609 3129 712 3194 codex
747 3132 889 3195 omnium
917 3131 1075 3214 optimus,
1110 3133 1286 3214 Mediceus‚

144 3238 311 3304 manifesto
341 3243 374 3303 et
401 3237 489 3302 haud
519 3237 619 3303 dubio
649 3239 770 3303 indicio
798 3260 867 3303 rern
896 3239 1114 3320 confirmavit3
1149 3264 1223 3306 nam
1253 3244 1285 3306 in

144 3367 186 3425 so,
209 3346 338 3412 omissis
362 3345 469 3410 verbis
492 3345 626 3412 ituros
649 3368 739 3413 csse
763 3348 1089 3431 respondissent,
1118 3351 1165 3415 sic
1188 3352 1287 3417 verba

144 3455 208 3523 sine
231 3455 301 3520 ulla
323 3461 401 3520 nota
424 3456 670 3520 continuantur:
700 3479 777 3541 quo
808 3457 1078 3540 imperatores
1108 3460 1168 3523 sui
1192 3460 1286 3525 dux-

144 3563 273 3630 issent
302 3565 379 3629 iam
405 3564 629 3645 Publilius3
663 3566 696 3629 in
724 3567 869 3649 margine
899 3588 1013 3631 manus
1041 3569 1205 3632 recentior
1227 3570 1286 3634 ad-

144 3674 276 3756 scripsit
310 3673 443 3738 ituros
480 3694 519 3737 se
547 3673 874 3758 respondissent.
909 3676 1011 3754 'Quid
1039 3697 1115 3758 ergo
1144 3680 1215 3741 cst?
1249 3678 1285 3743 In

141 3781 249 3847 codice
283 3781 458 3866 archetypo
476 3781 606 3847 lolium
639 3783 865 3863 interciderat,
905 3785 937 3847 in
978 3806 1041 3866 quo
1075 3790 1108 3849 et
1141 3791 1288 3850 extrema

140 3911 217 3974 pars
245 3889 374 3974 periodi
403 3912 423 3955 a
450 3891 557 3956 verbis
587 3891 730 3973 Legati
760 3893 1023 3957 Romanorum
1057 3914 1174 3974 quum
1207 3894 1286 3958 inci-

140 3998 259 4082 pientis
283 3998 475 4080 etreliqua,
499 4019 571 4082 quae
594 4000 775 4064 desiderari
799 4000 875 4081 dixi,
899 4002 1083 4086 perscripta
1107 4007 1215 4081 erant;
1243 4003 1286 4067 ad
1388 3989 1389 3992 ¹

140 4107 300 4173 orationis
333 4105 460 4171 hiatum
493 4115 660 4189 utcunque
689 4108 920 4175 occultandum
949 4111 1016 4174 tria
1043 4109 1099 4173 illa
1127 4110 1226 4174 verba
1253 4112 1286 4175 in

139 4213 266 4280 codicis
288 4213 428 4279 Medicei
457 4213 504 4296 (et
525 4213 665 4281 fortasse
698 4217 763 4281 iam
791 4218 824 4281 in
853 4218 955 4301 ipsius
983 4218 1166 4302 archetypi,
1200 4218 1286 4285 facto

136 4320 207 4387 folii
234 4321 368 4403 damno)
398 4323 544 4404 margine
566 4324 725 4391 adnotata
748 4332 838 4406 sunt,
867 4327 900 4390 in
929 4326 1041 4391 codice
1070 4332 1181 4392 autem
1202 4327 1228 4391 P
1251 4335 1285 4394 et

136 4432 256 4498 ceteris
288 4431 323 4496 in
351 4431 457 4517 ipsam
484 4431 665 4498 orationem
692 4441 835 4521 recepta.
890 4432 928 4501 In
955 4434 1044 4500 tristi
1071 4435 1202 4502 invento
1225 4435 1283 4522 (ad

1170 4732 1331 4808 Α
