2994 5108
223 488 409 548 mamm.
773 476 835 538 664

225 668 502 729 cernunt—ut
518 660 553 728 G.
573 659 984 745 Sulpicius-tres—
998 658 1182 725 nominet
1199 657 1374 743 legatos,

226 772 293 857 qui
315 806 358 818 -
379 766 706 856 proficiscantur
727 789 775 834 ex
796 767 894 834 urbe
918 772 972 847 at,
991 772 1192 850 ⁴quantum
1214 766 1375 833 accele-

224 900 315 945 rare
337 886 523 964 possent,
547 877 745 956 Cassium,
767 876 1000 959 ubicunque
1028 876 1097 956 sit,
1126 896 1375 961 persequan-

224 992 306 1068 tur;
340 989 545 1067 nuntient,
579 984 801 1053 nobellum
834 1005 919 1050 cum
940 981 1027 1050 ulla
1054 989 1172 1067 gente
1200 989 1374 1064 moveat,

223 1096 305 1162 nisi
328 1116 411 1161 oum
434 1115 510 1180 qua
531 1101 698 1162 senatus
719 1130 762 1141 —
790 1098 1018 1160 censuerat.
1052 1091 1268 1158 Scribendum
1292 1113 1378 1176 pos·

224 1205 317 1269 sint.
372 1202 446 1268 Non
480 1202 654 1269 aberratur
685 1201 768 1283 fere,
802 1209 839 1268 ut
878 1221 965 1284 saepe
999 1199 1081 1281 dixi,
1111 1199 1177 1266 nisi
1215 1199 1274 1266 ubi
1315 1219 1377 1265 una

224 1310 337 1380 littera
359 1308 472 1376 formae
494 1310 635 1392 distant3
659 1318 770 1378 esset
792 1330 852 1396 pro
876 1302 929 1375 sit
952 1308 1111 1393 scriptum
1132 1330 1199 1374 non
1220 1308 1376 1392 reperias.

224 1419 309 1485 Tum
331 1424 551 1485 censuerat
572 1420 608 1485 in
630 1419 840 1486 censuerit
861 1415 1055 1483 mutandum
1077 1437 1163 1496 esse,
1186 1415 1378 1483 Perizonius

223 1526 319 1607 vidia
343 1533 380 1592 ut
402 1530 489 1594 enim
510 1527 724 1594 indicativum
746 1526 898 1605 feramus,
922 1545 995 1590 oum
1013 1523 1146 1590 nullane
1169 1530 1267 1609 gente
1290 1527 1377 1609 post·

223 1633 286 1700 hac
319 1632 442 1701 bellum
474 1657 588 1719 gerere
621 1635 761 1714 licebat,
799 1635 865 1700 nisi
897 1654 972 1699 oum
1006 1653 1072 1716 qua
1103 1633 1169 1699 iam
1205 1639 1284 1699 ante
1317 1632 1377 1698 boc

223 1748 353 1826 tempus
376 1749 511 1809 senatus
534 1742 712 1828 gerendum
734 1743 937 1808 censuisset?
980 1741 1066 1808 Nam
1088 1742 1324 1807 censuisset
1345 1741 1377 1806 in

224 1844 373 1916 oratiou'e
396 1850 532 1936 obliqua
559 1858 634 1935 post
656 1851 861 1936 praeteritum
887 1849 991 1915 futuri
1021 1852 1128 1915 exacti
1152 1851 1258 1915 vicem
1281 1849 1376 1915 susti·

223 1962 290 2038 net,
314 1965 536 2025 censuerat
557 1979 632 2024 vere
654 1959 816 2043 praeteriti
837 1959 997 2042 temporis
1021 1964 1081 2024 est.

310 2065 388 2152 Cap.
412 2071 440 2148 2,
467 2071 505 2133 12
529 2069 562 2132 in
589 2066 639 2133 his
668 2066 790 2134 codicis
817 2066 953 2132 litteris:
988 2087 1083 2132 neve
1105 2073 1275 2148 cogeret
1298 2064 1377 2147 (ma-

221 2173 381 2257 gistratus
415 2176 596 2258 Romanus)
630 2177 890 2241 uicensumas
925 2173 1102 2240 uendere
1135 2173 1376 2258 hispanonis

224 2285 371 2366 quanti
405 2285 491 2369 ipse
525 2283 685 2350 uellent
723 2284 968 2368 apertissimum
1008 2289 1059 2348 est
1093 2281 1204 2348 latere
1238 2283 1376 2367 primum

223 2392 426 2477 Hispanos
448 2393 545 2473 nisi;
568 2393 682 2477 itaque
704 2391 945 2478 uonwvellent
973 2391 1006 2454 in
1034 2388 1163 2455 vellet
1186 2391 1377 2456 mutandum

223 2504 303 2579 erat,
326 2499 385 2565 sed
405 2501 493 2585 ipse
526 2502 560 2566 iu
587 2501 683 2584 ipsi.
728 2499 771 2565 Et
804 2498 847 2564 ad
878 2498 1043 2582 Hispanos
1077 2500 1203 2565 rectius
1237 2498 1376 2565 refertur

222 2628 419 2691 pronomem
433 2608 580 2694 alioquin
593 2609 701 2674 livius
713 2606 851 2672 dixisset
869 2607 1016 2690 quanti
1033 2589 1308 2689 velletftlaal.)
1331 2605 1374 2690 §6

223 2735 336 2788 uereor
357 2736 398 2780 ne
421 2716 601 2782 Vahlenius
625 2716 828 2782 aberraverit
851 2717 1054 2796 traxeritque
1077 2715 1261 2780 Hertzium.
1296 2715 1373 2780 Nam

224 2845 381 2889 sumere
415 2831 732 2908 recuperatores
766 2823 970 2905 (iudicem)
1004 2824 1132 2889 alicui
1160 2845 1271 2907 neque
1301 2823 1372 2888 alibi
1412 2909 1415 2916 Ι

222 2933 385 3015 reperitur
407 2954 512 3015 neque
535 2932 640 3011 video,
664 2953 764 3016 quam
786 2933 946 2997 rationem
966 2933 1095 2997 dativus
1116 2931 1207 3015 apud
1225 2931 1288 2998 hoc
1309 2952 1371 2997 ser·

222 3039 301 3104 bum
324 3040 460 3120 habeat;
483 3040 590 3105 ferre
613 3039 742 3105 alicui
765 3040 943 3105 iudicem
966 3041 1125 3105 usitatum
1148 3046 1209 3105 cst.
1257 3039 1371 3106 Contra

224 3148 469 3232 cumulique
498 3155 814 3231 recuperatores
838 3169 1010 3227 sumere,
1034 3149 1192 3230 quoniam
1221 3148 1291 3214 haec
1312 3148 1367 3232 pri·

223 3256 289 3319 vati
306 3256 419 3320 iudicii
436 3255 541 3321 forma
564 3262 622 3335 est,
646 3255 761 3321 eodem
783 3256 880 3321 modo
904 3257 1032 3335 dicitur,
1056 3261 1122 3340 quo
1146 3277 1270 3339 agere
1294 3274 1365 3320 cum

223 3362 369 3446 aliquo.
424 3363 492 3428 Nec
531 3364 627 3446 longe
667 3363 850 3428 diiunctum
895 3372 960 3442 est,
1002 3365 1091 3447 quod
1132 3364 1259 3429 bellum
1292 3381 1361 3428 cun

222 3469 333 3551 aliquo
357 3472 441 3535 sumi
465 3470 586 3536 dicitur
608 3477 665 3535 aut
687 3472 776 3554 quod
798 3472 909 3537 odium
932 3473 1031 3537 alicui
1055 3493 1141 3537 cum
1164 3472 1278 3554 aliquo
1307 3487 1361 3535 esse

223 3576 383 3657 (XXVIII,
409 3583 456 3658 18,
476 3583 505 3657 3,
524 3577 589 3643 Cic.
614 3577 653 3642 de
672 3600 760 3661 prov.
781 3600 867 3645 cons.
884 3584 933 3657 10,
958 3581 1022 3662 24).
1059 3579 1271 3663 significatur
1292 3577 1358 3644 enin

223 3687 362 3764 omnine,
386 3688 459 3767 quis
483 3707 523 3751 ex
549 3685 655 3750 altera
678 3692 772 3770 parte
796 3686 848 3751 sit.
891 3687 1015 3769 (1864.)

308 3789 387 3875 Cap.
414 3797 442 3872 3,
467 3798 485 3857 3
510 3792 579 3874 (ubi
603 3795 713 3875 agitur
737 3794 776 3858 de
800 3794 987 3871 homiuibus
1012 3817 1051 3859 ex
1074 3796 1236 3862 militibus
1259 3797 1355 3860 Romu·

132 3903 137 3915 '
221 3899 272 3962 nis
301 3906 333 3962 et
356 3900 399 3964 cx'
418 3901 610 3966 mulieribus
636 3901 812 3985 Hispanis,
847 3903 1043 3986 quibuscum
1077 3905 1278 3969 connubium
1307 3915 1354 3964 uon

222 4013 306 4085 erat,
331 4009 434 4088 natis,
469 4010 527 4092 qui
549 4008 702 4088 orabant,
737 4017 774 4074 ut
802 4010 866 4075 sibi
887 4008 1052 4095 [oppidum
1076 4012 1232 4092 daretur,
1256 4013 1286 4075 in
1306 4020 1351 4090 q110

221 4113 438 4196 habitarent):
474 4116 645 4181 Senatus
680 4117 874 4197 decrevit,
909 4126 953 4184 ut
986 4121 1149 4184 uomina
1178 4141 1250 4185 sua
1270 4105 1351 4200 apud

222 4221 258 4284 L.
284 4221 523 4287 Canuleium
545 4223 742 4307 (praetorem,
767 4227 819 4291 cui
836 4226 997 4310 Hispania
1020 4229 1193 4310 provincia
1210 4213 1350 4293 eveneral)

135 4325 542 4411 (sapprofiterentur,
585 4352 803 4416 eorumque
846 4337 880 4400 si
915 4356 1014 4419 quos
1054 4329 1351 4401 manumisisset
