3000 5116
231 461 293 517 Lib.
311 462 435 517 XXXVI.
774 452 835 514 520

231 633 397 717 particula
426 635 627 717 copulativa,
655 636 875 701 nominativus
905 635 959 716 (et
991 636 1073 718 qui,
1107 632 1390 718 praesentibus

232 741 441 805 adulando
476 763 646 824 semper,
680 777 724 788 -
753 743 955 823 utantur),
989 742 1029 807 de
1063 762 1128 825 quo
1163 762 1282 823 genere
1317 740 1384 803 diri

232 848 308 923 olim
346 848 388 911 ad
422 846 486 912 Cic.
512 848 581 913 Fin.
607 849 646 927 V,
684 854 757 933 9p.
783 856 843 914 650
874 858 906 916 et
938 851 1056 934 Opusc.
1080 848 1180 912 Acad.
1205 848 1236 910 11
1268 871 1298 930 p.
1325 852 1385 910 177

230 954 391 1035 (Gramm.
416 954 488 1020 Lat.
513 954 530 1038 ξ
554 955 639 1037 323).
694 957 778 1022 Livii
805 960 969 1041 geminum
998 964 1051 1022 est
1079 955 1265 1040 exemplum
1289 956 1321 1018 in
1345 953 1386 1031 X,

232 1066 287 1139 26,
320 1068 353 1126 6:
389 1062 506 1142 Sunt,
536 1063 683 1149 quibus
711 1085 758 1130 ne
781 1065 863 1130 haec
886 1064 1044 1147 quidem
1067 1064 1296 1128 certamina
1318 1083 1385 1126 ex·

231 1189 382 1254 ponere
405 1170 508 1236 satis
531 1170 665 1249 fuerit,
691 1172 924 1238 adiecerint
947 1172 1023 1252 (hoc
1046 1179 1110 1236 est:
1142 1178 1180 1234 et
1203 1171 1273 1252 qui
1296 1168 1386 1248 adi.)

231 1284 271 1342 et
293 1278 414 1360 Appii
437 1279 747 1344 criminationes
771 1285 843 1359 cet,
871 1279 927 1343 ubi
951 1278 1239 1345 Weissenbornius
1263 1297 1297 1340 sc
1320 1296 1385 1340 non

231 1385 404 1468 expedivit,
433 1385 532 1468 paulo
556 1386 678 1464 durius,
708 1384 797 1473 quod
820 1394 896 1470 post
920 1387 983 1451 duo
1006 1385 1153 1450 membra
1177 1405 1217 1448 ex
1241 1374 1388 1466 quibus

230 1499 263 1558 et
286 1514 452 1574 quorum
476 1495 509 1557 in
532 1494 631 1558 tertio
655 1493 789 1558 auditur
812 1501 849 1559 et
872 1495 955 1576 qui,
979 1495 1012 1557 in
1036 1492 1088 1571 IX,
1116 1498 1142 1570 l,
1167 1497 1195 1555 9.
1239 1491 1301 1570 (De
1325 1491 1384 1554 cni

230 1600 393 1665 dubium
423 1600 547 1664 dictum
571 1601 685 1665 estad
709 1601 830 1680 XXIV,
861 1607 916 1680 45,
948 1601 990 1682 6.)
1046 1599 1147 1665 Paulo
1176 1608 1255 1682 post
1278 1595 1309 1680 (ἓ
1334 1597 1385 1676 10)

229 1706 319 1773 nullo
347 1709 444 1772 modo
473 1708 552 1772 ferri
581 1716 693 1792 potest
722 1729 781 1792 per
809 1708 1021 1792 parenthesin
1051 1708 1225 1772 interiecta
1248 1709 1384 1770 interro·

229 1817 337 1900 gando
372 1817 486 1881 eadem
522 1815 562 1880 de
592 1816 714 1898 populo
744 1817 893 1881 Romano
930 1817 1111 1894 sententia,
1146 1835 1222 1897 quae
1252 1815 1286 1877 in
1315 1815 1383 1896 ipsa

229 1925 386 2006 primaria
409 1925 557 1988 oratione
582 1931 645 2001 cst,
675 1925 925 2007 rectissimeque
948 1923 1123 1988 Douiatius
1155 1929 1190 1986 et
1214 1919 1381 1984 Creverius

229 2050 268 2095 ex
310 2030 504 2114 quicquid
544 2031 692 2096 fecerunt
731 2033 799 2113 qui
834 2031 929 2113 quid
964 2015 1048 2112 (qui
1079 2025 1256 2112 [Pyrrhus]
1292 2025 1376 2108 qnid

228 2137 389 2202 tandem
420 2139 498 2201 erit
527 2138 734 2202 vobiscum
763 2138 1072 2221 comparatus?).
1119 2135 1183 2201 Sed
1208 2143 1268 2200 aut
1290 2134 1377 2199 fallor

228 2253 285 2309 aut
309 2244 405 2309 simul
428 2246 615 2310 necessario
640 2243 847 2310 scribendum
871 2253 971 2309 erat.
1004 2243 1089 2321 Quid
1112 2242 1216 2308 fuerit
1232 2242 1376 2326 Pyrrhus,

228 2358 316 2416 recte
340 2353 508 2434 quaritur,
532 2352 574 2432 (si
597 2373 684 2416 nunc
707 2352 941 2435 comparetur),
966 2374 1029 2417 non
1054 2351 1133 2435 quid
1156 2351 1290 2415 futurus
1312 2350 1355 2413 sit

314 2457 393 2541 Cap.
421 2462 469 2532 12,
494 2463 527 2521 6:
570 2459 617 2523 ad
640 2480 747 2541 spem
771 2459 947 2540 vulgata
971 2460 1204 2524 clementiae
1227 2457 1372 2540 aliquot

226 2565 370 2649 populi
392 2566 629 2630 Acarnania
653 2566 903 2631 defecerunt.
938 2564 1089 2649 Vulgatae
1112 2567 1180 2630 iam
1204 2562 1369 2630 clementie

228 2694 303 2756 spes
326 2694 391 2738 non
414 2679 473 2752 est,
495 2674 553 2738 sed
576 2673 681 2752 fama,
704 2694 763 2738 nec
785 2673 921 2757 vulgata
944 2681 1016 2738 erat
1034 2672 1188 2738 Antiochi
1211 2669 1368 2737 clementis

227 2788 260 2844 et
288 2782 320 2843 in
349 2780 461 2844 multis
490 2787 641 2862 experta,
676 2781 746 2859 sed,
781 2803 880 2863 quam
911 2782 944 2844 in
974 2802 1040 2844 una
1069 2781 1150 2845 urbe
1181 2780 1365 2851 ostenderat,

226 2909 297 2951 eam
328 2887 368 2951 ad
396 2887 507 2970 plures
536 2908 711 2968 omnesque
735 2889 933 2952 translatum
956 2890 996 2952 iri
1020 2888 1210 2971 sperabant.
1268 2887 1365 2967 Itaque

226 2995 436 3059 scribendum
460 3001 527 3058 est:
562 2994 611 3058 ad
639 3015 746 3077 spem
775 2996 974 3076 vulganda
1003 2996 1248 3072 clementiae,
1271 3011 1363 3076 quem·

226 3102 403 3167 admodum
427 3100 582 3166 scribitur
604 3101 750 3179 XXXIV,
777 3107 827 3182 29,
852 3107 886 3166 8:
918 3125 1009 3184 spes
1034 3102 1227 3167 dedendae
1250 3100 1363 3170 urbis,

223 3210 258 3272 id
282 3216 339 3284 est,
363 3210 443 3288 fore,
467 3216 505 3272 ut
527 3208 718 3287 dederetur,
743 3209 808 3274 Cic.
833 3210 956 3275 adAtt.
980 3209 1036 3284 111,
1062 3215 1090 3286 7,
1115 3214 1149 3272 3:
1175 3231 1280 3292 spem
1301 3227 1362 3271 mu·

225 3318 437 3381 taedarum
465 3337 612 3392 rerum,
643 3316 682 3379 de
713 3317 757 3380 R..
779 3316 814 3380 P.
843 3316 874 3380 11
905 3316 921 3399 ᾖ
950 3323 982 3380 4ε
1018 3317 1065 3382 ob
1095 3311 1363 3389 labefactandi

223 3446 263 3488 re
272 3425 336 3506 gni
361 3425 553 3502 timorem,
577 3423 610 3486 id
634 3429 692 3502 est,
715 3445 755 3487 ne
778 3422 1042 3488 labefactaretur.
1090 3423 1214 3504 (1865.)

310 3531 388 3614 Cap.
416 3536 468 3609 14,
499 3536 537 3595 13
569 3531 624 3612 (de
653 3530 704 3593 Μ’.
729 3531 833 3594 Acilio
859 3530 1052 3609 Glabrione,
1086 3534 1119 3595 in
1149 3551 1248 3612 quem
1269 3528 1364 3593 Thau·

224 3640 325 3703 maris
349 3640 670 3721 appropinquantem
693 3638 846 3702 iuventus
870 3639 999 3722 oppidi,
1028 3659 1102 3722 quae
1126 3645 1258 3703 armata
1280 3635 1368 3701 silvas

223 3753 255 3809 et
278 3747 399 3809 itinera
421 3746 600 3823 insederat,
631 3744 839 3825 incursavit):
874 3744 1023 3810 Consul
1054 3746 1182 3829 primo
1205 3747 1368 3815 mittere,

222 3853 290 3938 qui
325 3874 369 3917 ex
399 3854 624 3936 propinquo
654 3850 940 3934 colloquentes
969 3852 1235 3918 deterrerent
1265 3867 1369 3917 cosa

220 3960 299 4024 tali
318 3960 473 4039 furore3
497 3965 713 4042 postquam
736 3980 1003 4042 perseverare
1025 3962 1064 4024 in
1083 3962 1250 4043 incepto
1268 3958 1372 4030 vidit

138 4083 269 4151 (419)-
292 4067 547 4144 interclusit,
579 4101 615 4110 -
646 4067 764 4148 cepit.
820 4066 941 4131 Parum
975 4063 1073 4150 aptus
1108 4075 1161 4132 est
1195 4066 1371 4131 infinitivus

220 4173 413 4252 historicus,
448 4175 505 4256 qui
533 4172 696 4257 significat
724 4173 892 4238 consulem
922 4174 1103 4239 identidem
1132 4174 1285 4240 homiues
1306 4174 1374 4239 mit·

221 4286 290 4343 tere
314 4282 461 4361 coepisse
485 4283 572 4345 etin
596 4301 634 4344 eo
659 4277 861 4362 aliquamdiu
884 4282 1082 4365 perstitisse,
1118 4283 1170 4346 cui
1201 4304 1305 4348 unum
1328 4301 1377 4346 co·
