2994 5108
200 481 264 536 Lib.
282 479 328 534 [V.
751 466 811 527 128

202 653 370 719 interim
407 652 580 736 patricii
619 650 747 717 soluti
784 649 920 733 legum
958 650 1361 734 magistratuumque

202 762 454 828 verecundia
482 782 552 844 per
581 781 621 825 se
644 779 804 843 quoque
826 765 863 821 et
884 757 1152 823 tribuniciam
1174 764 1362 842 potesta-

199 878 281 936 tem
315 874 501 953 agerent,
536 868 600 934 hoc
630 873 695 948 est,
726 867 859 932 interim
886 866 1036 951 patricii,
1066 886 1101 931 se
1129 888 1260 950 quoque
1289 866 1364 950 (tri-

201 980 300 1046 bunis
323 979 386 1063 pl,
414 998 554 1060 quorum
582 977 688 1042 oratio
718 975 783 1059 est)
806 982 841 1041 et
861 974 1041 1041 tribunicia
1062 981 1231 1059 potestate
1253 976 1364 1042 sinen-

202 1087 293 1153 tibus
316 1108 376 1152 nee
399 1087 577 1169 quicquam
599 1083 887 1168 interponentibus
909 1082 1136 1167 impedimenti
1159 1082 1264 1165 (αὐτῶν
1286 1089 1365 1148 ἕνεκα

202 1202 248 1257 καὶ
270 1205 315 1271 τῆς
337 1200 503 1275 δημαρχικῆς
526 1202 666 1271 ἐξουσίας,
696 1199 734 1257 ul
762 1191 885 1257 (licitur
906 1212 978 1275 per
998 1213 1074 1272 me,
1102 1213 1176 1276 per
1198 1199 1366 1259 aelatem

202 1303 320 1384 licet,
353 1308 489 1386 potes,
522 1322 593 1385 per
621 1321 678 1365 me
707 1301 790 1365 ista
818 1299 992 1383 pedibus
1021 1300 1245 1366 trahantur
1273 1302 1366 1386 apud

89 1431 93 1434 ·
201 1410 405 1493 Ciceronem)
435 1411 581 1475 viverent
610 1414 811 1493 agerentque
834 1407 937 1474 soluti
959 1407 1070 1492 legum
1092 1410 1365 1492 magistratuum·

203 1541 265 1602 que
299 1518 506 1584 verecundia.
572 1518 700 1601 Agere
739 1518 787 1583 sic
819 1516 971 1583 absolute
1006 1516 1046 1582 de
1079 1519 1155 1583 ritae
1187 1539 1366 1601 rerumque

203 1634 303 1708 statu,
326 1626 415 1710 quod
438 1625 527 1711 apud
545 1624 739 1691 Sallustium
768 1631 802 1690 et
817 1624 968 1691 Tacitum
984 1625 1290 1708 frequentissimum
1307 1632 1367 1707 est,

204 1736 315 1801 Livius
344 1755 475 1819 quoque
503 1756 570 1800 non
591 1755 668 1799 raro
691 1735 819 1817 posuit,
853 1733 943 1799 velut
965 1733 1018 1799 his
1040 1734 1138 1814 loeis,
1173 1755 1256 1817 quos
1277 1734 1367 1801 forte

204 1845 374 1910 adnotavi:
393 1843 449 1924 IX,
467 1839 572 1921 20,'10
591 1841 692 1924 (sine
709 1841 869 1926 legibus
887 1843 1021 1922 certis,
1042 1843 1128 1908 sine
1145 1842 1368 1925 magistra·

117 1978 190 2046 (103)
208 1953 321 2018 tibus
340 1951 483 2034 agere),
501 1951 568 2016 ibd.
582 1954 632 2030 22,
653 1954 671 2014 3
690 1949 890 2031 (securior
906 1950 954 2016 ab
968 1949 1219 2016 Samnitibus
1237 1970 1369 2032 agere,

204 2060 317 2127 addito
335 2060 507 2139 adieetivo,
526 2067 564 2125 ut
579 2058 633 2123 hic
651 2057 801 2141 soluti),
818 2058 886 2124 ibd.
900 2062 950 2139 25,
968 2063 1034 2124 det
1045 2063 1096 2139 43,
1116 2057 1371 2140 4(incerti—

204 2169 484 2253 suspensique
530 2167 576 2233 de
621 2173 736 2232 statu
781 2166 963 2233 alterius
1003 2174 1179 2249 uterque
1218 2166 1370 2234 consul

205 2276 376 2360 ageret),
405 2275 528 2357 XXIX,
560 2280 594 2354 3,
623 2280 653 2355 8,
684 2274 785 2354 XXX,
815 2278 846 2354 9,
869 2274 935 2357 6.¹)
992 2273 1103 2358 [Quod
1126 2275 1231 2356 volui,
1264 2275 1370 2360 paulo

205 2385 302 2451 aliter
326 2383 466 2449 officitur
488 2384 560 2464 eV,
578 2385 612 2448 in
635 2404 701 2466 quo
725 2390 791 2449 est:
815 2383 1062 2450 verecundia
1073 2433 1164 2449 .....
1178 2389 1371 2468 potesta·

204 2500 374 2577 temquae
401 2492 669 2557 tribuniciam
692 2498 869 2574 agerent,
897 2490 928 2556 h.
954 2512 991 2573 e,
1021 2513 1092 2577 per
1114 2513 1155 2558 se
1177 2498 1368 2576 potesta-

204 2608 365 2684 temque
388 2606 436 2665 tr.
461 2597 531 2684 ag]

292 2706 371 2792 Cap.
396 2713 445 2774 58.
501 2708 539 2772 In
572 2708 635 2774 hoc
668 2709 777 2792 capite
807 2731 911 2794 quum
939 2710 980 2774 de
1008 2709 1115 2775 tribus
1144 2707 1226 2774 locis
1254 2708 1391 2775 dicere

204 2818 464 2897 constituissem,
499 2818 596 2901 primi
625 2816 887 2882 emendationem
926 2816 1235 2883 aWeissenbornio
1266 2838 1367 2883 occu-

204 2935 319 3010 patam
340 2926 451 3005 video,
485 2925 528 2990 ad
558 2947 658 3007 quam
684 2930 795 2990 tamen
819 2924 1078 2991 confirmandam
1099 2945 1208 3010 panca
1230 2924 1366 2991 addam.

205 3035 290 3100 Nam
323 3034 340 3117 ᾗ
374 3041 394 3098 4
429 3035 476 3099 sic
510 3034 679 3099 scribitur:
712 3032 951 3098 Tarditatis
986 3054 1107 3098 causa
1141 3034 1181 3098 in
1214 3039 1368 3100 senatu

205 3145 331 3226 magis
365 3142 445 3207 fuit
475 3164 591 3224 quam
620 3142 659 3205 in
688 3141 884 3221 tribunis,
919 3142 1000 3224 qni,
1034 3142 1131 3225 quia
1153 3162 1307 3207 summa
1329 3143 1368 3207 vi

206 3259 369 3316 restare
398 3249 703 3315 nuntiabantur
733 3248 805 3333 (qui
827 3250 1010 3330 Verrugine
1039 3249 1277 3316 obsidebantur
1299 3249 1367 3316 Ro-

206 3360 295 3423 mani
334 3357 485 3437 milites),
525 3377 666 3440 parum
699 3358 1007 3440 cogitaverunt,
1048 3357 1164 3422 nulla
1202 3359 1368 3425 virtute

206 3467 393 3550 superari
416 3465 679 3529 humanarum
701 3465 847 3530 virium
869 3465 1035 3531 modum.
1087 3463 1164 3542 Qui
1185 3486 1369 3550 pronomen

206 3575 250 3639 ad
278 3581 465 3640 senatum
492 3571 608 3638 referri
636 3594 735 3655 posse
763 3572 1051 3639 Drakenborohius
1081 3573 1199 3640 docere
1226 3582 1369 3641 conatus

205 3690 272 3762 est,
312 3683 426 3766 pingui
459 3680 620 3760 Minerva,
655 3689 692 3744 ut
725 3681 809 3746 solet
842 3681 896 3747 ille
931 3681 972 3747 de
1005 3681 1105 3747 rebus
1139 3684 1367 3766 grammaticis

236 3928 260 3994 ¹)
278 3927 318 3983 Ut
339 3928 387 3982 hic
408 3932 619 3996 potestatem
641 3927 867 3982 tribuniciam
892 3944 1004 3997 agere,
1032 3929 1073 3983 sic
1096 3927 1136 3996 11,
1162 3931 1211 3997 48,
1239 3931 1370 3987 lomnes

276 4017 372 4067 tenent
397 4013 488 4067 bella
516 4029 618 4081 agere
645 4011 839 4078 (vitiosissimo
866 4013 951 4067 etism
974 4014 1077 4082 plurali
1099 4014 1242 4084 numero),
1271 4022 1370 4071 ortum

277 4115 310 4151 ex
333 4100 476 4154 communi
497 4098 547 4151 illo
571 4114 652 4151 casus
675 4098 908 4153 accommodandi
931 4115 1038 4165 errore,
1065 4118 1131 4154 nam
1150 4117 1236 4168 quum
1255 4101 1370 4159 dilec·
1453 4088 1458 4098 ’

275 4190 330 4238 tus
357 4190 475 4253 propter
501 4199 619 4251 sequens
647 4199 756 4250 neque
779 4183 885 4237 aliam
908 4184 1011 4238 ullam
1031 4184 1145 4253 (idest,
1174 4184 1283 4242 ullius
1302 4186 1368 4257 rei)

276 4286 391 4323 euram
419 4268 596 4333 accusativus
619 4272 777 4337 putaretur,
804 4269 912 4324 factum
939 4275 982 4324 est
1005 4288 1115 4339 neque
1137 4271 1231 4327 bella
1253 4290 1371 4342 neque

276 4353 437 4408 dilectus.
474 4353 659 4408 Scribendum
677 4370 737 4407 esse
755 4353 850 4423 belli,
868 4353 997 4409 Dukerus
1016 4355 1096 4410 vidit.
