3000 5116
696 492 757 553 249

149 681 205 758 25,
234 675 460 743 2610000100
483 675 677 759 (fecisse),
706 676 813 757 XXX,
842 681 897 757 27,
927 681 945 743 5
970 676 1141 744 Creverius
1164 675 1303 762 (Impe·
1372 762 1375 768 Ι

148 785 296 868 rator);
328 784 437 864 XXX,
466 788 522 865 21,
551 788 570 849 9
595 784 680 867 (uec
709 806 800 851 esse
828 785 923 866 init,
958 788 1026 869 qui
1055 787 1139 851 deis
1168 792 1304 869 grates

149 893 329 979 agendas
352 893 559 976 censeant)
582 893 649 958 iam
670 895 705 958 in
727 894 966 960 recentioribus
988 895 1115 980 aliquot
1137 893 1305 959 codicibus

150 1003 317 1070 abiectum
347 1008 399 1068 005
425 1001 520 1082 1015,
554 1002 703 1067 additum
724 1002 981 1084 inconsiderate,
1015 1025 1116 1086 quum
1138 1024 1304 1069 necesse

149 1134 211 1198 pro
244 1133 311 1177 una
342 1130 422 1177 voce
457 1111 671 1195 acciperetur.
736 1109 889 1193 (Frustra
920 1113 1206 1177 Weissenbornius
1240 1112 1306 1176 alia

149 1221 320 1305 anquirit.)
377 1217 547 1302 [xxv111,
576 1223 633 1298 40,
663 1223 680 1283 5
711 1227 851 1304 apparet
873 1220 1068 1286 Rhenanam
1096 1221 1130 1285 in
1159 1219 1305 1286 tollendo

150 1328 267 1394 modo
290 1334 441 1394 secutum
463 1349 535 1394 esse
559 1325 605 1410 S]
655 1327 724 1392 Neo
748 1327 976 1409 dubitandum,
1000 1330 1080 1413 quin
1102 1328 1188 1409 XXI,
1213 1334 1261 1410 19,
1286 1333 1304 1394 9

150 1437 370 1520 Saguntini
399 1443 433 1502 05
455 1439 511 1517 25,
547 1440 565 1500 5
588 1436 792 1502 incertum
822 1437 923 1502 etiam
950 1439 984 1502 in
1007 1438 1032 1502 P
1054 1438 1191 1518 fuerint,
1225 1459 1305 1522 quo·

152 1548 242 1611 niam
265 1552 298 1612 et
321 1544 381 1610 OM
404 1550 438 1610 05
460 1546 561 1610 ceteri
583 1550 707 1624 tenent,
736 1544 799 1610 hoc
822 1545 954 1629 quidem
977 1547 1143 1630 posterius
1166 1553 1200 1611 et
1222 1547 1305 1613 alte-

151 1676 227 1720 rum
260 1655 294 1719 in
327 1652 442 1720 eodem
475 1652 560 1718 libro
597 1673 623 1717 0.
654 1660 711 1732 44,
746 1659 764 1718 9
794 1652 1069 1736 (destinatum)
1098 1677 1233 1738 prorsus
1266 1678 1306 1721 ex

154 1762 271 1828 eodem
304 1782 439 1844 genere,
474 1784 514 1827 ex
548 1783 612 1846 quo
646 1767 727 1827 nata
761 1768 856 1827 erant
887 1761 952 1826 illae
986 1764 1019 1826 in
1049 1764 1155 1846 prima
1183 1763 1306 1830 decade

152 1871 300 1956 duplices
328 1872 514 1955 scriptura,
542 1869 605 1935 hoc
628 1877 692 1950 est,
721 1892 760 1935 ex
783 1869 933 1935 vocabuli
956 1891 977 1935 a
998 1871 1088 1936 Livio
1111 1873 1210 1956 positi
1233 1893 1307 1938 cum

149 1982 446 2064 interpretamento
469 1978 744 2061 coniunctione.1)
799 1978 993 2044 Mutationis
1028 1980 1165 2045 consilio
1194 1987 1228 2046 et
1256 2003 1306 2046 er·

148 2110 224 2155 rore
254 2088 350 2153 iactae
378 2088 444 2152 iam
473 2088 658 2172 exemplum
686 2094 759 2152 erat
786 2088 820 2151 in
848 2087 920 2153 loco
945 2109 1045 2173 supra
1067 2091 1175 2173 posito
1198 2088 1302 2170 XXII,
1322 2096 1391 2166 (209)

153 2202 209 2279 16,
237 2202 258 2261 4
283 2195 476 2279 (fortuna,
507 2216 607 2278 quum
635 2196 735 2261 semel
758 2197 919 2279 scriptum
942 2202 1028 2261 esset
1050 2197 1206 2280 minas);
1240 2198 1307 2263 alia

152 2305 253 2390 paulo
282 2304 467 2370 occultiora
494 2304 641 2388 aperiam
663 2303 755 2383 XXI,
790 2308 845 2383 57,
879 2303 1107 2387 2053(01)1,
1141 2311 1307 2372 structura

149 2436 218 2481 non
251 2413 435 2493 intellecta,
475 2434 535 2497 pro
570 2413 768 2478 accusativis
804 2413 933 2479 duobus
967 2413 1103 2479 ablativi
1136 2413 1307 2480 substituti

149 2522 242 2605 sunt)
266 2528 300 2587 et
322 2522 395 2587 aliis
419 2520 509 2587 locis.
567 2521 609 2587 Et
636 2527 747 2586 tamen
775 2521 846 2586 lraec
874 2543 934 2587 000
962 2523 1066 2587 multa
1088 2528 1164 2587 sunt
1187 2530 1235 2603 et,
1269 2529 1307 2588 ut

151 2637 230 2698 ante
265 2631 348 2711 dixi,
388 2629 565 2714 simplicia;
603 2650 679 2694 nam
713 2630 867 2694 librarius
901 2630 951 2710 id,
993 2630 1079 2714 quod
1114 2630 1305 2713 offenderat,

149 2740 300 2825 proximo
335 2744 369 2803 et
401 2738 475 2803 rudi
509 2739 654 2804 remedio
688 2739 869 2822 expedivit,
909 2739 949 2804 de
989 2745 1061 2804 tota
1100 2739 1164 2804 1001
1202 2738 1308 2805 forma

150 2869 268 2933 parum
291 2848 456 2930 cogitans;
487 2847 685 2913 eruditiores
714 2847 762 2911 illi
784 2847 948 2927 homines,
979 2848 1035 2930 qui
1057 2849 1306 2913 renascentibus

149 2955 336 3022 litterarum
375 2955 492 3020 studiis
530 2956 651 3021 menda
690 2957 756 3020 iam
795 2955 922 3039 longius
963 2955 1093 3020 detorta
1132 2956 1306 3022 emendare

150 3064 374 3143 conabantur,
415 3071 453 3129 ut
484 3063 549 3148 legi
582 3070 617 3129 et
648 3064 794 3146 intellegi
830 3063 960 3128 codices
994 3071 1143 3147 possent,
1178 3064 1306 3129 facilius

151 3171 322 3252 fallerent,
362 3172 425 3238 nisi
464 3173 688 3256 antiquiorum
723 3173 872 3238 codicum
904 3172 1102 3238 testimoniis
1136 3174 1306 3238 convince-

150 3287 285 3362 rentur,
309 3287 343 3347 et
364 3280 421 3346 diu
443 3280 620 3366 multisque
644 3281 725 3347 locis
747 3281 944 3347 fefellerunt.

238 3389 317 3474 [Sed
340 3390 444 3456 codex
456 3389 653 3468 Puteaneus,
677 3395 714 3454 05
736 3391 802 3453 iam
825 3390 901 3470 dixi,
923 3390 956 3453 10
980 3390 1124 3474 0010000
1144 3388 1307 3472 prioribus

149 3498 244 3566 libris
268 3499 356 3564 solus
378 3504 510 3583 regnat3
533 3499 566 3562 10
590 3497 824 3581 posterioribus
842 3519 978 3580 regnum
995 3519 1130 3580 prorsus
1149 3499 1307 3582 partitum

150 3606 292 3674 haberet
320 3627 393 3671 cum
423 3607 536 3672 codice
560 3606 722 3690 Spirensi,
757 3607 784 3671 01
813 3606 842 3671 10
871 3612 1018 3671 exstaret
1047 3606 1207 3690 01000000
1231 3628 1307 3672 000-

148 3716 231 3782 ferri
247 3722 374 3800 posset;
392 3736 479 3780 nunc
496 3716 649 3800 partitur,
666 3714 723 3779 ubi
742 3714 781 3778 de
801 3713 946 3797 Spirensi
965 3719 1105 3779 constat.
1128 3715 1176 3780 Eo
1195 3715 1308 3781 codice

149 3824 194 3891 ab
222 3825 316 3890 initio
345 3830 379 3889 et
406 3825 440 3889 in
462 3824 525 3890 fine
548 3823 666 3889 mutilo
690 3822 752 3905 (ita
774 3829 811 3888 ut
832 3823 908 3887 libri
930 3823 1073 3887 vicesimi
1096 3824 1178 3887 sexti
1201 3844 1308 3907 pauca

149 3933 246 4014 solia,
280 3954 417 4017 quorum
448 3933 588 4015 primum
616 3953 642 3997 c.
667 3935 721 4011 30,
757 3936 774 3995 9
805 3931 848 3995 ad
871 3935 926 4012 31,
961 3935 980 3993 2
1009 3930 1213 4012 continebat,
1248 3952 1307 3995 nec

151 4042 312 4107 continua
339 4047 563 4125 superessent,
597 4039 753 4104 tricesimi
787 4038 869 4103 nihil
898 4045 973 4123 post
1001 4040 1128 4103 initium
1157 4059 1227 4123 cap.
1254 4037 1307 4121 16)

180 4297 204 4361 ¹)
223 4294 309 4350 Aliud
327 4311 415 4365 genus
434 4293 556 4365 duplicis
574 4293 733 4364 scripturae,
761 4310 816 4362 quo
838 4294 971 4348 librarius
994 4310 1117 4347 errorem
1140 4312 1221 4349 suum
1244 4309 1305 4349 eor·

220 4379 297 4450 tigit
316 4380 543 4436 commemorabo
563 4379 600 4434 ad
616 4378 707 4448 XXII,
725 4382 767 4448 28,
785 4382 809 4434 9.
