2994 5108
192 467 195 475 ’
216 479 277 533 Lib.
297 478 384 533 XXII.
765 470 829 531 294

216 652 422 717 considerate
446 652 588 736 scripsit,
611 653 669 717 sed
692 652 827 718 confuse
851 661 884 718 et
905 655 1138 719 inconstanter.
1177 654 1322 735 Primum
1345 656 1373 719 si

217 761 327 825 omnia
348 760 491 843 virgulta
514 762 686 842 arsissent,
720 783 786 826 non
815 782 899 826 vano
927 767 1054 827 terrore
1077 762 1180 846 (quod
1202 768 1275 827 tota
1296 782 1373 827 nar·

215 870 300 933 ratio
335 864 527 952 significat),
571 870 629 934 sed
661 891 738 936 vero
772 890 811 934 ac
845 870 937 952 gravi
970 870 1115 952 periculo
1149 868 1374 935 conflictatum

215 975 399 1041 Romanum
426 977 617 1060 praesidium
645 984 740 1044 esset.
792 977 907 1061 Neque
937 977 1099 1061 profecto,
1127 979 1155 1043 si
1178 978 1288 1042 omnia
1308 977 1373 1041 vir·

215 1084 308 1166 gulta
331 1084 500 1162 arsissent,
525 1083 665 1151 flammae
687 1085 862 1151 arboribus
885 1087 1109 1170 pepercissent
1126 1086 1175 1168 (in
1196 1105 1260 1167 quo
1278 1084 1374 1150 hresit
1437 1066 1444 1078 ⁸

215 1192 316 1256 etiam
352 1192 662 1275 Weissenbornius).
719 1194 784 1260 Sed
817 1193 899 1258 nihil
932 1195 1067 1274 arsisse,
1101 1194 1166 1259 nisi
1198 1192 1306 1258 fasces
1338 1192 1374 1258 in

215 1299 369 1365 cornibus
397 1301 498 1367 boum
526 1309 560 1366 et
582 1303 725 1386 speciem
746 1308 875 1368 tantum
898 1301 1040 1403 incendii
1062 1301 1179 1380 luisse,
1213 1307 1248 1367 et
1270 1299 1374 1366 ceteri

215 1409 393 1491 scriptores
421 1409 605 1494 (Polybius,
634 1392 821 1496 Appianas,
853 1409 1065 1490 Plutarchus,
1094 1409 1193 1476 Silius
1221 1407 1372 1489 Italicus)

213 1515 364 1594 tradunt,
393 1538 457 1583 uno
481 1526 618 1603 excepto
642 1520 772 1585 Zonara
794 1518 901 1601 (VIII,
929 1522 987 1582 26:
1017 1526 1143 1597 πολλαχῆ
1164 1525 1210 1609 τὴν
1230 1523 1297 1594 ὕλην
1318 1524 1373 1578 ιη’-

213 1622 346 1704 πρησαν),
369 1625 426 1707 qui
449 1647 516 1691 non
538 1627 691 1709 virgulta,
714 1627 782 1706 sed,
806 1634 843 1691 ut
866 1646 927 1710 par
950 1633 1031 1705 erat,
1054 1626 1153 1692 silvas
1169 1624 1372 1708 arboresque

213 1731 364 1796 incendio
393 1739 564 1816 correptas
593 1743 723 1814 narrat,
752 1743 785 1800 et
813 1734 876 1799 hoc
904 1733 1015 1799 Livius
1043 1734 1111 1816 ipse
1142 1732 1315 1816 perspicue
1335 1732 1373 1797 in

213 1839 270 1915 iis,
302 1860 374 1920 quac
402 1840 536 1906 subiicit
559 1840 590 1924 (ξ
613 1847 634 1907 4
656 1850 690 1908 et
713 1842 756 1922 5),
788 1842 953 1925 sequitur,
983 1862 1060 1906 nam
1082 1841 1200 1907 densas
1221 1838 1373 1906 flammas

126 1951 201 2020 (240)
219 1945 265 2010 ibi
286 1946 386 2012 fuisse
410 1948 581 2031 significat,
611 1949 667 2014 ubi
690 1947 829 2015 conferti
852 1949 951 2015 boves
973 1954 1093 2028 essent,
1116 1969 1238 2032 paucos
1261 1955 1374 2014 amen

211 2054 311 2120 boves
334 2076 354 2119 a
377 2058 497 2121 ceteris
524 2057 655 2140 palatos
684 2057 763 2122 alibi
785 2056 935 2122 flammas
959 2056 1154 2136 ostendisse;
1189 2056 1373 2137 eodemque

211 2164 356 2247 pertinet
385 2165 491 2248 ipsum
520 2164 616 2253 illud:
656 2165 762 2230 haud
796 2185 912 2230 secus
942 2185 1058 2248 quam
1095 2200 1140 2210 —
1172 2163 1373 2229 accensis.

212 2270 314 2336 Recte
349 2273 465 2355 igitur,
498 2280 536 2337 ut
564 2275 696 2357 opinor,
730 2273 804 2338 Ant.
835 2272 1024 2338 Perizonius
1059 2273 1146 2338 visa
1177 2269 1375 2356 requirebat

212 2378 410 2461 (virgulta
438 2380 584 2446 ardere
612 2380 715 2461 visa3
744 2380 853 2444 malim
876 2380 1058 2462 virgulta
1079 2381 1169 2445 risa
1191 2377 1374 2460 ardere);

211 2492 385 2570 potestque
414 2488 449 2552 in
477 2487 541 2552 hac
569 2489 692 2572 speciei
721 2489 864 2552 incendii
887 2487 1126 2570 significatione
1150 2485 1282 2552 defendi
1303 2486 1372 2551 sir·

211 2592 375 2673 gultorum
401 2615 421 2658 a
444 2594 572 2679 reliqua
594 2596 676 2660 silva
699 2597 876 2679 separatio.
911 2596 996 2661 Nam
1017 2595 1160 2679 virgulta
1181 2594 1280 2660 boves
1301 2614 1373 2660 non

211 2700 277 2766 alte
301 2704 480 2767 eminentes
504 2703 681 2786 aequabant
703 2711 737 2769 et
758 2705 826 2768 fere
851 2702 1021 2787 tegebant;
1050 2704 1162 2786 itaque
1184 2702 1254 2767 haec
1276 2699 1372 2766 flam·

210 2811 272 2872 mis
312 2816 466 2895 correpta
506 2811 718 2890 videbantur3
766 2832 808 2876 ex
853 2811 1039 2875 arboribus*
1073 2809 1247 2875 altioribus
1285 2809 1373 2874 nihil

211 2916 405 2982 collucebat.
447 2918 563 2999 (Paulo
588 2924 665 2983 ante
689 2917 705 3000 ξ
729 2923 747 2980 2
772 2918 891 2983 calor
913 2918 962 2981 ad
984 2919 1117 2983 vivum
1139 2917 1187 2982 ad
1212 2918 1372 3000 imaque

210 3046 402 3090 cornuum
442 3026 552 3109 inepte
594 3026 786 3090 advenire
821 3025 949 3090 dicitur.
1006 3026 1083 3090 Fuit
1117 3031 1175 3089 aut
1202 3025 1373 3091 veniens

210 3133 522 3198 autdeveniens.
571 3133 676 3214 1872.)

295 3240 393 3324 *Cap
421 3245 468 3320 19,
506 3247 524 3305 3
549 3240 604 3321 (de
627 3239 868 3318 Hasdrubale):
904 3241 1177 3323 quadraginta
1206 3241 1372 3306 navium

210 3348 382 3412 classem
422 3347 641 3413 Himilconi
681 3347 815 3412 tradit
853 3354 977 3429 atque
1017 3349 1075 3412 ita
1108 3347 1372 3432 Carthagine

209 3455 420 3538 profectus
455 3456 627 3521 navibus
662 3476 787 3540 prope
817 3462 968 3519 terram
998 3457 1221 3521 exercitum
1250 3455 1289 3520 in
1316 3455 1374 3522 li·

208 3567 298 3626 tore
322 3562 507 3640 ducebat,
530 3569 703 3645 paratus
728 3562 965 3645 confligere,
989 3583 1228 3645 quacunque
1250 3572 1375 3648 parte

209 3671 421 3751 copiarum
443 3670 576 3736 hostis
599 3671 859 3735 occurrisset.
900 3669 973 3733 Non
996 3677 1086 3734 recte
1110 3671 1262 3754 coniungi
1283 3692 1376 3754 pro·

208 3775 344 3841 lectus
375 3778 565 3855 navibus,
596 3777 707 3860 plures
731 3781 918 3856 senserunt;
949 3798 1025 3840 nam
1048 3798 1156 3861 neque
1179 3776 1301 3843 dicitur
1325 3779 1377 3845 ita

209 3883 282 3966 (sed
311 3893 344 3950 et
372 3885 592 3969 proficisci
620 3887 711 3950 navi
735 3876 782 3948 ¹de
812 3905 867 3963 ea,
901 3884 935 3948 in
963 3906 1029 3966 qua
1058 3885 1203 3963 veharis,
1238 3892 1273 3951 et
1294 3906 1377 3969 pro·

208 3990 310 4057 ficisci
332 3993 481 4072 multis,
505 3992 639 4058 decem
660 3992 832 4057 navibus
856 3991 896 4055 de
920 3992 1079 4057 comitatu
1101 4000 1136 4058 et
1158 3993 1288 4073 classe),
1312 4014 1377 4061 nec

209 4098 278 4180 ipse
308 4100 499 4167 Hasdrubal
526 4103 560 4165 in
590 4100 710 4180 classe,
745 4120 844 4182 quam
872 4098 1048 4164 Himilconi
1076 4100 1280 4178 tradiderat,
1315 4102 1378 4168 sed

210 4204 252 4268 ad
286 4213 478 4273 terrestrem
511 4211 692 4272 exercitum
725 4207 824 4271 fuisse
857 4205 1003 4285 videtur,
1044 4213 1079 4272 et
1112 4215 1269 4292 apparet,
1303 4207 1379 4275 haec

210 4316 375 4377 contraria
398 4317 484 4379 inter
507 4337 541 4379 se
564 4316 689 4393 referri,
713 4335 786 4398 quae
809 4315 977 4397 pertinent
999 4314 1043 4405 ad
1064 4316 1194 4382 itineris
1215 4317 1378 4383 formam:
