2994 5108
216 498 279 556 Lib.
296 498 358 555 VII
766 488 828 550 110

217 673 425 757 cipitaret.
476 671 603 738 Livium
626 672 713 738 enim
736 672 776 738 de
798 673 854 754 iis,
884 673 996 756 quiin
1017 673 1155 739 iusidias
1176 673 1291 739 locove
1313 672 1377 739 ini·

216 803 283 866 qua
306 802 385 847 casu
411 781 577 862 incidant,
611 803 678 847 non
705 780 747 846 ab
776 782 850 847 aliis
871 781 1064 862 trudantur,
1096 803 1163 848 non
1183 780 1281 848 modo
1304 781 1377 866 ple·

217 911 366 974 rumque,
391 890 449 956 sed
472 910 602 974 semper
625 889 731 955 activo
752 910 848 955 usum
870 910 943 955 esse
964 890 1252 974 praeoipitandi
1272 890 1377 958 verbo

216 1020 277 1084 pro
307 998 524 1076 intransitive,
555 997 830 1080 quemadmodum
853 998 954 1062 etiam
976 996 1091 1064 Cicero
1118 997 1213 1079 iecit,
1247 1005 1379 1064 certum

215 1107 360 1188 videtur,
394 1127 461 1172 non
493 1106 627 1171 minime
661 1105 703 1172 ob
738 1126 812 1171 eam
845 1125 995 1186 oausam,
1029 1105 1119 1191 quod
1150 1108 1186 1172 in
1212 1107 1254 1173 iis
1280 1107 1378 1174 verbi

215 1215 347 1296 formis,
382 1234 522 1299 quarum
545 1213 712 1279 difficilior
733 1220 808 1279 erat
828 1214 1046 1298 permutatio,
1080 1235 1209 1300 semper
1231 1217 1379 1283 activum

216 1324 349 1390 codices
370 1328 494 1388 tenent.
551 1321 688 1405 Legitur
712 1327 822 1387 sutem
845 1323 990 1388 activum
1011 1322 1063 1388 his
1084 1323 1184 1389 locis:
1213 1322 1255 1406 11,
1280 1328 1332 1404 51,
1356 1328 1376 1390 5

216 1431 546 1516 (praecipitavere
579 1431 619 1494 in
652 1429 861 1512 insidias),
894 1428 938 1509 V,
975 1434 1028 1510 18,
1059 1434 1078 1495 7
1107 1430 1238 1514 (eadem
1265 1431 1377 1514 verbu,

215 1541 278 1606 etsi
310 1539 358 1605 ibi
389 1537 518 1619 MPHl,
559 1538 738 1604 deteriores
778 1539 911 1604 codices
944 1545 1023 1621 post
1060 1541 1378 1626 precipitavere

216 1648 344 1714 addunt
366 1669 420 1729 se;
445 1669 544 1731 quam
566 1668 674 1731 prave,
698 1646 766 1711 disi
789 1667 890 1731 supra
911 1670 942 1730 p.
965 1645 1029 1729 32),
1052 1647 1106 1728 VI,
1130 1651 1180 1729 30,
1202 1653 1224 1712 4
1245 1647 1377 1731 (eadem

214 1756 340 1839 verba),
362 1756 463 1837 XXV,
484 1760 569 1835 11,6
590 1754 775 1839 (plurimi
796 1756 835 1819 in
858 1752 1011 1820 fossam
1032 1756 1376 1841 praecipitavere),

214 1864 354 1945 XXVII,
391 1869 444 1943 16,
479 1869 500 1928 4
534 1862 586 1945 (in
608 1868 774 1947 puteum
796 1884 909 1928 -ex
932 1883 1035 1946 equo
1058 1865 1375 1949 praecipitasse)‚

214 1972 370 2054 XXXIX,
393 1977 427 2053 2,
453 1977 471 2037 3
495 1971 579 2057 (per
600 2007 645 2018 -
666 1993 786 2055 rupes
810 1972 1009 2056 deruptas
1031 1972 1375 2059 praecipitantes),

214 2080 330 2162 XLIII,
360 2085 411 2163 23,
441 2088 461 2146 4
483 2080 537 2164 (in
558 2080 707 2146 vallem
728 2081 927 2146 insessam
949 2079 998 2145 eb
1021 2080 1214 2147 hostibus
1236 2082 1375 2166 praeci·

129 2252 142 2275 ‚
214 2190 371 2274 pitant;
411 2190 445 2254 in
483 2189 597 2255 codice
629 2188 707 2254 huic
740 2188 839 2254 verbo
873 2187 1084 2254 adheserunt
1119 2211 1173 2271 ea,
1214 2211 1288 2273 quae
1320 2211 1372 2258 ss·

214 2305 374 2384 quuntur,
408 2299 456 2363 sic
495 2302 669 2382 corrupto:
713 2298 1376 2383 praecipitantibusidemoccisis).

213 2407 316 2473 Paulo
340 2407 406 2472 alia
423 2405 662 2489 significatione
673 2404 805 2486 XXVII,
828 2411 880 2487 40,
905 2405 1215 2473 tad—Cannas
1237 2409 1377 2493 presci-

218 2517 379 2600 pitasse
409 2515 584 2580 Romana
611 2536 675 2580 res
704 2514 839 2595 dicitur,
875 2515 1150 2599 quemadmodum
1172 2537 1194 2582 a
1215 2513 1376 2584 Cicerone

218 2645 279 2708 pro
293 2623 386 2689 Sulis
406 2627 457 2703 31,
476 2628 516 2688 87
534 2645 599 2689 res
617 2621 789 2708 publica
805 2625 1084 2709 praecipitans.
1118 2623 1255 2691 Passivs
1270 2623 1381 2692 forms

217 2732 310 2797 verbi
331 2731 596 2816 impersonaliter
618 2737 656 2796 ut
677 2732 879 2797 intransitivi
901 2734 1038 2817 ponitur
1059 2732 1124 2813 III,
1158 2736 1215 2813 43,
1250 2738 1284 2814 δ,
1321 2734 1380 2818 qui

217 2841 310 2906 locus
346 2862 433 2906 nunc
461 2847 551 2906 recte
578 2841 825 2925 interpungitur
859 2839 1176 2926 (praecipitatum
1208 2841 1248 2906 in
1280 2841 1380 2908 insi·

219 2951 306 3016 dias
329 2971 434 3030 essc3
458 2948 633 3015 Siccium
654 2983 698 2992 -
719 2949 959 3032 militesque
983 2949 1174 3034 quosdam
1193 2983 1239 2995 —
1260 2951 1381 3016 amis·

219 3057 309 3142 sos).
364 3058 559 3138 Dubitatur,
593 3063 714 3141 praeter
742 3077 831 3137 eum,
865 3057 909 3122 ed
938 3079 1035 3141 quem
1063 3057 1134 3122 haec
1162 3056 1381 3140 adnotantur,

216 3167 340 3248 locum,
369 3168 402 3232 in
425 3166 569 3233 duobus:
603 3164 695 3244 XXI,
725 3168 780 3245 25,
816 3170 851 3230 9:
891 3165 949 3230 ibi
983 3164 1250 3250 inexplorato
1280 3188 1381 3250 pro·

212 3275 350 3341 ¹fectus
400 3277 440 3340 in
486 3274 662 3341 insidias
706 3275 993 3359 praecipitatus
1038 3274 1247 3357 multaque
1288 3294 1379 3341 cum

219 3383 324 3448 coede
363 3404 527 3448 suorum
565 3405 666 3467 segre
704 3384 744 3447 in
784 3387 955 3467 apertos
994 3403 1156 3467 campos
1196 3385 1381 3451 emersit.

218 3491 327 3557 Sensit
350 3491 549 3571 Gronovius,
583 3512 683 3575 prave
711 3491 880 3574 coniungi:
915 3492 1205 3575 precipitatus
1232 3490 1382 3558 multa·

218 3621 293 3683 que
320 3635 365 3645 —
392 3601 574 3681 emersit;
616 3600 729 3683 itaque
763 3621 838 3684 que
872 3598 946 3664 tolli
978 3598 1124 3679 volebat,
1165 3598 1384 3667 scribendum

219 3714 283 3774 est:
319 3708 560 3794 praecipitat
586 3709 795 3792 multaque
824 3713 904 3789 cet,
938 3707 1043 3787 XXV,
1075 3711 1130 3788 16,
1160 3712 1215 3772 15:
1249 3706 1383 3775 Grac·

219 3817 331 3898 chus,
363 3813 547 3882 fraudem
580 3823 621 3883 et
650 3817 827 3882 sermoni
856 3821 895 3880 et
921 3817 981 3881 rei
1012 3816 1157 3882 abesse
1184 3820 1303 3883 ratus
1334 3838 1384 3886 sc

218 3925 495 3992 similitudine
517 3925 601 3991 veri
625 3931 783 4009 captus,
814 3944 900 3990 eum
928 3924 1150 3990 lictoribus
1180 3945 1225 3990 ae
1244 3929 1385 3995 turma

134 4054 204 4125 (144)
223 4035 402 4117 equitum
431 4034 623 4099 ecastris
652 4032 866 4117 profectus
895 4032 995 4099 duce
1022 4033 1184 4117 hospite
1211 4033 1251 4097 in
1279 4033 1385 4101 insi·

218 4142 306 4208 dias
328 4142 625 4227 precipitatus.
669 4140 732 4206 Hic
755 4162 886 4226 quoque
909 4141 1092 4207 Gronovius
1115 4145 1191 4225 post
1211 4140 1278 4207 tria
1299 4162 1384 4227 par-

215 4250 347 4334 ticipia,
374 4271 448 4334 quae
477 4250 572 4332 quasi
595 4249 717 4333 gradum
741 4251 883 4315 actionis
906 4249 1100 4334 significant,
1128 4249 1260 4334 inipso
1284 4251 1385 4319 exitu

217 4360 267 4424 rei
295 4356 494 4424 declarando
522 4357 658 4423 verbum
685 4357 814 4423 linitum
841 4358 1031 4443 ponendum
1058 4358 1161 4424 fuisse
1182 4356 1282 4439 vidit3
1318 4380 1385 4429 nec
