2994 5108
206 487 274 580 lab.
294 485 408 540 xxm
758 471 822 533 476

213 679 314 736 esse,
347 659 497 722 universe
532 656 716 720 animorum
744 654 901 719 alienatio
930 653 1185 737 conciliatioque
1215 651 1373 717 obversa·

211 766 310 831 batur
344 764 518 830 scribentis
554 762 756 844 cogitationi.
811 762 859 825 De
893 761 1115 845 superiorum,
1149 780 1234 844 quos
1268 760 1373 823 iuter·

211 875 399 958 polatorum
422 872 567 937 ludibria
590 856 802 953 deceperunt,
827 867 1002 934 conatibus
1024 866 1106 932 nihil
1129 866 1247 932 dicam.
1282 864 1372 931 Bek-

209 979 309 1046 karus
350 986 383 1044 et
414 978 717 1055 Weissenbornius‚
756 975 1013 1060 interpolatione
1052 974 1201 1054 sublata,
1239 972 1371 1039 laounae

209 1094 322 1160 notam
352 1093 551 1170 posuerunt,
586 1084 642 1150 ille
670 1086 756 1149 inter
784 1085 938 1149 animos
968 1090 1002 1148 et
1031 1104 1164 1167 quum,
1197 1081 1253 1146 hio
1281 1082 1372 1146 inter

210 1196 380 1259 amioum
403 1201 435 1259 et
457 1195 640 1272 maxime;
669 1192 735 1271 sed,
763 1213 829 1256 una
852 1190 967 1255 addita
988 1190 1233 1276 praepositione,
1257 1189 1372 1253 omnia

208 1302 381 1386 aptissima
403 1308 479 1366 sunt
501 1322 562 1366 neo
585 1300 764 1384 quidquam
788 1299 969 1364 desiderari
992 1305 1051 1363 aut
1073 1296 1242 1362 commode
1264 1297 1371 1361 iuter·

208 1409 285 1492 poni
304 1415 422 1493 potest.
454 1407 607 1491 [Prorsus
627 1407 853 1491 exprimuntur
864 1406 1003 1472 Diodori
1015 1406 1077 1472 Sic.
1091 1404 1191 1471 verba
1201 1403 1371 1486 (xxvm,

208 1514 241 1596 9)
264 1539 285 1581 a
306 1516 442 1600 Polybio
464 1514 620 1598 sumpta]

295 1621 373 1707 Cap.
398 1629 427 1702 7,
452 1628 486 1687 3:
516 1623 549 1688 Ii
573 1621 751 1704 (censores)
777 1659 814 1667 —
840 1628 879 1688 et
902 1629 1084 1688 senatum
1106 1654 1150 1666 —-
1170 1619 1370 1703 legerunt

210 1737 250 1794 et
284 1732 472 1812 portoria
500 1732 747 1795 venalicium
777 1729 919 1814 Capuae
947 1728 1234 1810 Puteolisque‚
1268 1728 1368 1792 item

209 1835 395 1902 Castrum
429 1841 670 1922 portorium,
711 1859 786 1922 quo
826 1839 865 1902 in
898 1838 987 1904 loco
1027 1857 1131 1902 nuno
1168 1834 1367 1919 oppidum

208 1952 283 2023 est,
317 1945 532 2010 fruendum
562 1947 765 2025 locarunt,
801 1946 1050 2027 colonosque
1079 1966 1124 2010 eo
1146 1949 1368 2008 trecentos

210 2087 249 2096 —
267 2053 588 2138 adscripserunt.
627 2053 726 2117 Plura
749 2056 783 2117 in
799 2053 862 2119 hoo
878 2053 952 2119 loeo
969 2051 1211 2118 dubitationem
1227 2049 1366 2114 habeut

206 2159 320 2244 Neque
355 2160 423 2225 hae
457 2162 660 2226 coniunctio:
694 2163 880 2244 portoria
906 2195 964 2239 —‚
997 2161 1096 2225 item
1123 2159 1367 2243 ‚portorium

205 2268 382 2332 admodum
404 2269 515 2352 placet
539 2276 572 2333 et
594 2268 698 2333 multo
722 2270 830 2333 minus
853 2269 1083 2352 portorium
1106 2265 1365 2341 venalicium,

206 2377 354 2456 genetivo
384 2395 477 2456 casu3
512 2398 587 2440 nam
621 2396 727 2458 neque
762 2376 989 2441 venalicias
1016 2396 1076 2459 pro
1105 2372 1243 2438 venali
1270 2377 1365 2436 reete

173 2524 174 2527 κ
206 2481 327 2545 dieitur
355 2504 461 2564 neque
489 2485 614 2549 usitate
642 2484 888 2548 venalicium
918 2506 977 2569 pro
1008 2481 1305 2548 venaliciorum
1328 2486 1366 2544 et

207 2609 470 2671 supervacaneus
498 2592 596 2674 plane
619 2591 748 2656 videtur
771 2592 954 2674 genetivum
989 2612 1094 2673 neque
1128 2595 1268 2654 eastra
1303 2585 1366 2651 illa

205 2695 250 2759 sio
274 2697 360 2761 nude
384 2700 495 2781 posita
517 2699 712 2763 Hannibalis
735 2701 768 2763 in
792 2699 948 2776 Bruttiis,
983 2699 1070 2781 quod
1100 2696 1178 2761 olim
1206 2695 1280 2779 ipse
1302 2716 1364 2777 pu-

203 2806 283 2881 tavi,
318 2805 465 2888 intellegi
493 2807 559 2870 ullo
590 2807 687 2872 modo
717 2817 856 2891 possunt
878 2829 984 2888 neque
1008 2816 1187 2871 caestrurn
1209 2825 1272 2886 pro
1296 2823 1363 2866 ca-

204 2919 380 2975 strorum
404 2913 571 2978 Liuianum
597 2922 656 2978 est.
702 2914 896 2992 Castrum,
919 2917 1043 2979 utiam
1066 2910 1364 2976 Drakenborchius

201 3021 379 3097 intellexit,
415 3022 505 3085 locus
535 3031 585 3087 est
614 3022 733 3106 Capuae
756 3023 969 3106 Puteolisque
998 3024 1213 3106 propinquae.
1273 3017 1363 3094 Quid

203 3126 341 3209 denique
371 3127 508 3212 Capua,
542 3132 613 3194 loco
644 3131 898 3210 mediterraneo,
934 3152 1007 3194 curn
1037 3128 1204 3213 portorio?
1239 3127 1363 3209 Agitur

202 3234 242 3298 de
266 3237 481 3314 venalicio,
505 3260 613 3301 rerum
637 3239 798 3303 renalium
821 3240 982 3322 vectigali,
1007 3260 1089 3303 novo
1113 3257 1211 3300 onero
1236 3233 1362 3318 Capuae

202 3349 235 3405 et
257 3343 404 3408 Puteolis
427 3346 590 3427 imposita.
641 3348 725 3411 lluio
748 3349 936 3412 adiunctum
959 3355 1010 3411 est
1032 3345 1215 3430 portorium
1239 3361 1361 3420 rerum,

201 3468 272 3529 quau
297 3452 378 3513 mari
402 3452 442 3514 ad
468 3453 650 3535 Campanos
674 3455 955 3537 importabantur,
989 3456 1058 3518 sine
1089 3454 1189 3517 dubio
1219 3473 1260 3516 eo
1285 3452 1360 3515 loco

201 3556 410 3638 exigendum,
451 3562 508 3642 qui
548 3570 665 3644 postea
699 3562 941 3627 Vulturnum
980 3562 1168 3646 appellatus
1208 3567 1274 3633 est,
1316 3559 1360 3625 ad

200 3664 317 3725 ostium
349 3666 492 3731 durmnis
523 3670 667 3733 eiusdem
699 3673 854 3750 nominis3
891 3671 936 3734 ibi
971 3671 1143 3735 castellum
1174 3670 1360 3733 communi·

199 3780 268 3834 turn
299 3772 407 3837 Livius
437 3776 567 3857 scripsit
596 3777 699 3857 XXV,
735 3760 785 3842 20ss
842 3780 940 3843 Initio
975 3780 1089 3860 igitur,
1124 3778 1213 3860 quod
1243 3786 1361 3860 postea

200 3878 395 3943 Vulturnum
418 3882 494 3959 fuit,
530 3882 714 3949 Castrum
738 3887 940 3969 appellatum
963 3886 1106 3964 videtur,
1141 3885 1358 3970 quemadmo-

199 3985 275 4048 dum
299 3988 330 4049 in
355 3989 427 4052 aliis
451 3992 646 4071 quibusdam
671 3994 864 4076 oppidorum
888 3996 1074 4060 nominibus
1099 3993 1253 4058 Castrum
1276 3993 1358 4058 dici-

198 4098 262 4170 tur,
294 4095 382 4158 reiut
406 4096 588 4162 Castrum
612 4100 640 4162 N
651 4124 773 4179 ovum,
803 4106 988 4168 Castrum
1012 4105 1111 4169 Inui.
1163 4102 1232 4167 Aut
1253 4103 1358 4183 igitur

198 4196 384 4265 Castrum
420 4209 644 4285 portorium
678 4232 764 4273 nova
798 4232 875 4276 sane
906 4212 1057 4276 adiectivi
1086 4214 1193 4276 forma
1223 4211 1355 4287 dieitur,

197 4307 289 4384 quasi
320 4307 511 4375 Germanice
550 4314 639 4377 dicas
674 4317 739 4380 die
769 4318 1051 4400 Zollschanze,
1086 4333 1121 4388 et
1152 4324 1225 4405 ipse
1260 4325 1355 4388 locus
