2994 5108
686 491 746 554 657
1125 501 1188 558 Lib.
1205 501 1291 559 xm

140 677 303 744 eiusmodi
335 678 510 743 interiecta
543 697 680 761 pravum
708 682 769 742 est.
813 675 923 742 Medio
951 675 1060 760 capite
1082 672 1113 758 (ἓ
1136 675 1170 758 6)
1193 696 1293 759 quum

139 787 176 853 in
199 786 311 852 codice
335 788 380 852 sit
410 791 523 851 certo
558 784 828 850 condentibus
851 782 1026 868 [Vahlenio
1047 789 1132 849 teste
1154 784 1292 849 incen-

143 892 349 978 dentibus]
383 892 526 979 gradu,
561 892 768 958 scribendum
802 899 865 958 est:
902 913 989 957 cnm
1019 890 1221 958 ordinatis
1255 900 1294 959 et

140 1008 256 1069 certo
290 1000 533 1069 cedentibus
566 999 705 1085 gradu.
756 999 952 1066 Incedere
986 998 1026 1065 de
1059 1000 1294 1084 recipientibus

142 1112 308 1177 seminus
331 1116 445 1195 aptum
468 1116 527 1177 est.
562 1106 593 1193 [ᾖ
617 1113 636 1174 8
659 1130 760 1194 quum
782 1109 817 1174 in
834 1107 947 1175 codice
970 1108 1025 1183 sit:
1051 1107 1099 1174 ad
1114 1108 1294 1174 insidias

140 1220 297 1285 eumeni
330 1219 442 1302 regis
474 1239 573 1285 usus
608 1223 713 1297 erat,
748 1223 808 1282 aut
845 1215 999 1282 addenda
1035 1216 1138 1301 priori
1170 1218 1295 1283 nomini

141 1326 257 1392 littera
274 1347 292 1414 ,ι
309 1332 369 1406 est,
393 1326 482 1410 quod
500 1306 657 1410 Grynaeus
673 1324 761 1404 fecit,
785 1330 843 1390 aut
860 1323 1064 1390 detrahenda
1079 1323 1184 1406 alteri,
1207 1324 1295 1408 qnod

140 1434 264 1500 malim.
303 1434 487 1500 Insidias
510 1434 746 1519 legatorum,
764 1453 837 1515 qua
855 1432 971 1516 legatis
987 1431 1084 1498 fucta
1103 1439 1222 1512 essent,
1241 1434 1295 1499 Li·
1318 1457 1320 1461 ·

139 1543 215 1611 rius
227 1541 311 1608 dixit
319 1541 468 1622 XXXIX,
476 1546 526 1622 26,
536 1545 570 1623 33
583 1541 742 1607 insidia
755 1540 883 1606 alicui
894 1545 1014 1623 praeter
1025 1547 1139 1606 notum
1148 1539 1295 1609 Sallustii

141 1650 252 1717 locum
284 1650 319 1716 in
342 1648 437 1715 Catil.
463 1653 503 1713 32
526 1649 681 1715 dicuntur
708 1648 797 1732 apud
829 1649 938 1732 ipsum
961 1648 1089 1714 Livium
1118 1648 1156 1731 V,
1179 1654 1230 1731 28,
1257 1655 1295 1714 12

143 1757 304 1841 (metum
336 1757 581 1824 insidiarum
614 1756 751 1823 effuse
791 1755 1061 1841 sequentibus
1095 1757 1294 1841 sustulit),
1389 1778 1394 1789 ·

143 1865 319 1932 adiuvante
352 1873 424 1932 toto
457 1864 632 1931 verborum
661 1864 849 1949 complexu,
878 1871 915 1930 ut
942 1864 1006 1930 boc
1034 1864 1106 1930 loco
1139 1865 1295 1949 praeposi·

140 1975 233 2041 tione
255 1973 319 2055 ad3
353 1980 403 2040 est
432 1975 518 2038 enim
541 1974 590 2039 ad
612 1971 789 2039 insidias
812 1973 898 2056 regi
920 1971 1137 2038 faciendas
1160 1972 1294 2054 (XXIII,

142 2085 196 2164 35,
219 2086 238 2147 7
261 2103 307 2147 ne
336 2103 414 2167 qua
436 2081 702 2165 exprobratio
725 2082 910 2165 cuiquam
930 2067 1085 2167 ueteris
1108 2080 1294 2163 fortunae3

142 2189 200 2273 IX,
223 2193 274 2271 20,
297 2195 315 2254 5
339 2211 409 2274 pro
437 2189 617 2254 remedio
646 2190 763 2273 aegris
789 2188 925 2270 rebus3
959 2187 1091 2269 XXVII,
1115 2191 1223 2269 37,11
1248 2189 1296 2255 ad

141 2297 258 2364 aliud
281 2296 530 2363 sacrificium
554 2297 680 2363 eidem
703 2297 783 2363 deae
799 2296 994 2363 -edicta
1010 2297 1111 2378 dies,
1133 2318 1209 2363 nam
1227 2297 1296 2362 dies

141 2405 330 2492 hominibus
348 2406 498 2486 edicitur,
521 2413 559 2471 ut
575 2425 703 2471 sacrum
720 2404 778 2470 fiat
800 2404 885 2486 deae,
908 2404 965 2470 cfr.
983 2404 1097 2486 XXIV,
1112 2409 1161 2486 10,
1181 2403 1295 2488 13.)]1)

231 2511 310 2598 Cap.
335 2518 384 2594 60,
410 2518 442 2577 l:
466 2511 661 2579 Cecidere
684 2534 729 2578 co
752 2512 817 2578 die
840 2513 889 2578 ab
910 2513 1102 2579 Romanis
1126 2513 1291 2579 ducenti
1310 2528 1383 2600 (544)

143 2623 324 2707 equites,
365 2620 442 2687 duo
475 2620 608 2687 millia
646 2620 752 2686 haud
791 2622 921 2687 minus
954 2621 1151 2707 peditum,
1185 2624 1297 2708 capti
1427 2649 1429 2655 ·

143 2728 468 2795 ferme-ducenti
498 2731 670 2813 equites.
717 2728 842 2795 Codex:
876 2731 988 2814 capti
1011 2752 1055 2795 ac
1078 2730 1152 2811 (hoc
1175 2741 1237 2812 est,
1260 2738 1298 2796 ut

146 2858 243 2922 sape,
264 2834 334 2919 Dc)
357 2835 482 2903 ferme
506 2835 674 2901 ducenti
698 2837 878 2919 equites,
901 2838 1014 2920 itaque
1036 2837 1242 2923 Kreyssigius
1265 2846 1298 2905 et

144 2944 430 3012 Weissenbornius
454 2945 670 3027 scripserunt:
695 2946 806 3027 capti
829 2945 1018 3009 sexcenti
1041 2943 1165 3011 ferme
1189 2947 1297 3030 equi·

143 3059 225 3134 tes,
260 3052 402 3118 alterum
430 3073 601 3117 numerum
635 3050 831 3133 (ducenti)
866 3072 905 3116 ex
938 3051 1163 3136 superioribus
1196 3074 1297 3137 prave

145 3162 325 3246 repetitum
342 3160 416 3226 rati.
450 3159 562 3238 Miror,
580 3180 645 3225 non
662 3160 931 3226 animadvertisse
943 3180 1009 3240 eos,
1026 3158 1171 3226 indidem
1187 3181 1297 3246 sump-

142 3274 217 3335 tum
230 3289 303 3335 esse
323 3268 482 3353 equites
499 3267 771 3349 scribendumque
791 3274 935 3333 tantum:
960 3270 1070 3352 capti
1085 3267 1147 3334 DC
1163 3268 1179 3333 I
1183 3290 1296 3335 erme.

143 3375 228 3456 Quis
263 3378 349 3442 enlm
384 3374 508 3456 credat,
542 3397 642 3458 quum
676 3376 822 3460 quinque
850 3374 1000 3460 partibus
1028 3376 1140 3460 plures
1167 3375 1296 3461 pedites

141 3505 245 3569 quam
268 3485 396 3567 equites
420 3484 626 3562 cecidissent,
650 3483 737 3549 solos
761 3484 888 3567 equites
912 3493 1027 3569 captos
1050 3484 1143 3550 esse?
1181 3485 1296 3570 Neque

142 3592 182 3659 id
206 3591 419 3672 Plutarchus,
452 3612 550 3676 quem
572 3591 777 3675 Kreyssigius
805 3599 923 3657 testem
946 3593 1042 3671 citat,
1073 3591 1153 3657 dicit
1175 3591 1296 3673 (AEmil.

138 3720 170 3768 c.
198 3698 244 3781 9),
268 3698 326 3764 sed
348 3699 382 3763 id
403 3701 521 3783 ipsum,
544 3698 632 3782 quod
655 3720 714 3782 ego
738 3698 827 3784 apud
848 3699 973 3766 Livium
996 3700 1118 3766 efficio:
1141 3706 1290 3778 δισχιλίους
1307 3720 1382 3792 (545)

132 3816 340 3878 πεντακοσίους
373 3812 471 3888 ἄνδρας
504 3812 631 3889 ἀγαθοὺς
665 3806 804 3890 (equilen
842 3809 1048 3892 peditesque)
1084 3813 1218 3872 ἀπέκτεινε
1252 3815 1297 3873 καὶ

132 3924 247 3990 ζῶντος
268 3899 364 3986 ἄλλους
388 3921 545 3986 ἑξακοσίους
568 3920 661 3995 ἔλαβον
684 3914 870 4000 (utriusque
892 3915 1046 3998 generis).

234 4022 313 4108 Cap.
338 4028 388 4104 61,
412 4027 445 4088 3:
475 4023 565 4089 Hac
597 4044 668 4108 per
703 4045 743 4090 se
771 4023 904 4108 ampla
931 4024 1126 4109 pleraque
1154 4025 1296 4091 multi-

131 4194 371 4207 Ἥ

164 4279 190 4346 ¹)
210 4275 289 4347 [Quae
308 4277 343 4332 de
370 4233 739 4349 §ldisputaverarnsiam
766 4296 824 4333 non
850 4278 1038 4345 satisfaciunt3
1067 4277 1122 4332 slis
1147 4283 1297 4334 tentarunt

216 4361 359 4418 Hcrtolius
377 4365 408 4418 in
425 4365 500 4419 Ann.
519 4363 616 4434 Gymn.
626 4365 710 4433 Aust,
722 4362 803 4418 XVII
820 4366 875 4435 p.9
892 4368 921 4419 et
938 4362 1092 4420 Vahlenius
1109 4363 1167 4420 ibn
1187 4381 1214 4434 p.
1224 4361 1294 4434 307.]
