2994 5108
670 464 731 523 495
1004 471 1010 484 ’
1073 477 1134 531 Lib.
1153 477 1272 531 XXXIV

126 695 241 760 lierum
270 696 419 761 subiecta
447 698 524 761 viris
549 697 679 762 dicitur.
736 697 777 760 B:
807 718 878 779 per
909 672 1227 779 q¹subieoerint‚
1262 723 1279 765 e

128 825 190 887 quo
212 802 386 884 Ussingius
411 805 626 888 probabiliter
649 802 765 867 elficit:
801 825 871 885 per
894 826 979 886 quae
1003 826 1071 869 eas
1095 807 1279 873 subiece-

22 906 25 914 ’
126 913 210 975 rint
243 912 352 976 viris.
410 911 508 994 Origo
545 913 666 976 erroris
696 933 735 975 ex
762 931 776 971 s
806 911 905 974 semel
934 912 1068 994 scripto.
1125 912 1204 994 §52
1240 915 1278 979 id

126 1018 239 1085 modo
263 1021 469 1101 quaritur,
500 1021 534 1085 si
558 1020 704 1084 maiori
729 1020 837 1101 parti
862 1021 962 1082 etin
986 1041 1175 1084 summam
1198 1020 1278 1102 (lex)

126 1126 304 1210 prodest.
355 1126 392 1190 ln
421 1127 471 1192 his
500 1127 669 1211 prodest
698 1127 750 1189 rix
779 1143 889 1189 verum
919 1134 984 1206 est;
1019 1127 1127 1191 Livius
1151 1128 1281 1193 videtur

127 1235 296 1318 scripsisse
319 1236 468 1317 prosit,
503 1234 635 1311 deinde,
671 1256 771 1317 quum
800 1254 839 1297 ex
861 1234 1037 1316 prositsi
1061 1241 1169 1299 ortum
1193 1243 1280 1300 esset

127 1343 247 1423 prosi,
272 1342 464 1424 corrigendo
487 1343 613 1406 factum
636 1362 708 1405 esse
732 1340 903 1424 prodest
926 1342 968 1404 si.
1017 1339 1124 1422 laon]

211 1446 288 1531 Cap.
313 1454 341 1528 4,
368 1453 405 1512 le
429 1449 476 1529 (in
498 1449 613 1515 eadem
637 1446 814 1526 oratione):
844 1448 953 1512 Nunc
975 1449 1093 1532 vulgo
1117 1449 1274 1514 alienos
1293 1466 1370 1535 (396)

127 1557 236 1621 viros
259 1563 406 1639 rogant
429 1564 477 1636 et,
502 1555 606 1639 quod
629 1556 756 1620 maius
780 1562 848 1633 est,
871 1556 997 1637 legem
1021 1561 1059 1620 et
1081 1554 1281 1639 suffragia

127 1670 286 1746 rogant,
318 1670 356 1729 et
379 1685 399 1728 a
422 1663 663 1746 quibusdam
694 1664 932 1745 impetrant,
962 1663 1155 1727 adversus
1178 1671 1219 1727 te
1243 1670 1281 1727 et

127 1792 204 1835 rem
231 1778 341 1835 tuam
371 1779 411 1836 et
438 1771 596 1836 liberos
625 1778 719 1834 tuos
748 1771 1045 1835 inexorabiles.
1096 1769 1195 1835 Plura
1217 1771 1279 1848 hic,

128 1879 153 1942 si
176 1878 248 1960 quis
271 1877 444 1958 diligenter
466 1879 658 1957 attenderit,
688 1879 759 1942 iure
783 1876 958 1956 offendent,
988 1876 1116 1942 subitus
1140 1878 1279 1960 primum

127 1985 157 2049 in
180 1985 295 2051 eadem
318 1986 454 2067 periodo
479 1987 520 2050 ad
544 2008 645 2051 unum
669 1985 827 2068 aliquem,
863 1986 920 2066 qui
947 1993 1046 2049 antea
1076 1984 1280 2066 significatus

127 2114 188 2157 non
212 2099 276 2171 est,
309 2092 552 2177 adloquendum
576 2094 751 2171 transitus,
781 2092 838 2157 sed
861 2092 964 2156 multo
987 2093 1090 2175 magis
1113 2094 1187 2175 ipsa
1208 2113 1280 2156 sen·

128 2201 245 2280 tentia,
280 2221 339 2264 cur
362 2203 448 2265 enim
471 2200 751 2264 inexorabiles
774 2199 927 2264 mulieres
951 2199 1175 2283 appellantur,
1206 2220 1280 2281 qnae

127 2306 204 2371 nihil
226 2314 393 2389 rogantur,
424 2309 503 2390 ipsae
527 2308 611 2372 alios
634 2315 752 2389 rogant
776 2314 808 2370 et
831 2307 993 2386 quosdam
1017 2305 1202 2371 exorabiles
1226 2327 1281 2370 ex-

131 2414 320 2497 periuntur?
354 2423 386 2478 et
422 2435 479 2479 cur
513 2415 669 2478 adversus
703 2414 838 2491 liberos,
873 2435 1012 2496 quorum
1041 2413 1137 2478 nullae
1168 2434 1281 2497 preces

131 2521 317 2604 significata
342 2530 432 2600 sunt,
467 2522 709 2586 inexorabiles?
743 2522 845 2602 Atqui
873 2528 980 2586 totum
1009 2513 1071 2586 h'oo
1094 2523 1280 2586 inexora-

130 2627 237 2693 biles
260 2629 293 2692 in
318 2630 442 2712 optimo
466 2630 579 2695 codice
597 2628 623 2692 B
641 2651 705 2694 non
729 2637 789 2708 est,
812 2630 845 2692 in
869 2650 934 2712 quo
959 2630 1108 2694 omnibus
1131 2629 1280 2712 apicibus

131 2737 175 2801 sic
215 2735 384 2800 scribitur:
424 2772 465 2781 -
505 2743 545 2800 et
579 2758 598 2800 a
632 2736 873 2818 quibusdam
912 2738 1142 2820 impetrant.
1203 2736 1280 2800 Ad·

129 2865 269 2909 versus
304 2850 340 2907 te
370 2850 408 2908 et
437 2865 516 2909 rem
544 2851 649 2909 tuam
679 2852 717 2907 et
745 2844 901 2908 liberos
930 2850 1022 2907 tuos
1055 2844 1280 2908 exorabilis

124 2972 177 3015 es.
224 2950 403 3033 Postquam
427 2972 447 3015 a
470 2951 667 3036 quibusdam
691 2949 773 3015 Cato
797 2951 952 3015 mulieres
975 2952 1161 3032 impetrare,
1191 2949 1281 3030 quod

119 3065 260 3141 petant,
295 3058 392 3136 dixit,
428 3058 536 3123 subito
574 3060 756 3123 orationem
793 3060 912 3121 avertit
940 3057 982 3121 ad
1011 3079 1110 3120 unum
1140 3058 1281 3138 aliquem

115 3186 167 3230 ex
205 3164 262 3229 his.
295 3166 373 3229 viris
408 3165 561 3230 facilibus
596 3172 629 3230 et
663 3165 901 3243 exorabilibus,
942 3171 974 3229 et
1013 3167 1046 3228 in
1079 3186 1173 3228 snum
1207 3186 1281 3229 suo·

111 3291 267 3357 rumque
307 3272 461 3338 damnum
501 3274 701 3338 exorabilem
741 3294 814 3337 eum
854 3293 926 3338 esse
961 3272 1114 3338 ostendit.
1177 3272 1280 3336 Miror

108 3386 196 3445 tam
224 3381 461 3457 necessariam,
497 3386 564 3445 tam
594 3388 759 3464 apertam,
793 3387 861 3443 tam
891 3381 1055 3462 egregiam
1085 3381 1282 3464 scripturam

99 3489 315 3570 neglectam
338 3509 418 3552 esse.
472 3487 769 3569 (Weissenbornius
797 3489 830 3551 in
859 3487 965 3552 altera
987 3487 1065 3552 edit.
1089 3488 1283 3552 inexora-

98 3588 229 3660 lillis
259 3596 408 3679 scripsit,
444 3597 563 3661 omisso
587 3617 642 3675 es,
675 3595 975 3676 nominativumque
1007 3615 1066 3677 pro
1095 3596 1283 3660 inexora-

94 3694 238 3767 biles
261 3723 333 3767 esse
356 3702 489 3783 voluitl)

214 3807 295 3894 Gap.
325 3813 359 3888 5,
395 3814 412 3873 9
444 3810 492 3891 (in
527 3811 674 3874 oratione
703 3809 738 3873 L.
768 3808 906 3888 Valerii,
941 3809 1128 3889 suadent-is,
1160 3815 1198 3874 ut
1230 3809 1282 3873 lex

94 3915 239 4002 Oppia
270 3916 436 3997 telletum:
477 3917 557 3982 Iam
591 3916 692 3981 urbe
726 3924 849 4000 capta
878 3937 898 3980 a
928 3916 1059 3980 Gallis
1089 3936 1164 3999 quo
1192 3915 1283 3979 red·

96 4031 265 4108 empta
309 4023 408 4090 urbs
449 4026 534 4090 est?
586 4023 729 4108 Nempe
769 4044 905 4089 aurum
944 4030 1135 4088 matrona
1170 4023 1284 4086 —in

95 4132 341 4211 publicum
371 4133 643 4198 contulerunt.
700 4132 791 4197 Nihil
820 4132 972 4196 similiter
996 4132 1153 4213 scriptum
1175 4150 1282 4212 neque
1373 4116 1382 4127 ’

101 4238 217 4322 apud
253 4239 379 4304 Livium
419 4260 526 4324 neque
565 4239 653 4322 apud
693 4256 889 4323 quemquam
928 4238 1047 4303 bonum
1082 4238 1280 4320 scriptorem
