3000 5116
185 500 247 554 nia.
279 497 433 552 xxxvrn.
741 486 802 546 540
848 565 849 568 Ν

196 675 245 749 53,
269 674 297 749 9,
321 669 467 747 XXXIX,
493 673 542 746 35,
566 674 583 732 7
608 672 715 744 0149,
742 672 755 730 1
782 675 902 751 praeter
924 688 978 744 ea,
1010 688 1082 749 quae
1105 687 1206 750 supra
1228 667 1353 744 notavi,

196 778 313 856 XXXI,
347 783 376 853 9,
412 782 440 853 7,
475 776 620 851 XXXIV,
651 781 679 853 6,
711 781 759 839 10.
806 774 956 856 [Lacuna
990 794 1028 839 ec
1062 774 1272 839 manifestior
1303 772 1352 847 fit,

199 885 286 967 quod
309 905 404 948 voces
429 904 512 947 cum
536 891 569 948 01
592 884 814 948 AEtolorum
837 883 926 948 solus
951 881 986 945 M
1002 883 1152 947 servavit.
1188 881 1276 946 Mira
1298 902 1353 946 ex·

192 994 317 1074 cogitat
340 991 652 1073 Weissenbornius.]

276 1097 355 1181 Cap.
380 1103 409 1175 2,
437 1103 475 1162 10
500 1098 554 1177 (de
577 1098 814 1162 Macedonibus
837 1097 1036 1161 Athamania
1055 1097 1234 1177 expulsis):
1259 1104 1348 1162 tan-

191 1214 354 1289 tumque
377 1206 581 1270 tumultus
605 1204 893 1270 Macedonibus
912 1212 972 1268 est
990 1205 1205 1282 iniectum,
1230 1213 1273 1269 ut
1294 1204 1350 1269 sn·

190 1334 244 1396 gae
266 1315 392 1395 magis
416 1313 557 1377 elfusae
578 1335 692 1395 quarn
709 1314 876 1376 itineris
895 1311 1081 1376 ordinati
1100 1312 1233 1390 modo,
1257 1313 1349 1378 mul·

190 1421 246 1485 tis
271 1422 391 1484 armis
410 1422 591 1503 virisque
609 1421 787 1497 relictis,
811 1419 964 1483 flumen
983 1419 1248 1484 traiecerint.
1279 1419 1352 1484 Hic

79 1523 81 1526 ’
191 1527 292 1592 finis
315 1528 512 1610 sequendi
533 1528 622 1591 fuit.
661 1528 820 1592 Fluminis
843 1528 941 1591 huius
965 1527 1056 1592 nulla
1072 1528 1106 1590 in
1123 1527 1352 1610 superioribus

193 1635 390 1716 significatio
415 1643 481 1714 est;
506 1638 533 1698 si
555 1656 674 1698 nornen
698 1637 769 1716 ipse
785 1634 896 1698 Livius
913 1634 1089 1713 omisisset,
1108 1634 1228 1699 saltem
1246 1635 1352 1717 ignoti

193 1752 227 1808 et
250 1743 381 1807 obscuri
416 1743 557 1806 nominis
592 1741 865 1823 significationem
894 1741 1080 1807 addidisset
1108 1741 1350 1826 (quoddam).

194 1850 325 1914 Excidit
370 1851 471 1931 igitur
509 1850 638 1913 librarii
683 1870 794 1913 errore
828 1871 948 1915 nomen
983 1849 1106 1913 fluvioli
1141 1849 1284 1914 alicuius
1313 1870 1351 1914 ex

193 1964 305 2022 monte
330 1956 481 2021 Cercetio
510 1958 543 2019 iu
567 1957 708 2021 Peneum
738 1957 932 2022 delabentis.
978 1956 1057 2040 [Sed
1086 1965 1200 2022 tamen
1234 1956 1351 2033 XXIII,

195 2069 245 2141 24,
271 2069 309 2129 10
339 2066 453 2128 eodem
488 2065 585 2128 modo
614 2064 758 2129 fluminis
792 2073 890 2129 antea
922 2087 987 2129 non
1023 2065 1200 2147 significati
1228 2066 1350 2130 mantin

195 2173 264 2235 sine
287 2173 418 2235 nomine
442 2170 621 2253 obiicitur]

281 2278 358 2362 Cap.
385 2284 413 2356 6,
437 2286 456 2342 4
481 2280 535 2357 (10
559 2279 678 2344 AEtolis
701 2280 891 2358 Ambracia,
923 2301 1022 2363 quam
1050 2280 1190 2344 Romani
1227 2280 1354 2346 obside-

194 2386 589 2468 baut‚e1·un1pentibus):
614 2386 697 2451 Uno
726 2389 764 2450 in
788 2388 877 2452 loco
906 2388 1016 2453 ferro
1047 2389 1219 2470 ignique
1242 2398 1356 2470 gesta

196 2514 258 2556 res
290 2492 380 2575 [est]
414 2494 490 2573 (est
513 2495 595 2559 1οΒ
625 2494 950 2577 Drakenborchiique
984 2496 1078 2560 codd.
1103 2497 1303 2578 omittitur);
1335 2516 1355 2560 a

195 2599 350 2664 duobus
369 2602 491 2666 irrito
511 2604 683 2685 incepto,
708 2625 825 2685 quum
843 2610 1081 2669 tentassent
1096 2605 1227 2685 magis
1246 2624 1360 2687 quam

194 2708 376 2772 inissent
399 2715 616 2788 certarnen,
635 2711 757 2774 AEtoli
781 2711 1090 2790 abscesserunt3
1114 2717 1238 2775 atrox
1272 2732 1361 2795 pug-

194 2837 243 2878 na
266 2817 305 2878 in
327 2838 446 2880 unum
469 2818 748 2882 inclinaverat
770 2818 908 2883 locum.
944 2818 1005 2881 lbi
1035 2825 1096 2881 cet.
1140 2819 1361 2903 Perspicuum

197 2931 256 2991 ost,
281 2924 469 3004 tautologiae
493 2926 747 3008 reprehensione
770 2947 833 2990 non
859 2947 971 2990 carere
996 2926 1067 2990 illa:
1099 2947 1177 2991 uno
1203 2928 1247 2990 in
1271 2927 1358 2991 loco

197 3057 254 3108 -3
284 3040 401 3096 atrox
437 3055 570 3115 pugna
604 3035 641 3097 in
673 3056 789 3097 unum
818 3034 912 3097 incl.
937 3034 1082 3111 locum,
1107 3055 1170 3098 nec
1207 3042 1289 3118 apte
1320 3036 1364 3100 sic

198 3139 271 3215 dici,
297 3163 371 3203 uno
396 3143 435 3203 in
459 3141 546 3204 loco
570 3140 678 3205 ferro
702 3143 951 3224 igniquerem
971 3148 1108 3223 gestam,
1127 3145 1229 3223 qnasi
1247 3145 1367 3209 ceteris

199 3245 280 3310 locis
304 3248 378 3310 aliis
401 3248 474 3311 telis
493 3255 586 3330 gesta
604 3251 655 3312 sit.
692 3249 909 3313 Vehementer
931 3250 1032 3330 igitur
1050 3249 1201 3314 culmum
1222 3272 1366 3315 commc-

195 3361 264 3423 vet,
290 3355 376 3434 quod
407 3377 426 3418 a
455 3355 481 3419 B
506 3356 626 3420 absunt
651 3357 754 3436 (nullo
786 3358 895 3439 spatio
924 3357 1053 3436 relicto)
1083 3357 1191 3421 verba
1214 3380 1298 3425 uno
1331 3361 1367 3423 in

196 3461 284 3524 luco
326 3462 379 3543 (de
411 3463 443 3526 M
484 3463 565 3527 nihil
593 3465 753 3545 notatur).
800 3463 902 3528 Multo
937 3465 1024 3528 enim
1057 3465 1185 3530 rectius
1224 3468 1369 3549 primum

110 3565 186 3632 (438)
205 3569 370 3633 indicatur
395 3592 509 3652 pugnae
531 3593 633 3653 genus
658 3573 760 3656 (quod
778 3580 853 3637 ante
867 3572 978 3636 Livius
996 3572 1134 3636 uberius
1154 3573 1372 3658 descripsitl:

42 4510 180 4799 Ὗ

198 3677 319 3741 Ferro
344 3678 510 3760 ignique
535 3685 755 3759 gestares,
780 3680 897 3743 deiude
916 3679 990 3744 loca
1008 3684 1041 3742 et
1059 3686 1204 3744 eventus
1218 3681 1375 3746 dividun-

199 3792 267 3849 tur:
293 3805 313 3848 a
336 3784 495 3848 duobus
518 3787 640 3850 irrito
659 3789 825 3871 incepto
847 3787 1221 3866 -abscesserunt3
1253 3797 1376 3855 atrox

199 3915 330 3976 pugna
352 3894 392 3957 in
417 3915 533 3956 unum
556 3903 617 3958 cet.
663 3895 770 3959 Unum
793 3895 970 3960 molestum
992 3902 1051 3967 est,
1076 3894 1170 3976 quod
1196 3897 1233 3959 in
1258 3897 1335 3963 illo:
1359 3919 1378 3962 a

201 4002 358 4065 duobus
381 4021 446 4064 ncn
469 4000 565 4065 facile
589 4024 628 4066 ex
652 4002 876 4086 superioribus
899 4002 1034 4066 auditur
1056 4002 1186 4079 locis,
1211 4008 1376 4086 quoniam

200 4109 362 4192 posthoc
387 4108 579 4172 vocabulum
604 4112 698 4175 initio
730 4111 848 4192 capitis
886 4111 1031 4192 positum
1062 4107 1238 4187 (Tribus
1272 4113 1377 4178 locis

203 4218 279 4298 cet.)
304 4217 408 4282 multa
429 4218 605 4280 Interiecta
618 4226 702 4292 sunt,
726 4238 785 4282 nec
808 4225 897 4281 recte
916 4219 1000 4281 sumi
1019 4238 1059 4281 ex
1078 4237 1117 4282 ec
1136 4226 1267 4300 potest,
1287 4220 1376 4306 quod

204 4328 353 4407 sequitur
377 4326 432 4406 (in
466 4323 864 4406 unumlocum);[11ec
897 4326 944 4389 ab
968 4325 1073 4388 locis
1104 4324 1275 4392 duobus
1299 4329 1376 4394 abs·
