2994 5108
219 493 281 548 Lib.
299 490 382 546 XLV.
764 480 825 540 750

218 671 371 730 tumeat.
415 662 614 747 supererant
637 664 722 727 enim
745 669 787 742 et,
810 662 897 745 quod
919 662 970 727 vel
993 684 1009 727 e
1032 662 1161 747 Polybii
1184 664 1374 729 narratione

218 772 366 856 intellegi
388 777 512 856 potest,
543 771 576 836 in
600 770 695 837 domo
718 772 837 854 patris,
872 791 1069 854 quamquam
1096 772 1132 836 in
1161 770 1374 855 adoptionem

218 881 297 959 dati,
320 879 472 945 vivebant
495 880 559 945 duo
582 878 651 958 filii,
674 900 787 943 verum
808 879 938 944 nomine
956 876 1127 945 Cornelius
1145 878 1257 965 Scipio
1281 880 1371 959 alter,

217 989 303 1054 alter
324 988 446 1054 Fabius
468 987 645 1065 Maximus,
679 992 795 1052 neuter
822 987 954 1052 Paulus.
998 987 1070 1053 Hoc
1098 1009 1220 1054 nomen
1246 989 1282 1053 in
1310 987 1370 1053 hac

217 1096 334 1162 saltem
358 1095 456 1162 domo
479 1097 674 1160 exstinctum
696 1102 816 1179 prater
837 1097 967 1179 patrem
989 1103 1071 1163 erat.
1108 1093 1217 1179 1864]

303 1202 382 1287 Cap.
406 1209 457 1281 40,
481 1206 499 1266 9
523 1200 577 1284 (de
594 1202 630 1267 L.
648 1201 783 1284 Paulo):
806 1202 952 1269 Paucis
974 1212 1067 1290 post
1090 1204 1251 1283 diebus,
1275 1203 1369 1269 data

215 1334 236 1378 a
257 1313 300 1377 M.
324 1311 501 1377 Antonio
525 1316 571 1375 tr.
595 1311 646 1395 pl.
671 1312 879 1391 contione,
914 1333 1029 1395 quum
1059 1312 1104 1378 de
1133 1313 1222 1379 suis
1245 1311 1367 1378 rebus

214 1421 343 1504 gestis
367 1440 470 1485 more
500 1425 723 1484 ceterorum
756 1421 1049 1504 imperatorum
1078 1420 1367 1498 disseruisset,

213 1527 497 1605 memorabilis
522 1528 608 1593 eius
632 1529 769 1594 oratio
794 1536 833 1593 et
850 1528 971 1612 digna
990 1529 1175 1613 principe
1192 1527 1366 1593 Romano

213 1635 303 1702 fuit.
336 1635 410 1701 Non
427 1657 531 1718 quum
547 1634 768 1714 disseruisset,
793 1635 851 1702 sed
869 1637 903 1701 in
919 1637 1000 1720 ipsis
1015 1636 1114 1702 rebus
1133 1635 1369 1716 edisserendis;

213 1766 290 1809 nam
301 1765 414 1810 earum
431 1744 656 1810 recensionem
673 1744 835 1826 integram
851 1744 963 1823 habet,
982 1765 1056 1830 quea
1073 1745 1233 1827 seqnitur,
1250 1744 1365 1811 oratio.

213 1852 293 1918 Cod.
334 1851 522 1917 dedisset
560 1850 843 1917 remorabilis.
895 1852 1120 1936 significatur:
1166 1873 1289 1935 quum
1326 1886 1367 1899 -

213 1960 459 2040 dissereret,
482 1959 813 2040 memorabilis.¹)

300 2066 378 2152 Cap.
402 2073 454 2147 41,
477 2073 497 2132 4
520 2066 568 2148 (in
592 2067 627 2132 L.
651 2066 746 2132 Pauli
769 2067 810 2133 de
833 2068 901 2133 suis
930 2068 1029 2134 rebus
1059 2068 1162 2150 gestis
1186 2067 1363 2149 oratione):

212 2177 308 2259 quia
341 2175 688 2261 inexpugnabilia
722 2183 859 2241 caetra
891 2175 939 2257 (in
967 2176 1038 2241 cod.
1073 2177 1136 2241 hoo
1168 2176 1364 2242 vocabulum

211 2283 386 2366 omittitur)
407 2283 581 2350 hostium
603 2292 720 2349 erant
737 2304 867 2368 neque
885 2285 976 2368 cogi
995 2304 1177 2368 pugnare
1196 2291 1364 2368 poterat

208 2415 294 2472 rex,
328 2395 435 2458 inter
465 2391 655 2476 praesidia
682 2393 768 2456 eius
802 2392 952 2457 saltum
981 2392 1029 2457 ad
1058 2392 1223 2458 Petram
1250 2392 1363 2458 evasi

209 2508 249 2567 et
271 2500 322 2566 ad
350 2520 523 2585 pugnam
551 2521 643 2582 rege
672 2501 758 2564 acie
788 2501 877 2565 vici.
921 2500 1055 2565 Addunt
1077 2501 1154 2566 inde
1178 2521 1198 2565 a
1223 2501 1361 2585 Grynaeo

209 2615 355 2675 coacto
384 2607 446 2688 (ad
478 2628 652 2692 pugnam
685 2627 781 2688 rege
812 2607 981 2690 coacto).
1027 2607 1092 2673 Sed
1114 2608 1295 2674 admodum
1316 2610 1362 2672 in·

208 2716 304 2782 ficeto
327 2717 389 2782 hoc
412 2714 463 2781 ad
484 2736 658 2799 pugnam
681 2736 773 2796 rege
797 2723 939 2781 coacto
958 2716 1131 2780 subiicitur
1149 2716 1216 2782 illis
1235 2735 1362 2801 neque

209 2827 300 2909 cogi
323 2845 506 2908 pugnare
529 2830 699 2907 poterat
726 2845 802 2886 rex.
848 2823 915 2889 Sub
938 2824 1058 2888 litteris
1083 2846 1259 2908 pugnam
1283 2825 1361 2889 latet

207 2954 325 2997 nomen
347 2932 425 3010 loci,
449 2953 513 3014 quo
537 2936 649 2995 'carere
679 2933 826 2995 narratio
850 2933 902 2995 rix
931 2940 1056 3016 potest.
1087 2932 1362 3013 scribendumque

208 3049 273 3105 est:
297 3049 336 3105 et
359 3040 407 3104 ad
431 3040 585 3121 Pydna·
608 3059 740 3120 regem
765 3041 851 3103 acie
883 3041 970 3104 rici.
1017 3039 1046 3122 (ξ
1073 3046 1086 3104 1
1114 3062 1153 3104 ex
1177 3039 1225 3105 ob
1250 3060 1360 3121 quarn

207 3147 421 3214 felicitate
446 3148 515 3212 fieri
540 3148 698 3211 debebat:
722 3154 760 3210 et
784 3168 861 3227 qua
885 3147 1116 3228 felicitate.)

293 3255 371 3339 Cap.
395 3261 446 3323 42.
471 3260 505 3319 6:
540 3256 695 3319 Paucos
730 3263 821 3337 post
857 3255 959 3327 dies,
995 3277 1112 3339 quam
1147 3256 1227 3320 haec
1262 3264 1360 3325 acta,

205 3362 336 3446 legati
371 3363 418 3426 ab
454 3360 577 3445 Cotye
611 3398 653 3406 —
687 3373 895 3427 venerunt.
942 3362 1066 3428 Codex:
1102 3385 1221 3447 quarn
1255 3363 1359 3428 haec-

205 3477 322 3534 tanta
345 3471 482 3554 legati.
528 3469 742 3534 Scribendum
764 3493 880 3552 quam
904 3471 987 3535 brec
1010 3481 1103 3536 acta
1128 3483 1264 3549 erant3
1288 3492 1358 3536 narn

205 3580 320 3642 vitiose
355 3579 389 3641 in
421 3578 484 3641 hac
519 3580 689 3642 sententiae
718 3578 822 3643 l'ornra
844 3580 977 3643 verbum
1006 3579 1251 3645 substantivum
1275 3578 1358 3663 apud

207 3687 417 3769 participium
452 3687 623 3749 omittitur.
670 3684 748 3765 (Cir.
784 3686 825 3750 ad
855 3685 985 3752 xxvia
1018 3693 1044 3754 5.
1074 3692 1093 3750 9
1122 3710 1154 3771 p.
1180 3690 1268 3767 321.)
1312 3687 1358 3751 Ex

228 3920 287 3988 ¹l§
317 3926 327 3973 1
357 3929 433 3975 certa
461 3934 504 3974 est
532 3920 666 3976 Gronorii
693 3923 865 3976 emendatio:
895 3940 959 3991 qua
985 3925 1047 3993 (pro
1077 3942 1165 3992 quae,
1196 3925 1259 3979 cod.
1288 3924 1356 3993 que)

272 4004 360 4059 haud
379 4007 478 4060 dubie
498 4009 607 4060 maior
626 4009 807 4075 aliquanto
827 4026 954 4061 summa
972 4035 1007 4046 -
1025 4009 1196 4064 efficitur.
1233 4009 1356 4080 §bnon

274 4105 380 4145 cerrum
399 4104 453 4145 eet:
473 4092 609 4146 bellare
628 4111 700 4146 curn
725 4094 885 4147 Romania
905 4092 978 4158 (cod.
995 4093 1088 4147 bella
1106 4113 1220 4165 regem
1243 4095 1357 4149 Roma·

272 4178 346 4230 nial.
382 4177 472 4230 Aliter
490 4177 537 4235 l'l.
558 4181 600 4233 42.
619 4182 635 4231 5
653 4179 760 4243 (semel)
780 4179 874 4232 Livius
894 4179 976 4232 dixit:
1004 4180 1173 4235 bellatum
1197 4199 1268 4235 cum
1288 4180 1354 4234 Gal·

269 4258 312 4312 lin
335 4262 428 4314 eirea
451 4264 625 4317 Anienem.
651 4264 685 4317 de
704 4264 777 4318 bello
797 4283 852 4317 una
869 4281 964 4333 pugna
983 4265 1125 4321 coniecto.
