2994 5108
746 447 809 508 450

199 631 462 708 consideramus,
496 630 678 714 perversius
713 650 811 711 quam
846 651 961 713 quum,
995 637 1033 696 ut
1064 630 1128 696 hoc
1155 638 1245 712 utar,
1279 631 1359 698 libr.

203 739 339 818 XXXV,
369 743 439 817 2,7
468 738 502 801 in
531 737 656 816 codice,
691 735 781 820 quod
804 757 916 802 omnes
940 738 1134 818 concedunt,
1156 739 1359 824 perantiquo

203 853 237 912 et
260 848 312 911 cui
335 843 506 930 permultis
527 844 611 909 locis
634 843 760 923 credas,
783 845 829 909 sic
846 845 1005 929 scriptum
1022 844 1166 929 legatur:
1191 846 1356 930 placere

202 952 503 1019 tumultuarios
532 951 687 1016 milites
716 958 831 1017 extra
859 951 1024 1018 ltaliam
1053 954 1180 1019 scribi
1208 974 1230 1018 a
1255 975 1355 1038 pra-

203 1068 300 1126 tore.
345 1059 455 1124 Mens
479 1079 525 1122 ea
547 1065 714 1124 senatus
737 1058 834 1138 luit,
863 1065 905 1123 ut
927 1060 966 1124 in
991 1060 1189 1144 Hispania
1211 1061 1356 1126 tumul·

203 1167 331 1232 tuarii
354 1167 509 1230 milites
534 1165 794 1248 eligerentur,
818 1167 944 1250 optima
966 1168 1117 1233 oratione
1140 1173 1173 1232 et
1191 1169 1361 1234 sententia

204 1281 423 1340 extremorum
455 1273 629 1339 verborum
663 1273 833 1356 aptissima
866 1272 908 1337 ad
942 1293 982 1338 ea
1013 1275 1246 1358 praeparanda,
1281 1296 1363 1359 quae.

203 1382 421 1448 subiiciuntur
453 1380 586 1445 Valerio
619 1381 753 1444 Antiate
794 1386 881 1445 teste
914 1380 955 1445 de
988 1379 1147 1453 militibus
1181 1383 1282 1448 etiarn
1315 1405 1358 1449 ex

204 1489 277 1554 aliis
305 1488 479 1573 provinciis
509 1488 661 1564 adscitis,
695 1488 729 1552 in
764 1488 881 1552 ceteris
916 1494 1026 1553 autem
1056 1488 1224 1556 codicibus
1252 1488 1293 1571 (B
1321 1499 1365 1557 et

203 1593 421 1678 vulgaribus),
452 1617 533 1677 qnos
563 1615 707 1678 persaepe
736 1595 908 1659 verborum
938 1597 1115 1662 omissione
1137 1618 1276 1680 peccare
1298 1619 1361 1664 ne·

204 1705 350 1768 cessario
369 1703 437 1786 ipse
458 1702 643 1781 confiteare,
667 1704 729 1766 sic:
752 1702 915 1785 plaeere
939 1703 1182 1768 tumultuari
1200 1703 1364 1771 milites

204 1816 319 1875 extra
341 1809 505 1873 Italiam
534 1809 788 1892 legerentur,
823 1810 971 1874 oratione
1000 1831 1103 1894 prava
1124 1809 1245 1895 (neque
1268 1812 1361 1877 enim

205 1917 245 1982 de
270 1918 413 1981 decretis
437 1917 558 1980 dieitur
580 1938 718 1999 usquam
742 1916 904 2000 placere
927 1917 1000 1981 hoc
1022 1917 1159 1998 liat),¹)
1182 1917 1246 1983 hoc
1270 1917 1361 1997 ,for-

203 2033 292 2090 tasse
315 2026 454 2087 rectius*
480 2030 608 2106 putare,
637 2045 745 2105 quum,
769 2025 820 2086 cui
843 2023 966 2088 homini
991 2033 1025 2088 et
1047 2048 1111 2106 quo
1135 2025 1275 2091 consilio
1297 2025 1365 2091 illa

205 2131 326 2196 addere
349 2133 380 2194 in
405 2137 543 2194 mentem
567 2131 699 2208 venerit,
724 2152 818 2194 nemo
842 2152 883 2195 ne
906 2133 1066 2213 suspicari
1090 2131 1222 2214 quidem
1241 2134 1363 2216 pessit,

205 2260 265 2303 cur
299 2246 408 2301 autern
445 2238 566 2301 omissa
603 2239 684 2315 sint,
719 2258 821 2301 causa
849 2237 1116 2303 manifestissima
1145 2241 1205 2319 sit;
1239 2239 1363 2306 oculus

205 2347 288 2409 enim
319 2344 492 2408 scribentis
523 2346 571 2408 sic
594 2343 760 2408 aberravit
783 2365 802 2407 a
824 2345 1123 2410 tumultuarios
1146 2346 1189 2411 ad
1212 2345 1363 2412 tumul·

204 2451 341 2527 tnarii,
371 2457 407 2514 ut
429 2458 538 2514 tamen
562 2451 620 2515 illa
643 2458 760 2515 extra
784 2450 948 2515 ltaliam
971 2454 1140 2534 arriperet.
1185 2452 1368 2518 Eiusdem·

205 2579 268 2639 que
290 2558 514 2640 perversitatis
537 2565 596 2636 est,
621 2580 720 2641 quum
743 2558 888 2622 eiusdem
912 2558 989 2623 libri
1012 2581 1039 2623 c,
1061 2564 1109 2637 ll,
1136 2565 1172 2624 ll
1193 2562 1225 2625 in
1246 2560 1279 2624 M
1298 2561 1365 2626 sit:

205 2665 245 2727 in
284 2685 422 2746 agrurn
463 2664 653 2728 latiorem
688 2644 819 2729 eiecti
854 2666 986 2730 omnia
1018 2669 1254 2749 propinqua
1286 2669 1365 2734 viae

206 2778 317 2834 tecta
360 2772 597 2851 incendunt3
643 2774 826 2855 proximo
868 2773 1012 2836 deinde
1046 2776 1130 2837 vico
1171 2773 1366 2842 inferunt

206 2878 351 2959 ignem;
398 2879 504 2940 ferro
550 2879 799 2961 flammaque
841 2882 976 2943 omnia
1017 2888 1278 2962 peruastant,
1328 2885 1368 2948 in

206 2986 324 3048 ceteris
349 2992 458 3046 rentem
482 2993 628 3048 tautum:
665 2987 701 3047 in
734 2986 922 3049 latiorem
953 3010 1088 3067 agrurn
1117 2990 1249 3052 evecti
1279 3011 1367 3054 om·

206 3093 272 3154 nia
305 3099 563 3174 pervastant,
605 3093 725 3154 emissa
758 3113 892 3173 prorsus
926 3095 1070 3158 incendii
1106 3094 1366 3177 significatione,

206 3219 304 3280 quarn
346 3198 515 3279 postulant
555 3199 703 3280 proxima
742 3197 885 3277 (fumus
920 3201 1048 3282 primo
1084 3205 1367 3287 conspectus),

205 3305 315 3385 potins
345 3304 519 3366 dilucidam
550 3311 583 3367 et
611 3305 742 3368 uberem
768 3312 801 3368 et
826 3306 992 3370 Livianam
1016 3309 1063 3372 rei
1088 3310 1319 3375 narrationem
1343 3333 1368 3376 a

205 3411 314 3472 nescio
344 3431 408 3492 quo
437 3409 573 3473 inauditi
601 3412 728 3491 generis
757 3413 992 3496 interpolatore
1016 3416 1085 3479 sine
1108 3415 1226 3479 umbra
1250 3437 1367 3483 causae

205 3515 432 3597 interpositam
456 3524 571 3596 putare
595 3538 692 3596 quam
709 3519 909 3599 intellegere,
933 3520 1102 3600 quodiam
1121 3521 1178 3585 alii
1195 3522 1368 3608 dixerant,

205 3620 346 3693 librarii,
382 3646 401 3683 a
435 3623 525 3684 euius
560 3645 661 3703 opera
694 3623 720 3686 B
754 3632 787 3687 et
819 3626 970 3706 vulgares
1006 3629 1136 3692 codices
1170 3633 1237 3694 orti
1272 3640 1366 3714 sunt,

207 3727 336 3791 oculum
365 3750 384 3790 a
413 3729 519 3810 priore
557 3731 685 3793 omnia
719 3732 760 3794 ad
791 3732 930 3795 alterum
960 3735 1173 3800 transiluisse.
1230 3738 1275 3803 Et
1305 3740 1368 3805 ad·

205 3840 340 3898 vocatur
376 3837 475 3898 etiam
510 3837 605 3899 testis
634 3837 825 3915 Frontinus,
860 3841 956 3920 qnasi
984 3862 1049 3905 non
1079 3843 1123 3920 is,
1160 3865 1260 3925 quum
1293 3868 1368 3912 rem

206 3961 264 4003 suo
300 3941 398 4005 modo
434 3941 576 4004 breviter
610 3949 643 4006 et
675 3943 761 4006 nude
795 3953 961 4026 narraret,
996 3949 1074 4012 item
1104 3949 1250 4033 reliqua,
1289 3975 1370 4039 quae

207 4109 346 4117 -w--v-
352 4111 366 4116 -
382 4112 383 4116 η

234 4187 258 4255 ¹)
278 4188 389 4256 [XXVL
410 4194 449 4256 10,
468 4195 484 4243 2
501 4198 577 4247 recte
595 4193 660 4246 olim
680 4195 825 4248 edebatur:
846 4196 989 4263 Placuit,
1008 4201 1374 4272 eonsules—ponere

275 4277 400 4339 castra5
419 4276 543 4343 sequitur
561 4304 593 4314 -
611 4294 762 4345 praeesse
779 4307 813 4319 —
831 4281 1028 4350 contineri]
