2994 5108
713 467 773 529 107
1191 481 1257 537 Lib-
1273 481 1320 537 1v.

160 671 344 718 consensus
382 651 416 717 h.
448 650 470 716 l.
505 650 739 719 auctoritatem
772 650 895 717 codicis
929 652 963 717 M
996 653 1111 727 vincit,
1152 653 1320 739 iniquos

160 758 299 825 babent:
333 759 413 826 etsi
441 758 608 843 (consules
636 758 710 825 illos
738 765 922 825 vestrarum
943 759 1101 844 portium)
1126 761 1320 845 patribus

160 865 396 934 videbamus
420 867 594 953 iniquos,
616 868 838 952 patricium
861 888 1022 952 quoque
1045 874 1106 933 cet.

246 973 406 1041 Extremo
439 975 547 1059 capite
574 974 658 1040 nihil
685 996 725 1040 ex
753 976 792 1040 iis
815 975 948 1059 placere
970 982 1094 1060 potest,
1129 997 1202 1060 quse
1224 997 1320 1042 exco-

160 1083 268 1167 gitata
295 1090 374 1150 sunt
403 1082 446 1149 sd
472 1082 561 1148 benc
583 1084 744 1149 orationis
767 1083 1050 1168 perturbationem
1072 1085 1105 1148 iu
1128 1084 1320 1149 brevissimo

161 1196 196 1256 et
222 1191 433 1276 apertissimo
459 1192 633 1257 sententie
662 1191 790 1256 ambitu
813 1191 1067 1257 defendendam:
1102 1192 1320 1276 Esquilias

162 1298 325 1383 quidem
358 1299 406 1366 ab
440 1299 559 1365 hoste
592 1319 717 1384 prope
751 1307 895 1384 captos
924 1307 964 1365 et
991 1300 1253 1365 scandentem
1282 1302 1320 1366 in

162 1427 350 1491 aggerem
372 1407 561 1473 Volscum
587 1406 746 1474 hostem
774 1429 886 1473 nemo
916 1409 1132 1488 submovit3
1166 1429 1226 1472 nec
1249 1430 1321 1475 cor·

159 1516 289 1599 rigendi
320 1522 459 1582 conatus
487 1515 589 1581 ullam
616 1514 741 1581 habent
764 1514 1045 1600 probabilitatem.
1098 1515 1230 1581 Excidit
1252 1537 1320 1581 rer·

162 1625 240 1690 bum
261 1623 445 1709 aliquod.¹)

644 1814 839 1898 mour.
1336 1861 1389 1931 „„

247 1945 330 2034 (lep.
354 1952 389 2026 2,
418 1952 439 2013 4
462 1947 511 2029 (in
533 1948 706 2013 consulum
729 1948 818 2033 apud
841 1956 954 2033 patres
979 1948 1159 2029 oratione):
1195 1949 1321 2014 Maxi-

163 2077 264 2121 mum
288 2056 417 2122 Romae
445 2056 649 2141 proemium
678 2055 930 2121 seditionum
960 2077 1065 2135 esse,
1100 2056 1139 2121 id
1169 2062 1209 2121 et
1239 2058 1321 2122 sin-

162 2163 269 2246 gulis
292 2165 584 2249 universisque
607 2185 767 2247 semper
790 2163 936 2230 honori
958 2164 1096 2229 fuisse.
1143 2166 1322 2231 Remini·

163 2278 380 2338 sperentur
403 2271 612 2355 (senatores),
635 2292 749 2356 quam
773 2272 1028 2337 maiestatem
1052 2282 1217 2338 senatus
1240 2273 1321 2358 ipsi

165 2400 185 2444 a
222 2379 416 2465 patribus
455 2382 731 2465 accepissent,
776 2402 891 2465 quarn
930 2380 1078 2446 liberis
1117 2382 1322 2447 tradituri

164 2496 316 2570 essent,
343 2494 402 2570 ut,
430 2489 761 2575 quemadmodum
792 2488 924 2573 plebs,
952 2489 1127 2572 gloriari
1151 2496 1323 2574 possent

164 2599 392 2665 auctiorem
424 2597 741 2683 amplioremque
776 2619 875 2662 esse.
937 2598 1073 2663 Finem
1112 2619 1206 2682 ergo
1245 2619 1322 2663 non

163 2702 259 2770 fieri
287 2725 360 2770 nec
387 2705 583 2786 futuram,
613 2705 737 2771 donec
761 2712 821 2771 cet.
874 2706 927 2771 Sic
955 2726 1041 2770 nunc
1065 2706 1174 2786 edunt,
1198 2703 1322 2771 Dukeri

165 2814 389 2879 coniecturam
421 2814 623 2881 lenissimam
658 2814 806 2897 profecto
840 2821 1013 2898 sequentes
1051 2813 1233 2897 (possent
1261 2835 1321 2897 pro

164 2922 336 3006 posset),
370 2944 442 3008 quae
470 2923 567 2988 nnius
596 2922 717 2987 codicis
746 2922 998 3005 Bambergensis
1027 2922 1214 2987 testimonio
1244 2942 1323 2986 con·

164 3027 290 3095 firmari
317 3031 478 3111 traditur;
511 3051 588 3096 nam
615 3031 649 3095 in
678 3030 828 3095 codicum
851 3031 1027 3114 scriptura:
1062 3035 1113 3109 ut,
1138 3028 1323 3113 quemad·

166 3138 321 3205 modum
354 3139 470 3224 plebs
502 3139 679 3223 gloriari
712 3146 868 3222 posset,
903 3139 1134 3203 auctiorem
1156 3173 1199 3182 —
1222 3158 1321 3216 esse,

167 3247 315 3332 expediri
337 3249 444 3314 oratio
466 3248 591 3333 nequit.
642 3244 706 3312 Sed
730 3246 894 3312 sententia
918 3246 1001 3311 odeo
1024 3244 1198 3311 manifesto
1222 3266 1324 3330 prava

168 3376 209 3421 ex
237 3356 297 3423 illa
327 3357 519 3422 coniectura
546 3355 709 3434 nascitur,
744 3362 781 3420 ut
809 3354 843 3418 id
866 3375 906 3419 ne
929 3352 1168 3419 Alschefskium
1192 3353 1323 3435 quidem

197 3574 220 3642 ¹)
238 3572 373 3644 [Verbum
390 3574 421 3629 in
437 3575 572 3643 quidem
590 3575 680 3632 latere
698 3575 899 3630 intellexerunt
917 3575 1037 3630 Welzius
1056 3580 1084 3629 et
1097 3573 1325 3640 Forchhamme1·,

240 3660 280 3715 sic
311 3660 479 3716 scribentes:
516 3660 695 3730 Esquilias
726 3660 872 3715 vidimus
904 3689 937 3699 -
964 3661 1132 3714 Volscum.
1181 3658 1324 3713 Hostem

236 3761 333 3801 nemo
358 3746 546 3812 submovit3
573 3746 607 3800 in
631 3763 693 3803 nos
715 3743 780 3815 cet}
817 3746 881 3816 Cap.
900 3749 947 3814 71,
973 3749 990 3799 7
1012 3746 1041 3799 in
1059 3745 1114 3800 bis:
1141 3744 1259 3798 mirari
1282 3760 1325 3809 se,

241 3847 385 3900 quonam
406 3848 500 3885 more
517 3830 686 3886 Ardeates
705 3832 921 3902 Aricinique,
945 3831 1041 3886 cuius
1066 3830 1141 3900 egri
1164 3831 1214 3883 ius
1237 3846 1323 3883 nun·

238 3933 336 3985 quam
359 3917 608 3987 usurpaverint
630 3918 801 3973 incolumi
819 3917 1007 3972 Coriolana
1030 3934 1077 3983 re,
1101 3932 1171 3968 eum
1190 3931 1274 3967 se-
1292 3940 1325 3950 -

238 4003 501 4074 intercepturos
525 4008 682 4073 sperent,
705 4006 782 4059 recte
799 4003 934 4059 Kloclrins
958 4001 1043 4057 scribi
1066 3999 1156 4055 voluit
1178 4013 1326 4066 quonam

242 4103 307 4143 ore.
352 4087 493 4157 Quoeritur
519 4094 609 4157 recte,
637 4107 760 4158 quonam
781 4106 859 4144 more
882 4088 989 4157 aliquid
1012 4087 1074 4153 liot;
1102 4101 1224 4153 quonam
1248 4098 1326 4136 more

239 4173 341 4243 aliquis
366 4175 592 4246 interceptarum
619 4192 648 4230 se
675 4173 780 4244 aliquid
806 4173 1057 4238 fraudatoremque
1081 4172 1199 4225 alterum
1224 4171 1326 4237 speret,

239 4258 356 4316 ridicnle
382 4260 531 4330 quaesitum
562 4278 654 4330 neque
687 4260 761 4315 enim
794 4259 994 4330 intercipiendi
1027 4258 1119 4312 aliena
1145 4252 1326 4308 fraudandive

243 4344 315 4401 ullus
334 4351 378 4401 est
394 4362 463 4400 mos.
