2994 5108
685 475 746 536 661
1125 486 1187 543 bib.
1205 485 1292 542 xm

225 657 304 744 Gap.
328 665 379 740 65,
402 664 422 725 8
445 658 504 742 (de
516 659 740 726 Romanorum
761 657 914 743 prasidio
937 659 972 725 in
994 657 1120 726 tumulo
1142 658 1288 726 aMsoe-
1307 672 1378 743 (648)

138 765 281 833 donibus
304 767 438 835 obsesso
461 774 496 834 et
518 767 739 852 oppugnatol:
773 766 922 850 Ingens
946 766 1008 851 (sic
1031 768 1153 853 optime
1174 767 1307 852 Kreys··

138 874 242 959 sigius
264 896 305 941 ex
326 876 497 961 religes,
519 875 554 941 id
577 883 629 942 est
649 874 774 959 liges3
796 896 874 940 nam
896 897 940 942 re
963 897 1003 941 ex
1024 877 1211 960 ingerere
1234 875 1292 942 ad·

137 982 249 1064 haesit)
282 984 480 1051 Romanos
520 988 654 1050 terror
691 983 1006 1064 circumstabat3
1039 1004 1125 1049 nam
1158 1004 1293 1068 neque

138 1090 317 1157 conferti
339 1113 523 1177 pugnare
544 1098 716 1177 propter
739 1112 818 1172 eos,
841 1093 911 1176 qni
929 1093 970 1157 in
987 1092 1186 1157 tumulum
1202 1113 1292 1158 con·

137 1200 383 1266 nitebantur
406 1199 467 1283 (sic
485 1202 614 1285 egregie
631 1198 918 1267 Weissenbomius
935 1220 953 1265 e
971 1199 1096 1267 codicis
1113 1200 1291 1284 scriptura:

138 1309 208 1392 qui
229 1309 271 1374 in
293 1308 492 1375 tumulum
514 1308 791 1390 conabantur),
814 1315 1012 1393 poterant
1035 1316 1082 1388 et,
1103 1308 1173 1374 ubi
1190 1309 1293 1375 ordi-

137 1437 207 1483 nes
235 1417 517 1502 procursando
552 1417 791 1497 solvissent,
824 1416 1028 1501 patebant
1054 1417 1208 1483 iaculis
1236 1439 1293 1484 sa·

137 1524 317 1609 gittisve.
373 1525 495 1591 Mirum
528 1536 613 1607 vcro,
646 1546 712 1591 non
747 1525 895 1609 potuisse
929 1526 1095 1591 Romanos
1129 1524 1292 1591 confertos

137 1653 286 1718 pugnare
309 1639 445 1719 propter
467 1654 539 1713 eos,
569 1635 625 1718 qui
648 1640 765 1701 contra
787 1633 1004 1713 eniterentur;
1035 1653 1111 1698 nam
1136 1632 1292 1699 conlertae

137 1760 256 1826 pugna
272 1741 336 1808 hoc
352 1742 436 1807 nihil
454 1744 585 1809 omnino
606 1742 730 1809 oberat.
765 1741 830 1808 Sed
846 1740 938 1806 verbi
960 1762 1141 1825 pugnare
1163 1741 1291 1807 nullum

136 1849 171 1914 in
193 1849 307 1916 codice
329 1851 504 1935 vestigium
527 1859 595 1932 est,
628 1852 663 1916 in
691 1871 756 1933 quo
785 1852 833 1915 sic
856 1849 1025 1916 scribitur:
1049 1871 1138 1916 nam
1158 1870 1291 1933 neque

137 1957 314 2023 conferti
348 1966 521 2044 propter
554 1980 634 2025 eos.
678 1957 790 2023 Livius
823 1965 997 2043 posuerat:
1031 1957 1126 2023 Nam
1159 1978 1291 2040 neque

138 2065 316 2132 conferti
337 2067 557 2149 propellere
579 2088 662 2147 eos,
685 2067 752 2149 qui
774 2067 815 2131 in
836 2072 860 2131 t.
884 2087 975 2146 con,
997 2071 1202 2150 poterant.
1246 2065 1293 2132 Ut

136 2172 283 2258 undique
306 2175 523 2241 ascendentes
556 2196 615 2260 per
638 2174 821 2259 praecipitia
848 2173 1087 2258 propellerent,
1117 2173 1292 2240 solvendus
1383 2244 1391 2263 ⁸

137 2286 212 2347 erat
231 2267 333 2363 'orbis
357 2305 421 2369 quo
439 2284 582 2349 medium
594 2283 754 2349 tumulum
767 2279 906 2348 conferti
923 2282 1109 2367 cingebant.
1145 2280 1291 2367 [Prope

136 2396 294 2475 petere,
317 2391 406 2475 quod
429 2398 592 2458 tentatum
615 2392 719 2471 video,
742 2412 801 2476 pro
825 2393 1009 2458 cominus
1031 2398 1177 2476 petere
1201 2391 1292 2474 Lati·

136 2519 217 2564 num
238 2520 304 2565 non
327 2499 440 2582 est.]¹)

224 2605 302 2692 Gap.
327 2612 377 2688 66,
400 2613 433 2672 4;
469 2608 622 2689 (Perseus
654 2609 796 2674 universi
824 2609 1013 2674 certaminis
1044 2629 1158 2675 casum
1180 2608 1292 2674 subire

137 2715 301 2808 paratus)
323 2718 391 2799 qui
413 2715 656 2801 phalangem
679 2722 950 2795 arcesserent,
974 2738 1144 2801 propere
1162 2717 1290 2798 misit3

138 2843 217 2907 qua
239 2829 279 2889 et
301 2825 443 2905 serius,
467 2845 584 2908 quam
605 2846 670 2891 res
688 2824 942 2909 postulabat,
965 2833 1006 2890 et
1022 2826 1173 2908 raptim
1190 2831 1291 2905 acta,

138 2931 301 2997 turbati
324 2953 444 2998 cursu
467 2931 551 3014 (cod.
574 2934 728 3018 raptim
756 2939 924 3017 aptatur
952 2932 1111 2998 turbati
1133 2931 1292 3016 cursus)

205 3139 311 3195 relictis
328 3140 430 3197 litteris
453 3143 629 3209 inconste,
654 3149 778 3197 extrema
799 3159 864 3213 pars
888 3141 1034 3196 sententiaa
1059 3147 1087 3195 et
1112 3141 1224 3196 initium
1248 3158 1291 3197 se·

208 3227 333 3296 quentis,
361 3228 440 3281 cuius
458 3227 519 3282 hoec
538 3226 623 3282 luerit
640 3226 742 3281 forma:
770 3225 902 3281 Omissa
928 3244 989 3297 spe
1017 3226 1293 3297 oppugnationis

208 3315 405 3366 castrorum
432 3311 580 3366 Perseus
607 3313 779 3384 extemplo
799 3318 852 3367 oet.
892 3312 925 3366 In
952 3312 1094 3383 superiore
1120 3328 1201 3366 versu
1227 3312 1293 3366 scri·

102 3470 105 3474 Α
209 3397 333 3452 bendum
357 3397 469 3452 videtur
495 3397 593 3453 addita
618 3399 732 3470 copula:
760 3400 795 3454 in
821 3398 914 3452 vallo
941 3403 974 3452 et
997 3397 1038 3452 ad
1060 3401 1186 3468 portes.
1229 3397 1317 3452 nuo
1368 3416 1372 3426 ¹

211 3483 287 3537 enim
304 3483 333 3537 hi
352 3483 408 3536 loci
426 3489 498 3538 sunt.
528 3484 613 3556 1864]

163 3567 187 3633 ¹)
206 3565 489 3623 Connitebantur
504 3587 555 3640 pro
573 3569 1294 3639 conabantnrreposituminmemoriamrevocat

209 3650 323 3708 Seneca
343 3653 435 3707 locum
453 3655 483 3709 in
501 3671 543 3724 ep.
562 3655 604 3721 95,
622 3656 646 3722 b,
665 3655 714 3710 ubi
733 3655 820 3712 scribi
847 3655 941 3710 debet:
970 3654 1045 3710 Non
1070 3659 1192 3725 potest
1216 3658 1293 3709 toto
1381 3680 1382 3684 ¹

210 3737 323 3792 animo
352 3738 393 3792 ad
419 3738 568 3794 honesta
586 3741 713 3793 connltl
741 3741 802 3810 (pro
826 3741 964 3806 conari).
1001 3739 1114 3810 [Nescio
1133 3739 1200 3809 quid
1218 3740 1291 3795 acci·

209 3821 284 3877 derit
292 3823 417 3891 Hertzio,
436 3828 468 3879 ut
477 3841 569 3879 meam
578 3825 805 3880 emendationem
819 3831 961 3896 receptam
981 3823 1203 3896 (pjropellsre)
1214 3841 1294 3894 pror·

213 3924 258 3962 sus
275 3913 449 3978 perverteret
466 3914 577 3966 retento
595 3915 752 3981 propter.
783 3910 880 3980 Neque
902 3911 977 3966 eninr
995 3909 1195 3980 propellere
1214 3910 1293 3965 abso-

211 3992 270 4047 lute
288 3993 344 4048 dici
357 3998 453 4064 potest
462 4013 553 4064 neque
567 3996 617 4064 illi,
635 3996 683 4067 qui
698 3997 836 4052 tumulum
847 3997 999 4053 ascendere
1014 3995 1189 4051 conabantur
1198 3995 1239 4063 (in
1247 4000 1291 4049 tn·

209 4078 315 4133 mulum
334 4080 573 4147 connitebantur),
591 4081 782 4151 impediebant
800 4083 1042 4154 propulsationem
1060 4080 1156 4149 nescio
1174 4096 1293 4150 quorum

212 4163 343 4232 aliorum,
362 4165 411 4219 sed
433 4166 489 4235 ipsi
515 4166 691 4235 propellendi
719 4172 809 4230 erant,
835 4168 918 4237 quod,
946 4167 994 4236 qui
1021 4164 1122 4220 collem
1148 4164 1293 4233 tenebant,

211 4248 332 4306 camerti
353 4249 443 4305 facere
467 4251 636 4320 nequibant,
661 4253 712 4307 sed
730 4271 815 4323 quum
831 4253 922 4309 facere
939 4251 1056 4318 vellent,
1076 4250 1187 4305 ordines
1206 4250 1294 4304 solve·

143 4372 165 4401 -,
211 4334 288 4391 bant
319 4334 404 4405 18de
