2994 5108
211 493 357 567 ‚nevn
767 482 828 544 rra

217 668 347 736 ordine:
381 688 506 751 prope
538 667 579 732 in
607 667 815 732 contionis
843 665 999 734 modum
1026 665 1073 747 11,
1101 670 1157 747 23,
1186 670 1206 732 5
1235 671 1270 733 et
1291 664 1379 748 (sine

216 774 357 862 prope)
391 779 446 856 38,
480 779 510 856 2,
537 776 578 840 in
604 773 761 840 modum
788 774 1034 860 fugientium
1062 774 1227 856 XXXVII,
1251 779 1305 857 46,
1333 776 1379 859 8).

216 884 335 969 Itaque
356 883 411 950 hic
434 905 579 969 quoqne,
602 889 641 948 ut
656 882 710 964 VI,
734 886 785 964 31,
809 887 837 965 5,
861 884 901 948 in
924 890 1000 948 ante
1022 903 1052 946 ι
1075 883 1238 950 excidisse
1261 885 1380 969 opinor

217 991 508 1078 scribendumque:
554 991 671 1058 Inter
710 992 930 1057 carminum
967 1013 1094 1077 prope
1132 991 1172 1055 ln
1218 992 1379 1059 modum

217 1100 436 1166 incondita
475 1100 659 1184 qnaedam
698 1099 946 1166 militariter
978 1100 1229 1166 ioculantes.
1293 1098 1379 1166 Gon·

216 1209 345 1276 iunctio
375 1214 409 1274 et
437 1208 518 1276 ordo
545 1208 738 1288 verborum,
772 1210 840 1274 sive
866 1209 908 1274 in
936 1208 1004 1274 sive
1031 1229 1157 1294 prope
1185 1209 1379 1294 praepositio

217 1319 367 1403 ponitur,
397 1317 536 1383 eandem
564 1316 668 1383 habet
697 1316 868 1397 duritiam,
897 1315 999 1382 nihilo
1027 1322 1141 1382 tamen
1161 1315 1260 1382 illam*
1275 1317 1379 1383 mole·

134 1439 204 1510 (145)
224 1428 359 1492 stiorem
381 1447 481 1509 quam
502 1426 537 1490 in
559 1424 645 1491 libro
666 1424 817 1506 XXVIII,
843 1428 892 1506 12,
915 1429 949 1490 6:
983 1423 1080 1491 Post
1101 1424 1379 1492 Hasdrubalis

217 1556 312 1601 vero
335 1535 561 1600 exercitum
577 1532 815 1599 -deletum
837 1533 1100 1617 cedendoque
1122 1533 1164 1598 in
1186 1532 1379 1617 angulum

166 1641 169 1647 ’
217 1643 426 1708 Bruttium
450 1641 1009 1721 ceteraltaliaconcessum,
1048 1646 1182 1708 netum
1202 1640 1380 1708 molestam

219 1751 363 1836 quidem,
385 1752 543 1835 qnoniam
563 1750 651 1814 inter
672 1757 768 1835 post
790 1757 824 1815 et
846 1771 1093 1817 concessum
1114 1756 1237 1835 praeter
1258 1749 1380 1816 ablati·

218 1883 294 1926 vum
316 1859 457 1939 Italia,
492 1858 550 1943 qui
578 1879 599 1923 a
625 1878 862 1924 concessum
888 1857 1011 1943 pendet
1039 1857 1144 1942 (quod
1166 1879 1270 1942 genus
1292 1858 1379 1924 indi-

220 1969 291 2034 cavi
320 1967 464 2033 Gramm.
488 1966 560 2032 Lat.
584 1964 601 2050 ἓ
629 1970 692 2031 469
721 1973 790 2032 not.
815 1970 851 2048 2;
887 1966 944 2032 cfr.
967 1966 1148 2033 Weissenb.
1173 1964 1218 2030 ad
1242 1964 1379 2046 XXVII,

221 2081 276 2157 36,
306 2075 355 2159 2),
384 2075 610 2160 interponitur
636 2097 703 2141 non
732 2075 838 2140 solum
867 2075 952 2141 alins
975 2074 1140 2141 ablativus
1164 2072 1379 2156 (instrumen-

219 2185 314 2265 talis,
349 2183 559 2267 cedendo)‚
593 2183 652 2248 sed
679 2184 780 2249 etiam
809 2182 887 2249 huic
909 2184 1067 2248 adiuncta
1088 2181 1281 2268 praepositio
1305 2203 1381 2249 cum

221 2315 318 2359 casu:
352 2293 394 2358 in
417 2291 611 2374 angulum
633 2292 853 2358 Bruttium.
899 2291 1032 2375 [XXXL
1055 2295 1108 2371 40,
1132 2295 1150 2356 9
1174 2296 1208 2355 et
1229 2289 1381 2373 XXXVI,

220 2406 277 2481 23,
312 2405 331 2466 6
360 2402 456 2486 posui
483 2400 619 2466 Advers.
643 2398 723 2466 Crit.
747 2400 780 2464 11
806 2424 838 2486 p.
864 2405 942 2481 514,
975 2399 1073 2466 huius
1100 2399 1382 2467 Emendationum

215 2510 287 2593 ⁴,loci
319 2507 515 2592 immemor]
571 2506 655 2574 Sunt
682 2508 752 2574 haec
779 2530 917 2594 prorsus
945 2508 1083 2574 Liviana
1110 2529 1151 2573 ex
1178 2529 1218 2574 eo
1248 2527 1382 2590 genere,

221 2618 310 2702 quod
345 2624 422 2683 ante
456 2617 598 2683 sedecim
632 2637 735 2682 annos
769 2618 882 2683 notavi
910 2616 1172 2700 (Bemerkungen
1199 2616 1283 2682 iiber
1310 2637 1383 2682 ver·

222 2726 396 2792 sohiedene
419 2725 547 2791 Punkte
576 2725 633 2790 des
656 2725 803 2809 Systems
832 2726 891 2790 der
918 2724 1137 2791 lateinischen
1161 2723 1384 2809 Sprschlebre

214 2858 253 2919 p.
278 2834 347 2916 79),
375 2835 409 2899 in
436 2833 557 2917 quibus
587 2834 740 2916 analogia
767 2854 826 2919 per
850 2833 1008 2917 ambages
1031 2832 1234 2918 amplificata
1255 2832 1291 2898 in
1313 2832 1383 2900 for·

221 2966 293 3009 mas
323 2944 499 3027 diligenter
521 2943 733 3027 compositas,
763 2942 821 3007 sed
843 2941 1002 3008 molestas
1025 2948 1059 3006 et
1081 2962 1240 3025 operosas
1263 2941 1381 3024 exit.¹)

220 3052 324 3117 Paulo
348 3059 426 3118 ante
449 3050 563 3116 eodem
586 3051 694 3133 capite
717 3048 748 3134 (ᾗ
771 3050 804 3133 8)
828 3051 932 3135 pudet
954 3071 1046 3136 paene
1070 3049 1257 3129 admonere,
1277 3048 1385 3116 verbs

222 3161 269 3226 sic
307 3159 573 3244 interpungenda
606 3179 694 3223 esse:
734 3180 812 3224 non
841 3165 999 3238 cantus,
1038 3180 1115 3223 non
1150 3156 1383 3225 exsultatio

222 3289 502 3352 armorumque
525 3267 704 3350 agitatio
727 3288 845 3347 vana,
879 3267 947 3332 sed
976 3274 1120 3351 pectus
1149 3267 1383 3331 animorum

221 3376 374 3459 iraeque
419 3376 594 3460 plenum;
642 3396 796 3440 omnem
839 3375 1039 3441 ferociam
1078 3372 1297 3459 (Torquatus)
1340 3375 1385 3441 in

222 3484 446 3548 discrimen
473 3484 605 3568 ipsum
633 3483 871 3548 certaminis
901 3482 1136 3549 distulerat.
1190 3482 1297 3565 Vulgo
1326 3482 1383 3549 Li·

220 3593 309 3656 vium
340 3591 504 3657 dicentem
531 3590 674 3670 faciunt,
702 3612 768 3655 non
797 3598 930 3656 cantum
953 3613 1013 3657 neo
1036 3613 1204 3658 armornm
1226 3591 1385 3675 agitatio·

221 3720 310 3780 nem,
344 3700 402 3765 sed
431 3706 546 3784 pectus
577 3699 745 3764 distulisse
774 3697 946 3780 ferociam,
980 3722 1046 3765 non
1069 3699 1385 3782 animadvertentes

220 3809 455 3874 nominativum
477 3808 630 3887 breviter,
653 3809 775 3873 omisso
797 3807 909 3888 verbo,
932 3830 993 3892 pro
1016 3815 1088 3874 tota
1109 3808 1274 3874 sententia
1289 3809 1385 3893 poni.

222 3915 291 3999 (Gr.
317 3917 389 3982 Lat.
414 3915 430 4000 ἓ
453 3923 515 3982 479
537 3923 605 3982 not.
629 3919 664 3997 2;
699 3916 756 3981 cfr.
781 3915 847 3981 Cic.
871 3916 963 3982 Verr.
987 3917 1025 3997 V,
1054 3922 1083 3996 7,
1109 3920 1163 3980 16:
1197 3915 1384 4001 Exspec-

222 4027 328 4090 tatio
352 4046 504 4091 summa
526 4024 739 4105 hominum,
762 4024 958 4110 quidnam
980 4025 1021 4090 id
1044 4031 1169 4105 esset;
1192 4023 1307 4107 Liv.I,
1330 4030 1386 4109 54,

252 4298 275 4362 ¹)
295 4295 405 4365 [Kleine
423 4296 520 4366 philol.
541 4295 684 4351 Schriften
701 4314 728 4366 p.
747 4300 798 4352 358
816 4295 888 4366 sqq.]
