3000 5116
686 509 746 570 14⁷
1179 524 1241 580 uis.
1259 524 1293 579 v.

139 686 464 777 sacerdotesque
492 693 683 759 Vestales
717 714 837 759 sacra
869 694 1041 778 publica
1068 717 1089 762 a
1118 697 1223 762 caede
1252 729 1296 743 —-

137 800 283 883 procul
316 801 479 867 auferre
511 802 618 867 iussos
652 803 756 882 dicat,
789 824 890 867 unum
924 801 1089 869 flaminem
1123 827 1140 870 e
1174 806 1291 885 tribus,
1310 815 1380 886 (124)

137 909 300 974 incertum
323 912 425 976 etiam
447 911 651 994 relinquens,
686 932 785 994 quem
807 909 978 993 significet.
1023 913 1069 977 Et
1089 912 1159 992 VII,
1189 918 1245 993 20,
1275 919 1295 978 4

139 1013 273 1082 Caerites
313 1018 541 1103 hospitium
579 1019 789 1084 flaminum
823 1018 1138 1104 Vestaliumque
1171 1021 1219 1086 ab
1255 1042 1295 1086 se

140 1133 254 1191 caste
283 1127 441 1193 cultum
467 1128 631 1192 invocant.
683 1125 868 1191 Videndum
891 1127 1001 1209 igitur,
1023 1150 1064 1193 ne
1086 1128 1140 1193 hic
1163 1150 1295 1213 quoque

138 1232 328 1300 flamines
346 1235 458 1301 Livius
481 1235 659 1319 scripserit,
683 1233 810 1313 deinde,
835 1235 953 1300 omisso
971 1257 994 1315 s,
1018 1257 1039 1300 a
1060 1257 1127 1319 quo
1145 1239 1296 1320 proxima

139 1362 199 1407 vox
226 1343 357 1427 incipit,
390 1342 596 1409 flaminem
624 1341 748 1407 factum
772 1343 829 1421 sit,
863 1344 1027 1425 quomodo
1051 1345 1098 1425 ll,
1129 1351 1184 1425 58,
1214 1351 1296 1410 lex

140 1471 273 1516 omnes
315 1472 387 1516 sua
426 1457 536 1516 ortum
576 1457 626 1516 est
665 1472 777 1516 omne
816 1472 891 1515 sua
923 1450 972 1532 (M
988 1474 1030 1517 m.
1054 1452 1143 1534 11³),
1177 1453 1295 1519 deinde

141 1578 291 1624 omnem
318 1579 391 1624 sua
413 1557 469 1641 (M.
487 1563 567 1624 m.3
593 1559 719 1640 LlHl).
776 1558 805 1622 A
847 1561 997 1642 proximo
1026 1563 1135 1644 capite
1164 1560 1233 1642 (40,
1262 1562 1295 1645 7)

140 1667 235 1732 unius
271 1667 454 1733 flaminis
483 1666 717 1745 Quirinalis
751 1668 1038 1751 virginumque
1066 1669 1296 1734 Vestalium

139 1776 355 1841 ministerium
384 1781 667 1840 commemoratur.
713 1774 834 1855 Vide03
868 1775 926 1840 sed
954 1782 987 1840 et
1014 1798 1133 1842 nomen
1162 1777 1296 1841 additur

139 1888 170 1949 et
191 1883 406 1967 intellegitur,
429 1904 488 1948 cur
510 1884 556 1948 ibi
579 1904 664 1947 unus
686 1882 743 1947 ille
760 1881 879 1947 flamen
899 1891 1183 1964 commemoretur,
1207 1885 1296 1966 quod

139 1990 171 2054 in
204 1991 327 2056 sacello
362 1993 432 2056 eius
466 1991 593 2057 aedibus
627 1992 779 2074 proximo
814 2012 909 2056 sacra
939 1991 1071 2057 defossa
1098 1993 1199 2057 fuisse
1228 2014 1296 2057 me·

139 2100 243 2164 moria
272 2104 393 2183 postea
421 2100 584 2165 exstabat.
636 2097 716 2182 [Sed
744 2098 1001 2164 Vflaminem
1031 2101 1295 2166 sacerdotes-

140 2227 213 2289 que
237 2213 277 2272 et
293 2207 493 2287 Vestales,
522 2228 562 2272 ex
585 2228 650 2291 quo
672 2214 763 2272 recte
781 2207 1014 2273 Mommsenius
1037 2211 1145 2274 tenuit
1167 2230 1296 2273 sacer-

140 2313 333 2399 dotesque
357 2315 402 2398 (h.
416 2337 444 2380 e.
456 2313 622 2398 flamines)
646 2321 685 2380 et
706 2315 905 2395 Vestales,
929 2316 1060 2381 sublato
1082 2317 1296 2397 flaminem,

140 2421 227 2504 quod
249 2442 370 2488 nomen
388 2445 405 2489 e
423 2444 494 2508 cap.
514 2428 566 2502 40,
590 2427 608 2487 7
632 2422 698 2487 huc
719 2423 850 2488 illatum
872 2423 944 2507 est]
974 2425 1060 2489 Illud
1083 2446 1149 2490 nou
1171 2425 1296 2505 dubito,

141 2531 220 2613 quin
245 2531 353 2615 capite
375 2537 433 2612 40,
464 2536 482 2596 6
507 2531 824 2616 Liviusscripserit:
854 2553 963 2597 suam
986 2535 1157 2616 quisque
1181 2554 1296 2617 spem,

142 2659 213 2703 sua
242 2639 435 2720 consilia,
470 2640 750 2706 communibus
779 2639 1031 2724 deploratis,
1067 2646 1296 2723 sequentes,

140 2767 214 2826 non,
232 2752 271 2811 ut
290 2753 341 2812 est
358 2749 392 2811 iu
408 2747 515 2827 codd,
533 2755 812 2831 exsequentes,
836 2749 924 2830 quod
942 2749 1076 2814 verbum
1094 2755 1127 2813 et
1144 2770 1164 2813 a
1183 2770 1251 2832 spe
1264 2755 1297 2813 et

142 2852 185 2935 (h.
202 2853 239 2936 l.)
258 2876 280 2919 a
303 2856 497 2921 consiliis
523 2855 668 2920 alienum
692 2860 758 2936 est3
780 2877 888 2938 neque
912 2858 999 2921 enim
1023 2858 1063 2922 de
1082 2857 1296 2938 exsequendis

142 2962 282 3028 aliarum
304 2984 415 3028 rerum
441 2963 596 3042 consiliis,
623 2963 681 3027 sed
705 2963 745 3027 de
769 2971 860 3030 certo
879 2965 963 3049 fugae
982 2963 1117 3030 consilio
1136 2962 1296 3047 capiendo

142 3069 312 3153 agebatur.
338 3071 442 3137 Error
452 3071 539 3136 idem
552 3077 612 3151 est,
630 3092 696 3154 quo
709 3072 889 3156 saepissime
907 3094 967 3156 pro
986 3079 1174 3156 spectare
1193 3072 1297 3154 scrip-

142 3183 211 3243 tum
236 3183 287 3244 est
310 3185 560 3263 exspectare,
585 3179 675 3262 quod
697 3181 852 3244 mendum
874 3180 909 3244 in
926 3180 1008 3244 Livii
1032 3180 1127 3245 libris
1149 3178 1297 3269 Alschef-

144 3284 233 3376 skius
259 3285 436 3369 aliquoties
454 3289 572 3366 tenuit,
590 3289 625 3351 in
643 3286 775 3353 Senecae
794 3286 976 3353 Fickertus.
1011 3287 1106 3366 Quod
1127 3290 1161 3353 in
1183 3287 1297 3352 lexicis

140 3396 274 3479 ponitur
292 3415 333 3460 ex
351 3393 417 3460 Cic.
430 3395 512 3460 Phil.
526 3395 567 3475 Π,
587 3399 637 3475 22,
658 3401 698 3459 54
717 3396 888 3479 exsequi
905 3394 1048 3479 fugam,
1066 3396 1155 3481 apud
1167 3395 1297 3461 Cicero-

141 3524 216 3568 nem
239 3508 292 3569 est
320 3504 489 3586 exsequi
518 3503 672 3568 cladem
694 3501 808 3568 illam
831 3503 1063 3589 fugamque,
1090 3506 1232 3587 imagine
1255 3502 1298 3568 ab

141 3610 348 3694 exsequiis
372 3610 553 3696 (exsequi
576 3610 710 3693 funus)
730 3611 839 3691 ducta,
863 3619 901 3676 ut
917 3614 951 3677 in
968 3635 1018 3698 ep.
1038 3614 1080 3679 ad
1096 3613 1164 3677 Att.
1182 3612 1239 3691 IX,
1259 3616 1297 3674 12

140 3719 228 3800 init,
256 3719 314 3784 ubi
344 3725 396 3785 est
418 3720 588 3803 exsequi
616 3719 744 3785 fatum
773 3718 957 3803 (Pompeii).
1009 3719 1160 3786 Catullus
1184 3723 1233 3797 63,
1260 3723 1297 3782 15

140 3827 354 3911 scripseritne
382 3836 534 3894 sectam
561 3848 685 3893 meam
714 3835 916 3893 exsecutae
940 3849 983 3892 au
1006 3830 1116 3913 potius
1140 3831 1298 3904 secutae,

141 3956 288 4019 quaerere
311 3937 527 4021 supersede03
550 3957 657 4019 neque
679 3937 766 4000 euim
789 3935 833 4001 ad
854 3936 982 4001 Livium
1004 3937 1039 4001 id
1061 3933 1250 4020 pertinet.¹)

170 4211 194 4280 ¹)
214 4210 291 4282 [Cap.
310 4213 356 4281 40,
386 4211 544 4281 9codices,
575 4212 703 4267 etiamV
724 4213 881 4283 plaustro
910 4213 1091 4282 coniugem
1113 4209 1299 4264 -habens

211 4297 304 4351 inter
322 4301 471 4352 ceteram
488 4299 622 4354 turbam
641 4302 703 4367 cet,
721 4317 757 4355 ex
772 4315 827 4368 qno
841 4298 1000 4354 faciendum
1015 4298 1128 4353 videtur
1143 4294 1298 4350 avehens.

216 4381 302 4452 1800]

1022 4483 1070 4540 10*
