2994 5108
206 500 268 554 Lib.
288 501 401 555 xxvn.
754 487 815 548 398

291 671 368 755 Cap.
394 676 448 753 38,
478 652 513 738 9ὲ
555 672 731 738 Senatus
765 671 939 736 liberam
973 677 1228 753 potestatem
1265 691 1364 735 con·

206 780 367 845 sulibus
396 781 497 846 fecit
527 788 567 846 et
596 780 835 864 supplendi,
879 779 982 845 unde
1011 778 1184 856 vellent,
1221 783 1260 842 et
1288 777 1364 842 eli·

205 889 324 970 gendi
348 889 393 954 de
412 889 596 954 omnibus
615 888 880 966 exercitibus,
905 908 1004 968 quos
1021 885 1182 966 vellent,
1207 906 1362 969 permu-

204 995 399 1078 tandique
424 1004 528 1062 etex
551 997 783 1080 provinciis,
809 1017 907 1076 quos
928 1016 945 1059 e
970 1015 1011 1059 re
1036 994 1203 1078 publica
1228 1013 1365 1059 cense-

205 1111 297 1168 rent
315 1126 413 1183 esse,
432 1104 684 1170 traducendi.
714 1104 781 1169 Nec
793 1103 852 1168 ulli
864 1103 960 1167 facile
974 1123 1045 1166 esse
1060 1107 1216 1185 poterant
1228 1100 1363 1180 milites,

204 1232 285 1293 quos
299 1210 516 1295 (singulatim)
530 1234 569 1276 ex
586 1212 763 1296 provinciis
782 1210 912 1275 traduci
932 1232 949 1275 e
968 1231 1003 1275 re
1020 1209 1155 1295 publica
1172 1217 1271 1291 esset,
1288 1218 1323 1276 et
1334 1213 1364 1276 si

205 1318 357 1400 fuissent,
390 1320 452 1384 hoc
481 1322 705 1385 contineretur
733 1321 902 1404 superiore
929 1319 986 1383 illo
1015 1319 1138 1401 capite,
1174 1339 1241 1402 quo
1265 1326 1361 1403 pote·

204 1434 271 1493 stas
300 1427 443 1492 dabatur
476 1430 654 1506 exercitus,
682 1428 769 1492 unde
797 1427 935 1505 vellent,
960 1426 1138 1510 supplendi
1168 1432 1202 1490 et
1231 1427 1272 1491 dc
1296 1447 1365 1491 cm·

204 1536 301 1601 nibus
323 1536 522 1601 exercitibus
545 1536 702 1619 eligendi3
726 1557 785 1600 nec
806 1542 896 1601 recte
920 1533 1040 1598 dicitur
1063 1556 1108 1598 ex
1131 1535 1366 1617 provinciis

204 1644 439 1723 traducere,
472 1644 564 1709 nulla
587 1644 716 1722 addita,
751 1665 817 1725 quo
841 1642 1075 1720 traducantur,
1108 1641 1173 1706 loci
1196 1642 1361 1726 significa·

203 1753 301 1817 tione.
336 1751 410 1817 Una
426 1752 539 1816 littera
555 1752 707 1823 detracta
722 1772 833 1816 veram
851 1752 1049 1833 scripturam
1066 1751 1234 1815 restituet:
1258 1759 1299 1817 et
1319 1773 1364 1815 ex

203 1861 439 1944 provinciis,
463 1879 533 1937 quo
555 1882 572 1925 e
594 1881 635 1924 re
659 1859 826 1943 publica
850 1865 1065 1923 censerent
1088 1879 1185 1937 esse,
1212 1859 1358 1924 tradu-

205 1967 331 2033 cendi.
381 1968 582 2032 Permissum
611 1973 662 2033 est
691 1967 899 2045 consulibus,
932 1974 970 2031 ut
999 1966 1171 2051 suppletor
1196 1968 1363 2032 exercitus

204 2078 473 2160 exercituumque
502 2084 614 2160 partes
644 2082 871 2159 permutarent
901 2081 935 2139 ct
959 2081 1053 2139 extra
1075 2074 1157 2140 fines
1180 2096 1249 2140 suae
1272 2078 1364 2166 quis·

205 2206 268 2268 que
293 2185 468 2267 provinciae
492 2185 681 2249 educerent.

291 2291 370 2375 Cap.
406 2298 461 2370 40,
497 2297 551 2356 10:
594 2313 666 2375 per
699 2299 922 2356 extremum
961 2291 1086 2355 finem
1121 2293 1208 2374 agri
1244 2292 1363 2358 Lari·

203 2400 313 2463 natis
348 2399 561 2463 ducentem
595 2401 634 2465 in
668 2400 924 2465 Sallentinos
960 2400 1363 2466 exercitumHanni·

120 2505 340 2590 (eantbalem
374 2508 581 2589 expeditis
616 2507 855 2573 cohortibus
889 2506 1061 2587 adortus
1091 2506 1126 2572 C.
1155 2506 1365 2574 Hostilius

205 2614 388 2679 Tubulus
411 2615 688 2698 incomposito
713 2616 863 2698 agmini
886 2615 1123 2680 terribilem
1144 2615 1364 2682 tumultum

204 2723 362 2787 intulit.
411 2722 567 2787 Larinum
597 2724 762 2805 quomodo
792 2724 941 2805 attigerit
962 2723 1129 2788 Hannibal
1158 2745 1198 2788 ex
1221 2724 1365 2790 Bruttiis

206 2838 240 2896 et
267 2831 408 2895 Lucanis
442 2832 475 2895 in
506 2830 705 2896 Sallentinos
735 2833 806 2896 iens
836 2838 869 2895 ct
897 2832 1061 2915 quomodo
1090 2853 1151 2915 per
1173 2832 1365 2898 Larinatem

205 2962 336 3023 agrum,
376 2941 431 3020 qui
465 2960 484 3002 a
518 2939 660 3002 Tarento
701 2940 768 3003 lere
803 2941 941 3020 triginta
974 2939 1129 3004 milliaria
1163 2939 1367 3005 Germanica

273 3210 441 3266 ferociori
469 3229 565 3279 quam
592 3226 651 3278 pro
679 3212 744 3279 ing.
765 3211 869 3264 Graec.
894 3216 1004 3278 uento.
1050 3209 1121 3264 Nam
1144 3227 1204 3279 pro
1228 3211 1368 3267 AEtolir

272 3297 369 3349 Livius
409 3298 532 3350 scribere
568 3297 666 3349 maluit
698 3314 782 3364 quam
814 3296 1006 3350 AEtolorum
1043 3299 1162 3364 propter
1198 3299 1365 3353 omnium.

272 3381 410 3434 Nimirum
435 3382 600 3450 simpliciter
623 3382 694 3435 illud
716 3383 807 3450 ipsum
831 3381 1002 3436 ferociori
1029 3387 1183 3450 -gente
1206 3382 1365 3439 restituen-

273 3467 339 3519 dum
363 3472 419 3532 est,
444 3467 518 3534 quod
537 3467 680 3521 Gronovio
699 3468 728 3520 in
746 3472 870 3521 mentem
888 3472 1011 3520 venerat.
1051 3467 1096 3520 Ex
1114 3472 1218 3537 gente
1244 3477 1371 3540 propter

273 3551 467 3605 Graecorum
496 3553 601 3606 factum
630 3553 745 3623 gentis
774 3556 802 3606 et
826 3553 851 3606 ei
874 3556 974 3621 postea
998 3553 1242 3606 accommodatum
1266 3553 1366 3610 sero·

273 3638 388 3691 cioris.
432 3636 507 3706 [Cap.
531 3641 576 3704 32,
601 3638 785 3691 bvidendum
809 3655 844 3690 ne
867 3655 954 3706 equus
979 3655 1074 3707 regem
1099 3638 1230 3692 effudisse
1248 3638 1370 3695 dicatur

273 3740 378 3791 super
401 3731 508 3791 caput
532 3724 709 3792 prolapsum,
736 3741 795 3776 non
817 3740 876 3792 per
899 3728 1017 3791 eaput;
1044 3721 1176 3778 facillime
1199 3729 1266 3792 post
1292 3745 1369 3781 sum

272 3808 378 3864 excidit
402 3826 444 3861 su.
490 3808 542 3862 cfr.
563 3809 659 3871 XXII,
682 3812 711 3876 3,
738 3813 777 3861 ll.
824 3808 888 3876 Cap.
908 3811 954 3874 33,
982 3808 1098 3876 'lquod
1121 3808 1305 3865 desideratur
1330 3812 1370 3867 ad

272 3895 431 3948 orationem
453 3894 648 3959 vinciendum,
672 3895 811 3948 excidisse
836 3894 948 3947 videtur
966 3899 1032 3962 post
1050 3893 1208 3960 tradunt,
1232 3897 1366 3952 scriben-

272 3980 393 4046 dumque
417 3997 491 4033 esee:
519 3979 674 4045 tradunt3
702 3984 739 4047 et,
769 3980 803 4033 id
826 3979 916 4048 quod
940 3984 991 4031 cet
1030 3977 1094 4047 Cap.
1115 3983 1161 4046 34,
1182 3982 1299 4035 14-15
1325 3985 1369 4038 sic

272 4066 364 4118 oratio
387 4064 616 4135 interpungenda
640 4070 692 4118 est:
720 4066 798 4119 Haec
816 4093 851 4102 -
869 4065 1093 4132 castigabant
1114 4071 1244 4134 patrer,
1271 4072 1310 4121 et
1328 4070 1368 4123 M.

271 4150 408 4202 Furium
426 4156 657 4203 memorantes
672 4151 938 4217 -restituisse3
957 4156 995 4203 ut
1010 4150 1255 4205 —lenieudum
1275 4169 1368 4223 esse,

271 4235 386 4288 adnisi
411 4253 583 4289 omnes-
606 4236 771 4290 iecerunt.
817 4235 858 4289 Et
885 4237 1009 4304 pertinet
1032 4236 1068 4289 ad
1090 4236 1151 4289 illa:
1180 4235 1306 4292 adnisi
1329 4269 1368 4278 —

270 4320 435 4374 fecerunt.
475 4320 560 4388 1863]
