2994 5108
693 485 752 546 695
1118 498 1180 552 Lib.
1199 499 1295 557 XLIV.

233 670 375 755 Capit,
401 677 415 735 1
441 678 473 735 et
497 676 516 734 2
540 692 611 753 quse
634 669 837 734 emendanda
855 676 958 746 erant,
982 669 1120 734 alterum
1138 679 1171 736 et
1187 675 1292 737 maius
1310 690 1381 759 (576)

140 780 328 846 Gronovius
351 780 516 865 praecepit,
540 780 681 844 alterum
704 799 803 860 quum
833 777 903 860 ipse
926 778 1163 860 emendassem,
1185 782 1252 846 vidi
1275 803 1296 847 a

143 888 330 973 Kreyssigio
365 894 398 952 et
425 886 573 953 Belslrero
607 893 810 970 occupatum.
855 886 939 950 Nam
972 907 1073 969 quum
1105 889 1139 952 in
1174 888 1294 956 codicis

140 999 312 1081 scriptura
333 996 474 1080 primum
496 996 633 1060 ridicule
656 995 812 1073 Perseus,
836 994 891 1076 qui
915 995 1182 1078 reprehenditur,
1206 998 1294 1081 quod

143 1126 260 1189 pacem
282 1105 422 1187 pecunia
445 1125 552 1169 emere
574 1103 731 1182 noluerit,
764 1103 976 1186 pecuniam
1004 1109 1130 1168 tutam
1159 1112 1197 1170 et
1225 1129 1294 1190 pa·

139 1233 228 1277 cem
249 1212 397 1277 habere
421 1213 565 1294 potuisse
589 1211 718 1277 dicatur
736 1211 845 1294 (quasi
862 1231 937 1288 non,
956 1219 994 1275 ut
1012 1231 1127 1294 paoem
1147 1212 1293 1295 haberet,

141 1322 282 1404 pecunia
305 1319 500 1385 dimittenda
521 1319 646 1400 fuerit),
671 1320 790 1384 deinde
812 1319 921 1383 nescio
944 1319 1024 1402 quid
1040 1341 1200 1403 nugarum
1218 1344 1293 1388 nar-

140 1437 234 1518 retur
256 1428 296 1492 de
319 1428 437 1492 Perseo
459 1434 628 1510 recepto
659 1426 714 1508 (ex
743 1448 807 1510 quo
838 1428 1040 1492 reiectum
1061 1450 1167 1512 nuper
1188 1431 1293 1496 Weis-

138 1536 337 1602 senbornius
361 1534 446 1610 fecit,
471 1535 568 1618 quasi
590 1536 735 1600 reiectus
759 1534 898 1600 Perseus
921 1536 963 1601 ab
986 1537 1130 1602 Eumene
1152 1538 1295 1604 fideliter

141 1647 336 1719 Romanam,
350 1645 541 1710 societatem
563 1651 676 1709 tuente
711 1650 745 1708 et
773 1644 958 1709 mercedem
992 1654 1165 1728 spernente
1200 1670 1292 1731 pro·

139 1752 307 1819 trahere
340 1774 415 1818 eum
448 1752 630 1817 mercede
669 1756 859 1816 onustum
897 1753 1072 1836 potuerit),
1108 1753 1291 1821 Gronovius

138 1862 352 1946 sagacissime
375 1863 525 1945 scripsit:
560 1881 678 1943 quum
700 1860 874 1943 pecunia
896 1861 1047 1924 tantula
1069 1870 1130 1926 ut
1152 1885 1291 1947 pacem

137 1970 293 2036 babere
327 1990 396 2054 per
419 1969 628 2033 Eumenem
651 2004 694 2014 -
722 1975 792 2033 aut
824 1970 1006 2048 deceptus
1038 1972 1290 2053 protrahere

137 2078 319 2145 mercede
354 2085 543 2144 onustum
575 2112 619 2122 —
656 2084 816 2159 posset,
856 2096 994 2159 eamque
1029 2078 1290 2145 emendationem

139 2189 264 2253 maiore
287 2194 441 2269 exparte
464 2206 551 2250 nunc
567 2185 663 2262 idem,
686 2186 744 2266 qui
763 2185 965 2283 superiorem
981 2191 1138 2268 nostram,
1162 2191 1289 2272 egregie
1356 2244 1358 2249 .

140 2294 311 2360 confirmat
333 2293 490 2376 Polybius
524 2293 652 2375 (fragm.
676 2291 749 2356 Vat.
778 2291 894 2371 XXIX,
921 2297 934 2355 1
959 2292 976 2357 f
989 2316 1021 2377 p.
1048 2299 1130 2360 1034
1158 2296 1288 2378 Belrlr.):

137 2408 162 2465 si
182 2413 232 2483 μὲν
253 2411 307 2486 γὰρ
330 2409 482 2483 συνήργησέ
503 2430 528 2463 τι
550 2400 693 2481 (Εὐμένης)
716 2408 768 2461 τῶν
789 2407 857 2461 κατὰ
873 2407 920 2471 τὰς
937 2411 1101 2484 λπομμελῖας
1123 2407 1168 2465 καὶ
1185 2411 1289 2467 διέλυσε

137 2518 185 2575 τὸν
207 2519 334 2592 πόλεμον,
367 2515 404 2581 εἷς
427 2518 508 2573 καλὸν
530 2517 546 2586 ἡ
569 2516 655 2580 δόσιςΙ
689 2513 712 2569 εἰ
740 2514 769 2570 δὲ
797 2515 892 2584 ταύτης
920 2515 1076 2591 διεψεύσθη
1108 2519 1153 2587 τῆς
1181 2519 1289 2584 ἐλπίδος

137 2620 223 2703 (alli
246 2620 466 2703 deceptus),
487 2629 524 2690 εἴς
545 2646 577 2702 γε
599 2625 646 2694 τὴν
668 2624 737 2698 πρὸς
758 2622 906 2696 Ῥωμαίους
930 2623 1039 2700 ἔχθραν
1067 2625 1289 2703 ὁμολογουμένως

131 2735 292 2806 ἀναφανδὸν
321 2728 397 2808 (scr.
426 2735 646 2809 ὁμολογουμένως
669 2734 702 2787 ἂν
724 2724 819 2806 αὐτὸν)
842 2733 1000 2806 ἐμβεβλήκει.
1045 2727 1088 2791 Ei
1120 2727 1182 2794 hoc
1216 2731 1287 2812 qul·

137 2837 211 2902 dem
235 2837 390 2901 Gronovii
413 2837 581 2900 inventum
604 2842 668 2913 est,
702 2834 736 2897 in
765 2854 829 2916 quo
853 2855 954 2898 unum
977 2835 1142 2901 tantula
1163 2845 1289 2903 certum

135 2966 200 3009 non
224 2950 291 3024 est;
324 2966 400 3008 nam
433 2950 546 3027 potest
579 2943 677 3007 etiam
705 2942 809 3007 latere
844 2941 943 3007 data
971 2941 1157 3025 (pecunia
1180 2944 1288 3028 data)

130 3059 195 3117 aut
217 3052 321 3117 simile
349 3052 569 3135 participium.
614 3049 741 3116 Deinde
776 3072 793 3114 e
828 3051 950 3115 codicis
985 3052 1163 3135 scriptura:
1197 3052 1287 3117 sed·

135 3161 380 3244 tamtegenti
414 3166 504 3225 recte
538 3159 745 3243 Kreyssigius
779 3164 872 3223 ante
906 3158 972 3239 (cui
1013 3160 1207 3242 respondet:
1248 3169 1287 3226 et

134 3275 217 3333 tum
241 3268 462 3350 Gallorum)
487 3271 587 3347 eruit,
612 3268 670 3333 sed
699 3270 775 3332 iam
797 3268 904 3331 minus
926 3275 1015 3333 recte
1039 3267 1182 3348 addidit;
1216 3289 1286 3334 rec·

133 3377 202 3441 tius
224 3376 406 3443 Bekkerus:
431 3378 500 3442 sed
523 3385 562 3442 et
585 3385 680 3442 ante
698 3375 837 3441 Gentii
856 3411 899 3420 -
917 3382 956 3440 et
973 3383 1055 3441 tum
1074 3374 1286 3443 Gallorum

203 3599 232 3652 in
249 3601 412 3653 memoriam
430 3608 544 3654 revocat
562 3604 683 3668 spretam
702 3597 906 3652 incredibiliter
929 3597 959 3651 in
981 3597 1123 3652 Ciceronis
1147 3599 1224 3653 Brut.
1244 3601 1285 3666 20,

202 3684 413 3740 refacillima
431 3686 672 3753 certissimamque
685 3683 806 3738 Manutii
824 3682 1057 3749 emendationem,
1076 3700 1110 3737 ex
1129 3684 1287 3754 eloquen-

203 3773 413 3826 temmalium
431 3771 559 3826 facientis
579 3770 801 3839 eloquentem
820 3768 936 3835 aiunt,
960 3774 989 3821 et
1005 3774 1147 3824 retentum
1164 3769 1285 3824 fulcrum

203 3856 238 3909 ab
255 3857 460 3928 interpolatore
478 3856 608 3911 additum
627 3855 758 3909 dicunt.
794 3853 912 3922 Polybio
931 3854 1028 3908 Livius
1047 3854 1075 3909 in
1094 3855 1194 3910 eodem
1212 3856 1285 3922 loco,

201 3941 276 3996 unde
294 3943 406 3997 adiutus
426 3949 482 4010 est,
507 3944 636 4012 exignum
657 3940 759 3994 reddet
783 3939 880 3992 anxilii
898 3938 1027 4008 gratiam.
1062 3937 1133 3994 Nam
1152 3941 1285 4009 quodibi

202 4025 318 4094 legitur:
346 4034 401 4084 tel
420 4032 526 4103 Πιρσιὺς
544 4038 636 4094 durno
654 4034 707 4099 rupi
725 4035 769 4080 σᾶν
787 4028 890 4098 ὁμήρων,
909 4027 973 4078 πόσα
997 4032 1038 4079 καλ
1062 4029 1119 4079 πότε
1142 4036 1283 4093 adprecatur

202 4119 242 4164 καὶ
260 4122 306 4175 πῶς
323 4120 400 4182 δεήσει
418 4126 493 4170 τοῦτο
512 4126 636 4188 τηρεῖσθαι
655 4114 722 4185 παρὸ
745 4123 793 4172 τοῖς
816 4119 942 4177 Κνωσίοις,
961 4115 1092 4180 apparet,
1116 4120 1208 4177 curm
1230 4120 1284 4183 περὶ

201 4205 245 4248 τῶν
262 4202 353 4271 ὁμήρων
372 4202 442 4255 nihil
460 4219 527 4255 esse.
564 4198 654 4254 Scribi
678 4197 763 4251 debet
785 4199 893 4263 »instruo
917 4194 1093 4264 (festinabat,
1116 4195 1285 4251 festinanter

203 4283 320 4352 agebat).
357 4285 452 4341 Livius
478 4285 494 4355 ξ
517 4288 547 4340 8:
575 4284 614 4338 de
641 4280 823 4336 obsidibus
848 4279 1067 4350 accipiendis
1095 4283 1168 4336 sine
1196 4281 1284 4335 dila·

196 4366 296 4424 tione
314 4375 447 4442 agebat.

84 4600 92 4615 Ι

89 4660 123 4685 ιΙἸ,
150 4674 154 4691 Ι
232 4650 239 4657 .

100 4690 146 4707 ,Ρι-

83 4700 211 4810 fi
265 4744 274 4757 ·
