2994 5108
637 116 698 175 565
1102 129 1164 182 Lib.
1183 128 1241 183 XL.

85 298 280 376 nominis,
313 297 424 377 mihi,
463 297 682 377 Antiocho,
727 298 905 364 cuilibet
943 320 1081 383 regum
1120 299 1242 366 huius

85 406 233 484 atatis,
254 403 372 470 nulla
392 426 434 470 re
456 407 582 487 magis
605 426 723 489 quam
744 405 934 472 fraterna
954 408 1242 487 unanimitate,

86 531 257 593 regnum
290 533 490 598 aequasse.
534 513 602 578 Nec
630 513 673 577 ad
702 519 808 578 totam
839 514 999 579 orationis
1020 513 1160 579 formam
1181 534 1243 598 nec

85 618 130 684 ad
153 619 339 685 subiectam
362 620 560 705 particulam
582 627 627 685 ut
649 620 725 686 ullis
748 619 909 685 machinis
926 621 1166 686 accommodari
1185 608 1243 706 po·

85 733 155 792 test
177 728 424 794 exclamationis
454 729 512 793 illa
546 735 579 793 et
601 729 831 793 admirationis
853 728 973 811 figura,
1003 749 1076 811 qua
1098 750 1163 793 una
1185 729 1243 794 ad·

88 834 200 900 hiberi
222 836 333 917 aliquo
355 837 452 901 modo
476 836 607 900 videtur
628 857 725 919 posse
756 836 799 900 ad
829 857 945 918 quam
979 843 1056 901 ante
1079 838 1243 919 exiguis

83 942 211 1008 rebus
234 943 484 1026 expediendum.
529 944 662 1027 Itaque,
697 944 759 1008 etsi
789 946 891 1008 mirus
915 965 1007 1008 error
1035 951 1101 1021 est,
1129 950 1241 1009 tamen
1258 958 1329 1029 (460)

87 1072 157 1116 non
180 1051 295 1116 dubito
318 1051 479 1116 scribere:
503 1051 552 1116 ab
575 1059 658 1117 tam
681 1052 845 1132 exiguis
868 1052 994 1116 rebus.

173 1156 253 1242 Cap.
278 1162 350 1235 9,8
381 1158 428 1239 (in
461 1159 572 1223 Persei
588 1149 592 1155 ’
606 1161 773 1236 oratione,
808 1179 874 1240 qua
906 1159 1042 1223 fratrem
1076 1162 1242 1242 accusat):

68 1266 250 1344 Trater,
280 1288 357 1331 non
386 1268 703 1331 comissantium
738 1268 777 1330 in
800 1267 926 1330 vicem
948 1268 1024 1330 iam
1048 1266 1119 1330 diu
1142 1269 1243 1332 vivi·

81 1393 169 1440 mus
191 1374 299 1438 inter
321 1395 403 1439 nos.
449 1374 620 1439 Sententia
643 1395 716 1458 quae
741 1393 813 1439 esse
836 1373 972 1450 debeat,
996 1381 1145 1458 apparet.
1179 1375 1243 1440 Ne-

75 1489 142 1566 gat
164 1483 251 1547 enim
273 1481 430 1558 Perseus,
463 1483 512 1547 ita
540 1482 686 1546 iamdiu
718 1503 752 1546 se
781 1487 814 1545 et
836 1480 1038 1544 Demetrium
1060 1481 1183 1560 virere,
1207 1488 1244 1546 ut

83 1590 179 1657 credi
209 1590 330 1674 possit,
365 1590 435 1653 sine
465 1590 534 1654 ullo
564 1588 758 1655 insidiarum
786 1589 923 1654 consilio
953 1588 1087 1652 iuvenili
1109 1590 1244 1654 lascivia

70 1698 288 1766 Demetrium
312 1702 346 1760 et
368 1698 438 1766 eins
462 1699 596 1762 comites
620 1696 664 1760 ad
686 1718 720 1761 se
744 1697 954 1762 comissatum
979 1698 1055 1761 isse.
1101 1696 1164 1762 Sed
1187 1718 1244 1763 ne·

68 1826 149 1891 qne
172 1803 244 1869 hac
267 1805 433 1869 sententia
455 1825 560 1886 neque
585 1804 651 1869 alia
673 1804 745 1869 loco
769 1810 848 1888 apta
870 1805 926 1885 qui
948 1805 1051 1887 possit
1074 1826 1113 1868 ex
1135 1805 1243 1870 verbis

60 1912 188 1991 effici,
222 1918 282 1976 aut
315 1910 396 1994 quid
429 1913 472 1976 sit
500 1913 631 1976 omnino
662 1911 782 1976 Latino
816 1911 971 1993 loquendi
1005 1933 1067 1976 usu
1096 1913 1243 1977 comis·

61 2020 273 2088 santium
306 2019 347 2082 in
381 2020 510 2083 vicem
538 2021 688 2095 vivere,
724 2018 895 2102 intellego,
927 2039 1124 2102 quamquam
1147 2041 1243 2084 nemo

60 2126 186 2195 verbo
220 2126 254 2191 id
288 2125 523 2190 declarandum
557 2128 701 2210 putavit3
736 2127 819 2191 adeo
852 2126 1003 2192 omnibus
1032 2125 1103 2190 haec
1132 2125 1244 2192 facilia

56 2236 157 2303 visa
180 2241 258 2299 sunt
281 2240 428 2298 autnon
451 2233 665 2299 attenderunt
688 2240 746 2298 aut
770 2234 863 2311 adeo,
888 2233 967 2317 quid
991 2240 1078 2299 esset
1101 2235 1243 2314 obscuri,

55 2348 201 2429 aperte
224 2341 321 2405 fateri
342 2341 527 2405 noluerunt.
572 2340 653 2404 Mihi
678 2343 1027 2406 commissantium
1055 2343 1242 2407 invicem

57 2450 228 2516 vivere
263 2449 392 2513 videtur
425 2470 496 2513 esse
532 2450 777 2514 comissantium
801 2448 874 2514 loco
903 2450 1027 2526 vivere,
1062 2470 1175 2514 eorum
1197 2452 1242 2514 vi-

54 2555 182 2624 vendi
205 2557 357 2639 partibus
381 2563 414 2620 et
436 2557 506 2620 vice
529 2555 631 2638 iungi,
667 2555 731 2620 Sed
748 2555 907 2638 fingamus
931 2557 1243 2621 comissantium

58 2666 119 2732 in
143 2665 276 2728 vicem
299 2663 412 2728 eodem
435 2663 532 2728 modo
556 2665 637 2739 dici,
669 2684 735 2745 quo
763 2663 854 2746 apud
877 2663 1067 2728 Ciceronem
1096 2662 1243 2728 Sarda·

70 2770 234 2856 mapali
256 2771 380 2835 vicem
402 2771 442 2835 in
471 2770 627 2836 lectulo
656 2773 772 2849 mori,
797 2770 885 2855 apud
909 2770 1101 2835 Sallustium
1123 2791 1242 2854 peco-

67 2900 171 2946 rum
194 2879 321 2942 vicem
345 2878 604 2955 obtruncari,
629 2878 719 2961 apud
742 2879 824 2942 alios
845 2877 909 2942 alia
928 2878 984 2958 (-·
1005 2878 1094 2962 apud
1116 2879 1244 2943 Livium

77 2987 169 3053 nihil
191 2985 380 3051 huiusmodi
403 2992 453 3050 est
475 2985 540 3066 —)‚
564 2985 625 3049 hoc
649 2992 713 3062 est,
743 2992 948 3070 tamquam
972 2986 1243 3051 comissantes

84 3093 201 3180 (quasi
234 3114 294 3177 pro
329 3113 385 3170 eo,
419 3091 506 3173 quod
540 3100 603 3156 est:
636 3092 855 3158 sollicitus
882 3094 1011 3158 vicem
1046 3093 1241 3172 alicuius,

87 3202 190 3284 possit
212 3201 312 3265 etiam
336 3200 414 3263 dici:
451 3199 665 3264 sollicitus
699 3202 741 3265 in
775 3202 902 3264 vicem
930 3200 1043 3281 alic),
1073 3201 1151 3284 quid
1181 3202 1243 3266 hoc

89 3316 147 3383 ost,
169 3306 292 3372 fratres
313 3309 380 3371 iam
403 3305 458 3371 diu
486 3328 552 3375 non
582 3309 689 3372 vivere
722 3315 925 3389 tamquam
950 3309 1242 3374 comissantes?

91 3412 242 3481 Solentne
264 3416 368 3498 igitur
391 3421 447 3480 ant
470 3414 592 3480 debent
614 3415 691 3479 boni
722 3422 755 3479 et
778 3415 954 3480 concordes
982 3415 1104 3481 fratres
1127 3418 1242 3481 comis-

89 3522 231 3590 antium
253 3521 350 3587 modo
373 3523 495 3599 vivere,
526 3522 587 3587 hoc
616 3530 681 3601 est,
712 3524 842 3607 opinor,
870 3525 904 3588 iu
926 3530 1087 3607 perpetua
1108 3523 1244 3588 lascivia

88 3636 121 3696 et
141 3630 352 3715 petulantia?
391 3629 500 3712 Longe
524 3629 615 3694 aliud
638 3636 698 3708 est,
722 3630 856 3696 iuvenes
880 3633 1126 3696 comissantium
1144 3631 1242 3695 modo

84 3738 211 3817 vivere,
240 3736 347 3815 aliud,
376 3738 425 3801 ita
447 3739 534 3800 inter
563 3758 598 3802 se
627 3739 731 3803 amice
754 3738 1014 3822 simpliciterque
1039 3745 1071 3803 et
1094 3738 1164 3802 sine
1188 3760 1241 3802 su·

85 3844 235 3931 spicione
260 3845 375 3922 vivere,
393 3851 431 3909 ut
449 3847 549 3909 etiam
574 3847 785 3910 comissatum
807 3846 971 3911 interdum
994 3852 1072 3911 eant
1094 3844 1177 3909 alter
1199 3844 1242 3909 ad

80 3952 245 4029 alterum,
267 3951 459 4035 vicibusque
491 3952 555 4018 hoc
584 3949 724 4031 faciant,
753 3952 816 4018 hoc
843 3942 902 4031 est,
926 3955 966 4018 in
988 3954 1124 4017 vicem.
1169 3953 1241 4017 Hoc
