3000 5116
728 462 791 523 448

182 670 246 713 000
271 648 438 712 adnotatae
461 652 539 710 sunt
562 644 602 726 (c.
627 649 661 725 2,
691 650 724 724 2,
755 665 782 709 c.
806 651 836 724 4,
867 649 921 723 18,
950 665 977 708 c.
1001 650 1031 722 6,
1060 649 1089 723 7,
1119 645 1178 710 ubi
1201 646 1339 729 vestigio

182 758 249 822 veri
272 763 391 833 servat,
421 775 448 819 c.
474 759 522 834 11,
545 760 574 833 4,
605 775 631 818 0.
658 758 707 831 13,
731 759 760 832 7,
790 774 816 818 0.
841 757 890 833 19,
913 753 957 836 8).
1013 754 1051 818 10
1078 754 1217 839 reliquis
1245 754 1339 821 libris

183 866 282 951 paulo
309 864 450 928 fortasse
480 861 554 946 plus
577 861 661 926 labis
685 863 830 945 suscepit
852 861 899 943 (iu
922 884 988 947 quo
1011 862 1339 928 animadvertendum

184 982 243 1053 est,
271 973 411 1056 primum
434 971 468 1034 in
490 970 565 1034 libri
588 969 735 1047 XXXIV,
758 974 809 1048 62,
840 970 958 1035 deiude
980 971 1014 1034 in
1035 968 1122 1035 libro
1144 969 1277 1051 XXXV,
1300 974 1339 1036 33
1384 985 1385 989 ’

183 1081 305 1146 1001011
326 1079 455 1143 librarii
477 1099 621 1156 menum,
645 1079 830 1161 posteriore
852 1079 924 1144 loco
948 1079 1046 1143 etium
1070 1078 1224 1144 nonnihil
1245 1099 1341 1144 vocs·

183 1189 262 1254 1010
291 1185 455 1252 scribendi
484 1185 660 1265 rationem)
690 1187 855 1269 pauloque
884 1188 991 1251 rarius
1014 1186 1274 1270 exsplendescit,
1306 1188 1340 1252 in

183 1317 370 1361 universum
405 1300 514 1357 tamen
548 1292 656 1357 locum
691 1301 804 1358 tuetur
837 1294 883 1376 (iu
918 1295 1070 1373 extremi,
1104 1316 1203 1378 quem
1230 1294 1358 1373 hebet,

183 1403 260 1468 libri
278 1401 450 1466 XXXVIII
467 1402 581 1485 primis
605 1402 720 1483 viginti
745 1402 907 1487 capitibus
930 1408 981 1466 ter
1002 1403 1091 1467 solus
1109 1424 1220 1468 veram
1238 1404 1341 1488 scrip·

183 1517 293 1576 turem
323 1509 461 1593 praebet,
494 1514 547 1588 13,
576 1511 655 1573 lvi
684 1511 812 1594 cepit,
842 1516 1021 1593 captum,
1056 1510 1147 1594 quod
1169 1509 1341 1577 Beklrerus

184 1619 343 1694 restituit,
370 1623 418 1696 16,
444 1622 461 1681 3
485 1618 723 1699 vectigales,
748 1638 774 1682 c.
801 1621 849 1697 17,
875 1622 893 1681 5
916 1617 1104 1700 adsueti).

271 1725 322 1789 Ad
351 1724 500 1789 codicum
529 1727 631 1806 igitur
653 1726 837 1807 bloguntiui
861 1725 921 1807 (Μ)
952 1731 985 1790 01
1008 1725 1263 1808 Bembergeusis
1285 1724 1340 1808 (Β)

185 1834 282 1898 fidem
313 1832 447 1914 (quibus
477 1839 589 1897 tamen
613 1834 797 1898 coniunctis
820 1839 948 1898 tantum
972 1855 993 1897 0
1014 1833 1101 1898 libro
1124 1833 1279 1913 XXXIII,
1304 1836 1342 1897 17

186 1941 228 2006 ad
251 1939 431 2019 XXXVIII,
460 1945 501 2004 46
525 1940 662 2021 0111001)
694 1940 865 2022 dirigende
894 1948 944 2005 est
965 1939 1083 2005 horum
1106 1940 1222 2006 decem
1245 1941 1342 2007 libro-

186 2071 258 2113 rum
288 2048 488 2125 emendatio,
524 2055 635 2131 spreto
664 2048 848 2129 vulgarium
878 2049 969 2112 10001
992 2068 1172 2128 consensu,
1206 2050 1263 2132 qui
1285 2046 1343 2115 011·

187 2157 315 2239 quoties
340 2157 553 2234 Gronovium,
588 2177 687 2237 quum
719 2156 808 2221 solos
831 2154 928 2220 huius
951 2157 1080 2238 generis
1104 2156 1236 2222 codices
1258 2164 1343 2222 truc·

185 2271 291 2329 100001
319 2264 458 2328 necdum
482 2263 757 2347 Bambergensem
788 2270 916 2341 nosset,
950 2263 993 2328 ad
1023 2265 1231 2330 coniecturas
1260 2263 1343 2330 diffi-

187 2372 267 2436 ciles
291 2371 467 2437 tentandas
491 2371 637 2454 impulit,
666 2371 721 2435 ubi
746 2371 901 2436 Gelenius
923 2393 1003 2436 rere
1026 2393 1043 2436 e
1067 2370 1266 2455 Mogontino
1287 2393 1343 2457 po

187 2487 314 2558 suerat,
356 2481 519 2562 torsitque
559 2480 659 2544 etium
693 2500 799 2562 nuper
831 2479 997 2544 interdum
1030 2479 1343 2560 Weissenbornium,

188 2609 321 2652 eausam
352 2609 499 2651 errorum
529 2589 562 2650 in
591 2587 782 2670 vulgaribus
805 2587 903 2652 nimis
927 2607 1037 2652 severe
1061 2588 1291 2670 exquirentem
1312 2594 1344 2654 01

101 2709 172 2778 (366)
191 2696 446 2772 desiderantem,
480 2717 552 2776 quae
581 2717 680 2776 quem
711 2716 798 2779 saepe
826 2695 906 2760 levis
933 2715 972 2759 00
994 2693 1100 2760 futilis
1123 2696 1156 2760 in
1180 2695 1342 2761 facillimis

187 2805 285 2869 rebus
308 2826 341 2868 se
366 2803 539 2881 obtulerit,
575 2804 655 2866 setis
679 2803 868 2868 ostenditur
890 2824 955 2868 uno
979 2802 1036 2867 illo
1061 2803 1223 2887 exemplo,
1258 2802 1342 2889 quod

188 2913 407 2996 supraposui
432 2933 470 2975 ex
495 2910 646 2988 XXXIV,
678 2916 734 2988 57,
763 2915 797 2988 8,
828 2912 880 2975 cui
904 2911 972 2976 0110
994 2911 1117 2976 addere
1139 2910 1240 2977 facile
1264 2920 1340 2978 eret.

188 3022 295 3103 Atque
324 3042 398 3085 eum
423 3040 566 3082 errorem
591 3019 757 3083 interdum
781 3020 880 3082 etiam
905 3019 946 3083 od
970 3018 1249 3102 Bembergensem
1273 3042 1342 3105 per·

187 3131 292 3194 tinere
317 3126 459 3205 ostendi,
489 3132 526 3190 ut
554 3149 594 3190 ue
623 3127 652 3190 is
677 3127 808 3207 quidem
832 3147 852 3189 0
874 3132 966 3190 10010
989 3132 1022 3190 01
1044 3126 1186 3210 simplici
1210 3127 1341 3211 Mogun·

188 3237 249 3300 tini
274 3237 439 3319 scriptura
463 3241 495 3298 et
519 3234 560 3296 ad
584 3256 651 3297 rem
676 3235 923 3315 orationemque
947 3239 1028 3316 epte
1045 3255 1106 3298 nec
1125 3235 1229 3300 ullam
1247 3238 1341 3302 inter-

188 3343 366 3424 polotionis
394 3350 504 3406 001010
528 3342 716 3405 continente
739 3340 836 3423 longe
860 3347 893 3404 01
915 3342 996 3406 mire
1020 3341 1195 3408 discedens
1219 3364 1342 3428 semper

190 3449 363 3513 dubitandi
394 3454 527 3512 causam
556 3449 687 3512 habeat.
739 3447 891 3513 Ceterum
905 3449 1019 3513 libera
1041 3449 1244 3535 relinquitur
1265 3452 1341 3516 utri·

85 3590 91 3602 ·
190 3579 294 3640 usque
325 3558 542 3638 comparatio,
577 3558 749 3621 sententiae
780 3556 1006 3638 orationisque
1035 3559 1212 3624 momentis
1242 3567 1276 3624 et
1297 3579 1343 3624 er·

188 3664 284 3728 randi
332 3662 565 3746 probabilitate
613 3664 800 3728 iudicanda.
866 3663 1009 3729 Tantum
1049 3665 1138 3746 quod
1179 3666 1341 3732 Weissen-

188 3772 324 3836 bornins
348 3770 447 3835 semel
473 3778 506 3834 et
529 3772 649 3835 iterum
673 3772 777 3853 (velut
799 3772 841 3836 ad
865 3771 1036 3852 XXXVII,
1066 3776 1115 3851 39,
1148 3771 1203 3856 ll)
1227 3774 1343 3840 bonum

188 3879 372 3963 lloguntini
396 3880 611 3963 scripturam,
641 3901 661 3943 0
684 3902 749 3963 qua
772 3881 852 3944 mire
876 3878 1034 3944 aberrant
1056 3878 1210 3963 vulgares
1234 3881 1342 3964 (iuter-

190 3986 284 4065 dum,
318 3995 356 4051 ut
390 3987 422 4050 in
459 3987 516 4050 illo
545 3987 616 4069 ipso
647 3987 724 4051 libri
753 3987 906 4051 XXXVII
936 3988 1023 4064 loco,
1059 3988 1160 4053 011010
1189 3988 1344 4054 Bamber·

189 4094 327 4175 gensis),
367 4094 426 4157 viri
462 4093 549 4157 docti
584 4095 774 4159 coniectura
807 4101 840 4158 et
870 4096 1072 4160 correctione
1102 4103 1217 4161 notem
1241 4102 1343 4181 putet,

188 4201 367 4266 tenendum
391 4208 457 4279 est,
487 4200 568 4265 nihil
593 4203 723 4267 omnino
747 4204 883 4281 antiis,
914 4203 954 4268 de
977 4203 1098 4286 quibus
1120 4204 1244 4286 egitur,
1266 4204 1345 4270 locis

190 4307 343 4373 001011ἰο
366 4309 398 4372 in
417 4296 610 4391 Moguntino
634 4312 782 4394 reperiri,
806 4311 894 4394 quod
916 4310 985 4376 ullo
1008 4310 1107 4376 modo
1130 4310 1346 4378 coniectando

42 4528 212 4792 *x
