<?xml version="1.0" encoding="UTF-8"?>
<!DOCTYPE html PUBLIC "-//W3C//DTD XHTML 1.0 Transitional//EN"
    "http://www.w3.org/TR/xhtml1/DTD/xhtml1-transitional.dtd">
<html xmlns="http://www.w3.org/1999/xhtml" xml:lang="en" lang="en">
 <head>
  <title>
</title>
<meta http-equiv="Content-Type" content="text/html;charset=utf-8" />
  <meta name='ocr-system' content='tesseract 3.04.00' />
  <meta name='ocr-capabilities' content='ocr_page ocr_carea ocr_par ocr_line ocrx_word'/>
</head>
<body>
  <div class='ocr_page' id='page_1' title='image "./emendationesliv00madvgoog_0230.png"; bbox 0 0 2994 5108; ppageno 0'>
   <div class='ocr_carea' id='block_1_1' title="bbox 705 477 1314 548">
    <p class='ocr_par' dir='ltr' id='par_1_1' title="bbox 705 477 1314 548">
     <span class='ocr_line' id='line_1_1' title="bbox 705 477 1314 548; baseline 0 -1"><span class='ocrx_word' id='word_1_1' title='bbox 705 477 764 536; x_wconf 73' lang='lat'>221</span> <span class='ocrx_word' id='word_1_2' title='bbox 1200 494 1263 548; x_wconf 70' lang='lat' dir='ltr'>nia.</span> <span class='ocrx_word' id='word_1_3' title='bbox 1281 494 1314 547; x_wconf 86' lang='lat' dir='ltr'>x.</span> 
     </span>
    </p>
   </div>
   <div class='ocr_carea' id='block_1_2' title="bbox 156 661 1315 958">
    <p class='ocr_par' dir='ltr' id='par_1_2' title="bbox 156 661 1315 958">
     <span class='ocr_line' id='line_1_2' title="bbox 156 661 1314 750; baseline 0.005 -25"><span class='ocrx_word' id='word_1_4' title='bbox 156 662 425 740; x_wconf 77' lang='lat' dir='ltr'>memoriane,</span> <span class='ocrx_word' id='word_1_5' title='bbox 458 661 547 743; x_wconf 92' lang='lat' dir='ltr'>quod</span> <span class='ocrx_word' id='word_1_6' title='bbox 577 661 618 726; x_wconf 94' lang='lat' dir='ltr'>ob</span> <span class='ocrx_word' id='word_1_7' title='bbox 649 662 829 728; x_wconf 89' lang='lat' dir='ltr'>defuerit</span> <span class='ocrx_word' id='word_1_8' title='bbox 857 663 1016 744; x_wconf 84' lang='lat' dir='ltr'>(nondum</span> <span class='ocrx_word' id='word_1_9' title='bbox 1045 666 1152 747; x_wconf 88' lang='lat' dir='ltr'>ipsum</span> <span class='ocrx_word' id='word_1_10' title='bbox 1182 687 1314 750; x_wconf 88' lang='lat' dir='ltr'>corrup-</span> 
     </span>
     <span class='ocr_line' id='line_1_3' title="bbox 156 769 1315 855; baseline 0.003 -21"><span class='ocrx_word' id='word_1_11' title='bbox 156 769 240 850; x_wconf 90' lang='lat' dir='ltr'>tum)</span> <span class='ocrx_word' id='word_1_12' title='bbox 281 776 391 834; x_wconf 86' lang='lat' dir='ltr'>ortum</span> <span class='ocrx_word' id='word_1_13' title='bbox 429 769 531 834; x_wconf 71' lang='lat' dir='ltr'>rideri</span> <span class='ocrx_word' id='word_1_14' title='bbox 566 776 687 853; x_wconf 90' lang='lat' dir='ltr'>potest.</span> <span class='ocrx_word' id='word_1_15' title='bbox 750 771 882 855; x_wconf 80' lang='lat' dir='ltr'>Alioqui</span> <span class='ocrx_word' id='word_1_16' title='bbox 916 772 1048 855; x_wconf 87' lang='lat' dir='ltr'>placere</span> <span class='ocrx_word' id='word_1_17' title='bbox 1082 780 1216 855; x_wconf 84' lang='lat' dir='ltr'>poterat</span> <span class='ocrx_word' id='word_1_18' title='bbox 1250 775 1315 839; x_wconf 89' lang='lat' dir='ltr'>de·</span> 
     </span>
     <span class='ocr_line' id='line_1_4' title="bbox 157 877 351 958; baseline 0.015 -17"><span class='ocrx_word' id='word_1_19' title='bbox 157 877 351 958; x_wconf 88' lang='lat' dir='ltr'>fecerit.¹)</span> 
     </span>
    </p>
   </div>
   <div class='ocr_carea' id='block_1_3' title="bbox 645 1071 1401 1169">
    <p class='ocr_par' dir='ltr' id='par_1_3' title="bbox 645 1071 1401 1169">
     <span class='ocr_line' id='line_1_5' title="bbox 645 1071 1401 1169; baseline 0.005 -17"><span class='ocrx_word' id='word_1_20' title='bbox 645 1071 737 1153; x_wconf 89' lang='lat' dir='ltr'><strong>Lib.</strong></span> <span class='ocrx_word' id='word_1_21' title='bbox 770 1073 823 1154; x_wconf 92' lang='lat' dir='ltr'>X.</span> <span class='ocrx_word' id='word_1_22' title='bbox 1331 1103 1401 1169; x_wconf 77' lang='lat' dir='ltr'>(rae)</span> 
     </span>
    </p>
   </div>
   <div class='ocr_carea' id='block_1_4' title="bbox 154 1201 1319 3449">
    <p class='ocr_par' dir='ltr' id='par_1_4' title="bbox 155 1201 1316 1827">
     <span class='ocr_line' id='line_1_6' title="bbox 245 1201 1316 1289; baseline 0.004 -23"><span class='ocrx_word' id='word_1_23' title='bbox 245 1201 325 1285; x_wconf 87' lang='lat' dir='ltr'>Cap.</span> <span class='ocrx_word' id='word_1_24' title='bbox 353 1207 386 1282; x_wconf 92' lang='lat' dir='ltr'>l,</span> <span class='ocrx_word' id='word_1_25' title='bbox 415 1208 449 1267; x_wconf 88' lang='lat'>5:</span> <span class='ocrx_word' id='word_1_26' title='bbox 484 1204 526 1268; x_wconf 89' lang='lat' dir='ltr'>ln</span> <span class='ocrx_word' id='word_1_27' title='bbox 561 1225 644 1268; x_wconf 88' lang='lat' dir='ltr'>eam</span> <span class='ocrx_word' id='word_1_28' title='bbox 680 1205 914 1288; x_wconf 88' lang='lat' dir='ltr'>speluncam</span> <span class='ocrx_word' id='word_1_29' title='bbox 942 1212 1201 1289; x_wconf 88' lang='lat' dir='ltr'>penetratum</span> <span class='ocrx_word' id='word_1_30' title='bbox 1232 1228 1316 1270; x_wconf 84' lang='lat' dir='ltr'>cuni</span> 
     </span>
     <span class='ocr_line' id='line_1_7' title="bbox 158 1312 1316 1394; baseline 0.002 -18"><span class='ocrx_word' id='word_1_31' title='bbox 158 1312 292 1394; x_wconf 85' lang='lat' dir='ltr'>signis</span> <span class='ocrx_word' id='word_1_32' title='bbox 326 1317 398 1390; x_wconf 89' lang='lat' dir='ltr'>est,</span> <span class='ocrx_word' id='word_1_33' title='bbox 434 1318 473 1376; x_wconf 89' lang='lat' dir='ltr'>et</span> <span class='ocrx_word' id='word_1_34' title='bbox 511 1333 556 1376; x_wconf 83' lang='lat' dir='ltr'>ex</span> <span class='ocrx_word' id='word_1_35' title='bbox 591 1333 635 1377; x_wconf 89' lang='lat' dir='ltr'>eo</span> <span class='ocrx_word' id='word_1_36' title='bbox 669 1312 761 1378; x_wconf 90' lang='lat' dir='ltr'>loco</span> <span class='ocrx_word' id='word_1_37' title='bbox 800 1314 975 1380; x_wconf 86' lang='lat' dir='ltr'>obscuro</span> <span class='ocrx_word' id='word_1_38' title='bbox 997 1315 1125 1378; x_wconf 91' lang='lat' dir='ltr'>multa</span> <span class='ocrx_word' id='word_1_39' title='bbox 1146 1315 1316 1380; x_wconf 86' lang='lat' dir='ltr'>vulnera</span> 
     </span>
     <span class='ocr_line' id='line_1_8' title="bbox 159 1420 1316 1506; baseline 0.003 -23"><span class='ocrx_word' id='word_1_40' title='bbox 159 1427 338 1503; x_wconf 87' lang='lat' dir='ltr'>accepta.</span> <span class='ocrx_word' id='word_1_41' title='bbox 395 1420 495 1485; x_wconf 88' lang='lat' dir='ltr'>Recte</span> <span class='ocrx_word' id='word_1_42' title='bbox 529 1421 620 1503; x_wconf 90' lang='lat' dir='ltr'>prius</span> <span class='ocrx_word' id='word_1_43' title='bbox 654 1443 835 1504; x_wconf 75' lang='lat' dir='ltr'>pronomen</span> <span class='ocrx_word' id='word_1_44' title='bbox 870 1421 1005 1486; x_wconf 84' lang='lat' dir='ltr'><strong>additur</strong></span> <span class='ocrx_word' id='word_1_45' title='bbox 1037 1422 1227 1506; x_wconf 82' lang='lat' dir='ltr'>speluncam</span> <span class='ocrx_word' id='word_1_46' title='bbox 1261 1423 1316 1487; x_wconf 90' lang='lat' dir='ltr'>de·</span> 
     </span>
     <span class='ocr_line' id='line_1_9' title="bbox 155 1528 1316 1612; baseline 0.005 -22"><span class='ocrx_word' id='word_1_47' title='bbox 155 1534 358 1606; x_wconf 88' lang='lat' dir='ltr'>monstrans,</span> <span class='ocrx_word' id='word_1_48' title='bbox 387 1528 581 1611; x_wconf 85' lang='lat' dir='ltr'>pravissime</span> <span class='ocrx_word' id='word_1_49' title='bbox 604 1529 762 1605; x_wconf 91' lang='lat' dir='ltr'>alterum,</span> <span class='ocrx_word' id='word_1_50' title='bbox 791 1529 847 1593; x_wconf 91' lang='lat' dir='ltr'>ubi</span> <span class='ocrx_word' id='word_1_51' title='bbox 870 1529 984 1596; x_wconf 89' lang='lat' dir='ltr'>addito</span> <span class='ocrx_word' id='word_1_52' title='bbox 1008 1530 1179 1608; x_wconf 70' lang='lat' dir='ltr'>adiectiso,</span> <span class='ocrx_word' id='word_1_53' title='bbox 1208 1532 1316 1612; x_wconf 85' lang='lat' dir='ltr'>qualis</span> 
     </span>
     <span class='ocr_line' id='line_1_10' title="bbox 157 1632 1316 1722; baseline 0.003 -23"><span class='ocrx_word' id='word_1_54' title='bbox 157 1632 315 1718; x_wconf 86' lang='lat' dir='ltr'>spelunca</span> <span class='ocrx_word' id='word_1_55' title='bbox 336 1633 446 1716; x_wconf 81' lang='lat' dir='ltr'>fuerit,</span> <span class='ocrx_word' id='word_1_56' title='bbox 471 1636 601 1700; x_wconf 89' lang='lat' dir='ltr'>dicitur.</span> <span class='ocrx_word' id='word_1_57' title='bbox 652 1637 690 1701; x_wconf 90' lang='lat' dir='ltr'>ld</span> <span class='ocrx_word' id='word_1_58' title='bbox 720 1643 779 1701; x_wconf 90' lang='lat' dir='ltr'>aut</span> <span class='ocrx_word' id='word_1_59' title='bbox 809 1660 848 1701; x_wconf 86' lang='lat' dir='ltr'>ex</span> <span class='ocrx_word' id='word_1_60' title='bbox 871 1639 1105 1722; x_wconf 87' lang='lat' dir='ltr'>praepositione</span> <span class='ocrx_word' id='word_1_61' title='bbox 1129 1645 1244 1703; x_wconf 90' lang='lat' dir='ltr'>natum</span> <span class='ocrx_word' id='word_1_62' title='bbox 1267 1647 1316 1703; x_wconf 80' lang='lat' dir='ltr'>est</span> 
     </span>
     <span class='ocr_line' id='line_1_11' title="bbox 155 1745 854 1827; baseline 0.004 -21"><span class='ocrx_word' id='word_1_63' title='bbox 155 1748 217 1807; x_wconf 86' lang='lat' dir='ltr'>aut</span> <span class='ocrx_word' id='word_1_64' title='bbox 238 1749 377 1827; x_wconf 84' lang='lat' dir='ltr'>propter</span> <span class='ocrx_word' id='word_1_65' title='bbox 398 1765 483 1809; x_wconf 90' lang='lat' dir='ltr'>eam</span> <span class='ocrx_word' id='word_1_66' title='bbox 505 1745 683 1809; x_wconf 90' lang='lat' dir='ltr'>adiectum.</span> <span class='ocrx_word' id='word_1_67' title='bbox 731 1745 854 1827; x_wconf 77' lang='lat'>(1861.)</span> 
     </span>
    </p>

    <p class='ocr_par' dir='ltr' id='par_1_5' title="bbox 154 1849 1319 3449">
     <span class='ocr_line' id='line_1_12' title="bbox 243 1849 1316 1936; baseline 0.005 -21"><span class='ocrx_word' id='word_1_68' title='bbox 243 1849 322 1935; x_wconf 83' lang='lat' dir='ltr'>Gap.</span> <span class='ocrx_word' id='word_1_69' title='bbox 348 1856 382 1929; x_wconf 82' lang='lat'>2,</span> <span class='ocrx_word' id='word_1_70' title='bbox 413 1857 431 1916; x_wconf 85' lang='lat'>5</span> <span class='ocrx_word' id='word_1_71' title='bbox 455 1858 488 1917; x_wconf 86' lang='lat' dir='ltr'>et</span> <span class='ocrx_word' id='word_1_72' title='bbox 512 1857 531 1917; x_wconf 90' lang='grc'><strong>6</strong></span> <span class='ocrx_word' id='word_1_73' title='bbox 555 1853 610 1934; x_wconf 90' lang='lat' dir='ltr'>(de</span> <span class='ocrx_word' id='word_1_74' title='bbox 635 1851 813 1936; x_wconf 83' lang='lat' dir='ltr'>Cleonymo</span> <span class='ocrx_word' id='word_1_75' title='bbox 836 1854 1089 1919; x_wconf 88' lang='lat' dir='ltr'>Lacedaemonio</span> <span class='ocrx_word' id='word_1_76' title='bbox 1112 1876 1187 1918; x_wconf 91' lang='lat' dir='ltr'>cum</span> <span class='ocrx_word' id='word_1_77' title='bbox 1210 1855 1316 1920; x_wconf 89' lang='lat' dir='ltr'>classe</span> 
     </span>
     <span class='ocr_line' id='line_1_13' title="bbox 155 1958 1318 2046; baseline 0.003 -22"><span class='ocrx_word' id='word_1_78' title='bbox 155 1958 201 2024; x_wconf 83' lang='lat' dir='ltr'>ad</span> <span class='ocrx_word' id='word_1_79' title='bbox 233 1958 333 2024; x_wconf 85' lang='lat' dir='ltr'>litora</span> <span class='ocrx_word' id='word_1_80' title='bbox 367 1960 566 2025; x_wconf 85' lang='lat' dir='ltr'>Venetorum</span> <span class='ocrx_word' id='word_1_81' title='bbox 600 1961 766 2043; x_wconf 72' lang='lat' dir='ltr'>advectol:</span> <span class='ocrx_word' id='word_1_82' title='bbox 802 1962 1019 2046; x_wconf 80' lang='lat' dir='ltr'>Expositis</span> <span class='ocrx_word' id='word_1_83' title='bbox 1053 1962 1213 2046; x_wconf 89' lang='lat' dir='ltr'>paucis,</span> <span class='ocrx_word' id='word_1_84' title='bbox 1250 1965 1318 2044; x_wconf 91' lang='lat' dir='ltr'>qui</span> 
     </span>
     <span class='ocr_line' id='line_1_14' title="bbox 155 2066 1318 2152; baseline 0.003 -21"><span class='ocrx_word' id='word_1_85' title='bbox 155 2066 247 2132; x_wconf 89' lang='lat' dir='ltr'>loca</span> <span class='ocrx_word' id='word_1_86' title='bbox 275 2069 559 2152; x_wconf 83' lang='lat' dir='ltr'>explorarent,</span> <span class='ocrx_word' id='word_1_87' title='bbox 593 2090 714 2151; x_wconf 91' lang='lat' dir='ltr'>quum</span> <span class='ocrx_word' id='word_1_88' title='bbox 742 2071 935 2135; x_wconf 83' lang='lat' dir='ltr'>audisset</span> <span class='ocrx_word' id='word_1_89' title='bbox 963 2071 1071 2152; x_wconf 85' lang='lat' dir='ltr'>(codd.</span> <span class='ocrx_word' id='word_1_90' title='bbox 1102 2070 1318 2135; x_wconf 84' lang='lat' dir='ltr'>audissent</span> 
     </span>
     <span class='ocr_line' id='line_1_15' title="bbox 156 2174 1317 2263; baseline 0.002 -23"><span class='ocrx_word' id='word_1_91' title='bbox 156 2174 200 2240; x_wconf 93' lang='lat' dir='ltr'>ob</span> <span class='ocrx_word' id='word_1_92' title='bbox 229 2176 417 2259; x_wconf 76' lang='lat' dir='ltr'>praecedens</span> <span class='ocrx_word' id='word_1_93' title='bbox 452 2178 746 2261; x_wconf 86' lang='lat' dir='ltr'>explorarent),</span> <span class='ocrx_word' id='word_1_94' title='bbox 780 2187 905 2244; x_wconf 86' lang='lat' dir='ltr'>tenue</span> <span class='ocrx_word' id='word_1_95' title='bbox 940 2185 1183 2263; x_wconf 70' lang='lat' dir='ltr'>praetentum</span> <span class='ocrx_word' id='word_1_96' title='bbox 1215 2178 1317 2242; x_wconf 91' lang='lat' dir='ltr'>litus</span> 
     </span>
     <span class='ocr_line' id='line_1_16' title="bbox 155 2284 1317 2369; baseline 0.003 -22"><span class='ocrx_word' id='word_1_97' title='bbox 155 2303 262 2362; x_wconf 87' lang='lat' dir='ltr'>esse,</span> <span class='ocrx_word' id='word_1_98' title='bbox 297 2284 402 2367; x_wconf 87' lang='lat' dir='ltr'>quod</span> <span class='ocrx_word' id='word_1_99' title='bbox 437 2287 719 2369; x_wconf 85' lang='lat' dir='ltr'>transgressis</span> <span class='ocrx_word' id='word_1_100' title='bbox 755 2292 898 2369; x_wconf 85' lang='lat' dir='ltr'>stagna</span> <span class='ocrx_word' id='word_1_101' title='bbox 929 2287 977 2351; x_wconf 92' lang='lat' dir='ltr'>ab</span> <span class='ocrx_word' id='word_1_102' title='bbox 1006 2294 1123 2368; x_wconf 85' lang='lat' dir='ltr'>tergo</span> <span class='ocrx_word' id='word_1_103' title='bbox 1152 2287 1234 2350; x_wconf 91' lang='lat' dir='ltr'>sint</span> <span class='ocrx_word' id='word_1_104' title='bbox 1262 2287 1317 2350; x_wconf 91' lang='lat' dir='ltr'>ir·</span> 
     </span>
     <span class='ocr_line' id='line_1_17' title="bbox 154 2381 1317 2478; baseline 0.003 -24"><span class='ocrx_word' id='word_1_105' title='bbox 154 2392 274 2474; x_wconf 84' lang='lat' dir='ltr'>rigua</span> <span class='ocrx_word' id='word_1_106' title='bbox 296 2393 466 2459; x_wconf 77' lang='lat' dir='ltr'>astibus</span> <span class='ocrx_word' id='word_1_107' title='bbox 489 2381 718 2473; x_wconf 87' lang='lat' dir='ltr'>maritimis,</span> <span class='ocrx_word' id='word_1_108' title='bbox 743 2416 863 2477; x_wconf 84' lang='lat' dir='ltr'>agros</span> <span class='ocrx_word' id='word_1_109' title='bbox 886 2394 994 2459; x_wconf 90' lang='lat' dir='ltr'>haud</span> <span class='ocrx_word' id='word_1_110' title='bbox 1017 2395 1160 2478; x_wconf 87' lang='lat' dir='ltr'>procul</span> <span class='ocrx_word' id='word_1_111' title='bbox 1184 2395 1317 2477; x_wconf 85' lang='lat' dir='ltr'>proxi-</span> 
     </span>
     <span class='ocr_line' id='line_1_18' title="bbox 157 2501 1316 2584; baseline 0.003 -21"><span class='ocrx_word' id='word_1_112' title='bbox 157 2521 242 2565; x_wconf 90' lang='lat' dir='ltr'>mos</span> <span class='ocrx_word' id='word_1_113' title='bbox 265 2509 520 2584; x_wconf 86' lang='lat' dir='ltr'>campestres</span> <span class='ocrx_word' id='word_1_114' title='bbox 544 2504 663 2582; x_wconf 87' lang='lat' dir='ltr'>cerni,</span> <span class='ocrx_word' id='word_1_115' title='bbox 687 2503 890 2568; x_wconf 89' lang='lat' dir='ltr'>ulteriora</span> <span class='ocrx_word' id='word_1_116' title='bbox 913 2501 1043 2568; x_wconf 86' lang='lat' dir='ltr'>colles</span> <span class='ocrx_word' id='word_1_117' title='bbox 1065 2502 1195 2566; x_wconf 81' lang='lat' dir='ltr'>rideri</span> <span class='ocrx_word' id='word_1_118' title='bbox 1219 2523 1316 2580; x_wconf 88' lang='lat' dir='ltr'>csse,</span> 
     </span>
     <span class='ocr_line' id='line_1_19' title="bbox 158 2606 1317 2694; baseline 0 -21"><span class='ocrx_word' id='word_1_119' title='bbox 158 2609 310 2673; x_wconf 89' lang='lat' dir='ltr'>ostium</span> <span class='ocrx_word' id='word_1_120' title='bbox 337 2606 528 2676; x_wconf 85' lang='lat' dir='ltr'>fluminis</span> <span class='ocrx_word' id='word_1_121' title='bbox 556 2612 733 2694; x_wconf 86' lang='lat' dir='ltr'>praealti,</span> <span class='ocrx_word' id='word_1_122' title='bbox 768 2632 845 2692; x_wconf 88' lang='lat' dir='ltr'>quo</span> <span class='ocrx_word' id='word_1_123' title='bbox 875 2611 1098 2692; x_wconf 84' lang='lat' dir='ltr'>circumagi</span> <span class='ocrx_word' id='word_1_124' title='bbox 1127 2631 1249 2674; x_wconf 87' lang='lat' dir='ltr'>naves</span> <span class='ocrx_word' id='word_1_125' title='bbox 1278 2612 1317 2674; x_wconf 95' lang='lat' dir='ltr'>in</span> 
     </span>
     <span class='ocr_line' id='line_1_20' title="bbox 158 2717 1317 2799; baseline 0.003 -19"><span class='ocrx_word' id='word_1_126' title='bbox 158 2717 381 2782; x_wconf 84' lang='lat' dir='ltr'>stationem</span> <span class='ocrx_word' id='word_1_127' title='bbox 408 2724 536 2783; x_wconf 91' lang='lat' dir='ltr'>tutam</span> <span class='ocrx_word' id='word_1_128' title='bbox 565 2719 718 2783; x_wconf 84' lang='lat' dir='ltr'>vidisse</span> <span class='ocrx_word' id='word_1_129' title='bbox 749 2718 805 2799; x_wconf 88' lang='lat'>(-</span> <span class='ocrx_word' id='word_1_130' title='bbox 825 2719 1045 2783; x_wconf 84' lang='lat' dir='ltr'>Meduacus</span> <span class='ocrx_word' id='word_1_131' title='bbox 1075 2719 1200 2783; x_wconf 90' lang='lat' dir='ltr'>amnis</span> <span class='ocrx_word' id='word_1_132' title='bbox 1229 2725 1317 2783; x_wconf 91' lang='lat' dir='ltr'>crat</span> 
     </span>
     <span class='ocr_line' id='line_1_21' title="bbox 156 2822 1316 2904; baseline 0.001 -15"><span class='ocrx_word' id='word_1_133' title='bbox 156 2822 230 2904; x_wconf 90' lang='lat'>-)‚</span> <span class='ocrx_word' id='word_1_134' title='bbox 266 2846 310 2891; x_wconf 89' lang='lat' dir='ltr'>eo</span> <span class='ocrx_word' id='word_1_135' title='bbox 345 2827 547 2892; x_wconf 86' lang='lat' dir='ltr'>invectam</span> <span class='ocrx_word' id='word_1_136' title='bbox 576 2827 750 2892; x_wconf 88' lang='lat' dir='ltr'>classem</span> <span class='ocrx_word' id='word_1_137' title='bbox 780 2827 917 2892; x_wconf 89' lang='lat' dir='ltr'>subire</span> <span class='ocrx_word' id='word_1_138' title='bbox 946 2825 1115 2890; x_wconf 82' lang='lat' dir='ltr'>flumine</span> <span class='ocrx_word' id='word_1_139' title='bbox 1143 2825 1316 2890; x_wconf 79' lang='lat' dir='ltr'>adverso</span> 
     </span>
     <span class='ocr_line' id='line_1_22' title="bbox 157 2932 1317 3018; baseline 0.001 -22"><span class='ocrx_word' id='word_1_140' title='bbox 157 2932 296 2997; x_wconf 90' lang='lat' dir='ltr'>iussit.</span> <span class='ocrx_word' id='word_1_141' title='bbox 352 2935 390 2998; x_wconf 90' lang='lat' dir='ltr'>ln</span> <span class='ocrx_word' id='word_1_142' title='bbox 418 2934 482 2999; x_wconf 90' lang='lat' dir='ltr'>hoc</span> <span class='ocrx_word' id='word_1_143' title='bbox 510 2935 598 3014; x_wconf 92' lang='lat' dir='ltr'>loco,</span> <span class='ocrx_word' id='word_1_144' title='bbox 632 2937 665 2998; x_wconf 91' lang='lat' dir='ltr'>in</span> <span class='ocrx_word' id='word_1_145' title='bbox 694 2956 758 3017; x_wconf 92' lang='lat' dir='ltr'>quc</span> <span class='ocrx_word' id='word_1_146' title='bbox 781 2935 874 2999; x_wconf 93' lang='lat' dir='ltr'>nulla</span> <span class='ocrx_word' id='word_1_147' title='bbox 897 2940 962 3015; x_wconf 90' lang='lat' dir='ltr'>est,</span> <span class='ocrx_word' id='word_1_148' title='bbox 998 2956 1071 3018; x_wconf 88' lang='lat' dir='ltr'>quae</span> <span class='ocrx_word' id='word_1_149' title='bbox 1095 2934 1317 3016; x_wconf 87' lang='lat' dir='ltr'>suspicionem</span> 
     </span>
     <span class='ocr_line' id='line_1_23' title="bbox 156 3041 1317 3122; baseline 0 -18"><span class='ocrx_word' id='word_1_150' title='bbox 156 3048 303 3121; x_wconf 82' lang='lat' dir='ltr'>moveat,</span> <span class='ocrx_word' id='word_1_151' title='bbox 337 3042 498 3108; x_wconf 89' lang='lat' dir='ltr'>bonorum</span> <span class='ocrx_word' id='word_1_152' title='bbox 526 3043 676 3107; x_wconf 88' lang='lat' dir='ltr'>codicum</span> <span class='ocrx_word' id='word_1_153' title='bbox 704 3043 866 3122; x_wconf 84' lang='lat' dir='ltr'>varietas,</span> <span class='ocrx_word' id='word_1_154' title='bbox 902 3044 975 3108; x_wconf 89' lang='lat' dir='ltr'>duae</span> <span class='ocrx_word' id='word_1_155' title='bbox 997 3065 1050 3108; x_wconf 89' lang='lat' dir='ltr'>res</span> <span class='ocrx_word' id='word_1_156' title='bbox 1074 3041 1317 3107; x_wconf 88' lang='lat' dir='ltr'>dubitationem</span> 
     </span>
     <span class='ocr_line' id='line_1_24' title="bbox 156 3147 1317 3234; baseline 0 -22"><span class='ocrx_word' id='word_1_157' title='bbox 156 3147 291 3230; x_wconf 87' lang='lat' dir='ltr'>habent,</span> <span class='ocrx_word' id='word_1_158' title='bbox 320 3149 427 3215; x_wconf 88' lang='lat' dir='ltr'>altera</span> <span class='ocrx_word' id='word_1_159' title='bbox 449 3153 483 3214; x_wconf 91' lang='lat' dir='ltr'>in</span> <span class='ocrx_word' id='word_1_160' title='bbox 506 3151 614 3234; x_wconf 90' lang='lat' dir='ltr'>priore</span> <span class='ocrx_word' id='word_1_161' title='bbox 638 3157 743 3234; x_wconf 86' lang='lat' dir='ltr'>parte,</span> <span class='ocrx_word' id='word_1_162' title='bbox 771 3151 879 3215; x_wconf 89' lang='lat' dir='ltr'>altera</span> <span class='ocrx_word' id='word_1_163' title='bbox 900 3152 935 3215; x_wconf 91' lang='lat' dir='ltr'>in</span> <span class='ocrx_word' id='word_1_164' title='bbox 957 3152 1156 3234; x_wconf 72' lang='lat' dir='ltr'>posteriore,</span> <span class='ocrx_word' id='word_1_165' title='bbox 1184 3149 1317 3213; x_wconf 87' lang='lat' dir='ltr'>namin</span> 
     </span>
     <span class='ocr_line' id='line_1_25' title="bbox 157 3257 1315 3342; baseline -0.002 -20"><span class='ocrx_word' id='word_1_166' title='bbox 157 3257 277 3323; x_wconf 83' lang='lat' dir='ltr'>mediis</span> <span class='ocrx_word' id='word_1_167' title='bbox 299 3257 381 3324; x_wconf 87' lang='lat' dir='ltr'>illis:</span> <span class='ocrx_word' id='word_1_168' title='bbox 417 3280 535 3342; x_wconf 89' lang='lat' dir='ltr'>agros</span> <span class='ocrx_word' id='word_1_169' title='bbox 565 3259 672 3324; x_wconf 91' lang='lat' dir='ltr'>haud</span> <span class='ocrx_word' id='word_1_170' title='bbox 701 3260 845 3342; x_wconf 90' lang='lat' dir='ltr'>procul</span> <span class='ocrx_word' id='word_1_171' title='bbox 867 3295 910 3304; x_wconf 88' lang='lat'>-</span> <span class='ocrx_word' id='word_1_172' title='bbox 932 3260 1065 3323; x_wconf 88' lang='lat' dir='ltr'>videri</span> <span class='ocrx_word' id='word_1_173' title='bbox 1089 3279 1176 3323; x_wconf 90' lang='lat' dir='ltr'>esse</span> <span class='ocrx_word' id='word_1_174' title='bbox 1200 3278 1259 3340; x_wconf 90' lang='lat' dir='ltr'>per</span> <span class='ocrx_word' id='word_1_175' title='bbox 1282 3277 1315 3321; x_wconf 89' lang='lat' dir='ltr'>se</span> 
     </span>
     <span class='ocr_line' id='line_1_26' title="bbox 157 3364 1319 3449; baseline -0.002 -18"><span class='ocrx_word' id='word_1_176' title='bbox 157 3364 253 3431; x_wconf 88' lang='lat' dir='ltr'>nulla</span> <span class='ocrx_word' id='word_1_177' title='bbox 282 3373 332 3431; x_wconf 88' lang='lat' dir='ltr'>est</span> <span class='ocrx_word' id='word_1_178' title='bbox 356 3366 551 3448; x_wconf 78' lang='lat' dir='ltr'>difficultas,</span> <span class='ocrx_word' id='word_1_179' title='bbox 585 3374 675 3433; x_wconf 87' lang='lat' dir='ltr'>recte</span> <span class='ocrx_word' id='word_1_180' title='bbox 710 3371 797 3431; x_wconf 87' lang='lat' dir='ltr'>enirn</span> <span class='ocrx_word' id='word_1_181' title='bbox 831 3374 864 3432; x_wconf 86' lang='lat' dir='ltr'>et</span> <span class='ocrx_word' id='word_1_182' title='bbox 897 3369 1047 3433; x_wconf 86' lang='lat' dir='ltr'>universe</span> <span class='ocrx_word' id='word_1_183' title='bbox 1081 3387 1179 3449; x_wconf 86' lang='lat' dir='ltr'>agros</span> <span class='ocrx_word' id='word_1_184' title='bbox 1212 3365 1319 3430; x_wconf 93' lang='lat' dir='ltr'>haud</span> 
     </span>
    </p>
   </div>
   <div class='ocr_carea' id='block_1_5' title="bbox 161 3527 387 3537">
    <p class='ocr_par' dir='ltr' id='par_1_6' title="bbox 161 3527 387 3537">
     <span class='ocr_line' id='line_1_27' title="bbox 161 3527 387 3537; baseline 0.013 -3"><span class='ocrx_word' id='word_1_185' title='bbox 161 3527 387 3537; x_wconf 68' lang='lat'>——..-—..----</span> 
     </span>
    </p>
   </div>
   <div class='ocr_carea' id='block_1_6' title="bbox 189 3625 1401 4381">
    <p class='ocr_par' dir='ltr' id='par_1_7' title="bbox 189 3625 1401 4381">
     <span class='ocr_line' id='line_1_28' title="bbox 189 3625 1318 3694; baseline -0.001 -15"><span class='ocrx_word' id='word_1_186' title='bbox 189 3626 214 3693; x_wconf 87' lang='lat'>¹)</span> <span class='ocrx_word' id='word_1_187' title='bbox 233 3625 270 3680; x_wconf 86' lang='lat' dir='ltr'>Et</span> <span class='ocrx_word' id='word_1_188' title='bbox 288 3645 311 3681; x_wconf 92' lang='lat' dir='ltr'>c.</span> <span class='ocrx_word' id='word_1_189' title='bbox 330 3630 376 3689; x_wconf 81' lang='lat'>44,</span> <span class='ocrx_word' id='word_1_190' title='bbox 398 3631 429 3680; x_wconf 88' lang='grc'>14</span> <span class='ocrx_word' id='word_1_191' title='bbox 448 3627 524 3694; x_wconf 89' lang='lat' dir='ltr'>quod</span> <span class='ocrx_word' id='word_1_192' title='bbox 543 3625 688 3680; x_wconf 83' lang='lat' dir='ltr'>Creverius</span> <span class='ocrx_word' id='word_1_193' title='bbox 711 3627 893 3681; x_wconf 87' lang='lat' dir='ltr'>scribendum</span> <span class='ocrx_word' id='word_1_194' title='bbox 911 3626 982 3679; x_wconf 90' lang='lat' dir='ltr'>vidit</span> <span class='ocrx_word' id='word_1_195' title='bbox 1001 3626 1196 3693; x_wconf 84' lang='lat' dir='ltr'>(Bovianum</span> <span class='ocrx_word' id='word_1_196' title='bbox 1219 3626 1318 3692; x_wconf 82' lang='lat' dir='ltr'>urbe),</span> 
     </span>
     <span class='ocr_line' id='line_1_29' title="bbox 231 3711 1318 3781; baseline -0.002 -16"><span class='ocrx_word' id='word_1_197' title='bbox 231 3718 259 3765; x_wconf 90' lang='lat' dir='ltr'>et</span> <span class='ocrx_word' id='word_1_198' title='bbox 276 3730 299 3767; x_wconf 91' lang='lat' dir='ltr'>c.</span> <span class='ocrx_word' id='word_1_199' title='bbox 318 3716 360 3780; x_wconf 77' lang='lat'>45,</span> <span class='ocrx_word' id='word_1_200' title='bbox 386 3715 418 3766; x_wconf 83' lang='lat'>12</span> <span class='ocrx_word' id='word_1_201' title='bbox 437 3712 513 3780; x_wconf 90' lang='lat' dir='ltr'>qnod</span> <span class='ocrx_word' id='word_1_202' title='bbox 530 3712 775 3766; x_wconf 87' lang='lat' dir='ltr'>Weissenbornius</span> <span class='ocrx_word' id='word_1_203' title='bbox 795 3712 971 3779; x_wconf 87' lang='lat' dir='ltr'>(verteret,</span> <span class='ocrx_word' id='word_1_204' title='bbox 995 3717 1046 3765; x_wconf 89' lang='lat' dir='ltr'>eet</span> <span class='ocrx_word' id='word_1_205' title='bbox 1063 3730 1115 3781; x_wconf 94' lang='lat' dir='ltr'>pro</span> <span class='ocrx_word' id='word_1_206' title='bbox 1134 3711 1318 3777; x_wconf 85' lang='lat' dir='ltr'>vertisset),</span> 
     </span>
     <span class='ocr_line' id='line_1_30' title="bbox 230 3797 1319 3867; baseline -0.003 -16"><span class='ocrx_word' id='word_1_207' title='bbox 230 3804 379 3867; x_wconf 85' lang='lat' dir='ltr'>utrumque</span> <span class='ocrx_word' id='word_1_208' title='bbox 403 3800 502 3867; x_wconf 81' lang='lat' dir='ltr'>ignaro</span> <span class='ocrx_word' id='word_1_209' title='bbox 526 3798 595 3851; x_wconf 91' lang='lat' dir='ltr'>mihi</span> <span class='ocrx_word' id='word_1_210' title='bbox 618 3798 732 3851; x_wconf 86' lang='lat' dir='ltr'>illarum</span> <span class='ocrx_word' id='word_1_211' title='bbox 755 3799 979 3853; x_wconf 88' lang='lat' dir='ltr'>coniecturarum</span> <span class='ocrx_word' id='word_1_212' title='bbox 1004 3797 1033 3850; x_wconf 93' lang='lat' dir='ltr'>in</span> <span class='ocrx_word' id='word_1_213' title='bbox 1056 3804 1178 3852; x_wconf 84' lang='lat' dir='ltr'>ment-em</span> <span class='ocrx_word' id='word_1_214' title='bbox 1196 3803 1319 3861; x_wconf 79' lang='lat' dir='ltr'>venerat,</span> 
     </span>
     <span class='ocr_line' id='line_1_31' title="bbox 232 3882 1401 3953; baseline 0 -18"><span class='ocrx_word' id='word_1_215' title='bbox 232 3883 340 3951; x_wconf 82' lang='lat' dir='ltr'>siquid</span> <span class='ocrx_word' id='word_1_216' title='bbox 359 3885 382 3937; x_wconf 84' lang='lat' dir='ltr'>is</span> <span class='ocrx_word' id='word_1_217' title='bbox 401 3900 555 3938; x_wconf 84' lang='lat' dir='ltr'>consensus</span> <span class='ocrx_word' id='word_1_218' title='bbox 573 3883 640 3938; x_wconf 87' lang='lat' dir='ltr'>fidei</span> <span class='ocrx_word' id='word_1_219' title='bbox 658 3883 761 3937; x_wconf 86' lang='lat' dir='ltr'>addere</span> <span class='ocrx_word' id='word_1_220' title='bbox 780 3888 882 3953; x_wconf 85' lang='lat' dir='ltr'>potest.</span> <span class='ocrx_word' id='word_1_221' title='bbox 925 3882 992 3950; x_wconf 87' lang='lat' dir='ltr'>[Sed</span> <span class='ocrx_word' id='word_1_222' title='bbox 1014 3883 1131 3952; x_wconf 87' lang='lat' dir='ltr'>propius</span> <span class='ocrx_word' id='word_1_223' title='bbox 1156 3882 1190 3934; x_wconf 89' lang='lat' dir='ltr'>ad</span> <span class='ocrx_word' id='word_1_224' title='bbox 1209 3883 1319 3935; x_wconf 85' lang='lat' dir='ltr'>litteras</span> <span class='ocrx_word' id='word_1_225' title='bbox 1398 3917 1401 3923; x_wconf 80' lang='lat'><em>‚</em></span> 
     </span>
     <span class='ocr_line' id='line_1_32' title="bbox 234 3967 1319 4037; baseline -0.001 -17"><span class='ocrx_word' id='word_1_226' title='bbox 234 3973 276 4021; x_wconf 82' lang='lat' dir='ltr'>est</span> <span class='ocrx_word' id='word_1_227' title='bbox 294 3969 414 4037; x_wconf 86' lang='lat' dir='ltr'>vertit,</span> <span class='ocrx_word' id='word_1_228' title='bbox 439 3974 498 4036; x_wconf 87' lang='lat' dir='ltr'>est,</span> <span class='ocrx_word' id='word_1_229' title='bbox 522 3972 553 4022; x_wconf 91' lang='lat' dir='ltr'>ut</span> <span class='ocrx_word' id='word_1_230' title='bbox 572 3974 682 4037; x_wconf 86' lang='lat' dir='ltr'>tantum</span> <span class='ocrx_word' id='word_1_231' title='bbox 702 3969 817 4024; x_wconf 85' lang='lat' dir='ltr'>effectus</span> <span class='ocrx_word' id='word_1_232' title='bbox 836 3969 984 4023; x_wconf 87' lang='lat' dir='ltr'>sententiae</span> <span class='ocrx_word' id='word_1_233' title='bbox 1004 3973 1125 4033; x_wconf 88' lang='lat' dir='ltr'>notetur,</span> <span class='ocrx_word' id='word_1_234' title='bbox 1144 3984 1211 4032; x_wconf 81' lang='lat' dir='ltr'>non,</span> <span class='ocrx_word' id='word_1_235' title='bbox 1230 3967 1319 4035; x_wconf 86' lang='lat' dir='ltr'>qualis</span> 
     </span>
     <span class='ocr_line' id='line_1_33' title="bbox 233 4052 1320 4123; baseline -0.001 -18"><span class='ocrx_word' id='word_1_236' title='bbox 233 4052 336 4122; x_wconf 83' lang='lat' dir='ltr'>luerit]</span> <span class='ocrx_word' id='word_1_237' title='bbox 377 4053 455 4123; x_wconf 77' lang='lat' dir='ltr'>(Gap.</span> <span class='ocrx_word' id='word_1_238' title='bbox 483 4056 530 4121; x_wconf 79' lang='lat'>46,</span> <span class='ocrx_word' id='word_1_239' title='bbox 562 4057 579 4108; x_wconf 90' lang='grc'>9</span> <span class='ocrx_word' id='word_1_240' title='bbox 606 4055 653 4120; x_wconf 91' lang='lat' dir='ltr'>(ac</span> <span class='ocrx_word' id='word_1_241' title='bbox 681 4054 763 4109; x_wconf 88' lang='lat' dir='ltr'>sede</span> <span class='ocrx_word' id='word_1_242' title='bbox 789 4055 930 4108; x_wconf 89' lang='lat' dir='ltr'>honoris</span> <span class='ocrx_word' id='word_1_243' title='bbox 958 4054 1008 4107; x_wconf 89' lang='lat' dir='ltr'>sui</span> <span class='ocrx_word' id='word_1_244' title='bbox 1035 4055 1159 4106; x_wconf 84' lang='lat' dir='ltr'>anxios</span> <span class='ocrx_word' id='word_1_245' title='bbox 1186 4052 1320 4105; x_wconf 84' lang='lat' dir='ltr'>invidia</span> 
     </span>
     <span class='ocr_line' id='line_1_34' title="bbox 233 4138 1320 4209; baseline -0.001 -18"><span class='ocrx_word' id='word_1_246' title='bbox 233 4138 393 4194; x_wconf 83' lang='lat' dir='ltr'>inimicos</span> <span class='ocrx_word' id='word_1_247' title='bbox 421 4140 605 4209; x_wconf 80' lang='lat' dir='ltr'>spectavit)</span> <span class='ocrx_word' id='word_1_248' title='bbox 634 4140 704 4195; x_wconf 90' lang='lat' dir='ltr'>dure</span> <span class='ocrx_word' id='word_1_249' title='bbox 733 4140 837 4194; x_wconf 91' lang='lat' dir='ltr'>dicitur</span> <span class='ocrx_word' id='word_1_250' title='bbox 860 4140 939 4194; x_wconf 85' lang='lat' dir='ltr'>sede</span> <span class='ocrx_word' id='word_1_251' title='bbox 957 4168 991 4176; x_wconf 97' lang='lat'>-</span> <span class='ocrx_word' id='word_1_252' title='bbox 1010 4143 1183 4207; x_wconf 88' lang='lat' dir='ltr'>spectare,</span> <span class='ocrx_word' id='word_1_253' title='bbox 1212 4138 1320 4206; x_wconf 89' lang='lat' dir='ltr'>aptissi-</span> 
     </span>
     <span class='ocr_line' id='line_1_35' title="bbox 231 4223 1319 4294; baseline 0.001 -18"><span class='ocrx_word' id='word_1_254' title='bbox 231 4240 329 4292; x_wconf 87' lang='lat' dir='ltr'>meque</span> <span class='ocrx_word' id='word_1_255' title='bbox 353 4224 515 4294; x_wconf 83' lang='lat' dir='ltr'>Siesbyeus:</span> <span class='ocrx_word' id='word_1_256' title='bbox 544 4243 581 4280; x_wconf 86' lang='lat' dir='ltr'>ac</span> <span class='ocrx_word' id='word_1_257' title='bbox 611 4225 644 4278; x_wconf 84' lang='lat' dir='ltr'>de</span> <span class='ocrx_word' id='word_1_258' title='bbox 669 4227 749 4281; x_wconf 85' lang='lat' dir='ltr'>sede</span> <span class='ocrx_word' id='word_1_259' title='bbox 772 4226 914 4281; x_wconf 88' lang='lat' dir='ltr'>honoris</span> <span class='ocrx_word' id='word_1_260' title='bbox 939 4224 1003 4292; x_wconf 86' lang='lat' dir='ltr'>(von</span> <span class='ocrx_word' id='word_1_261' title='bbox 1027 4225 1132 4277; x_wconf 87' lang='lat' dir='ltr'>seinem</span> <span class='ocrx_word' id='word_1_262' title='bbox 1155 4223 1319 4278; x_wconf 85' lang='lat' dir='ltr'>Ehrensitze</span> 
     </span>
     <span class='ocr_line' id='line_1_36' title="bbox 231 4308 480 4381; baseline 0.008 -19"><span class='ocrx_word' id='word_1_263' title='bbox 231 4308 335 4378; x_wconf 77' lang='lat' dir='ltr'>hereb).</span> <span class='ocrx_word' id='word_1_264' title='bbox 375 4310 480 4381; x_wconf 50' lang='lat'>1875),</span> 
     </span>
    </p>
   </div>
   <div class='ocr_carea' id='block_1_7' title="bbox 0 0 1503 5108">
    <p class='ocr_par' dir='ltr' id='par_1_8' title="bbox 0 0 1503 5108">
     <span class='ocr_line' id='line_1_37' title="bbox 0 0 1503 5108; baseline 0 0"><span class='ocrx_word' id='word_1_265' title='bbox 0 0 1503 5108; x_wconf 95' lang='lat' dir='ltr'> </span> 
     </span>
    </p>
   </div>
  </div>
 </body>
</html>
