2994 5108
215 453 279 507 Lib.
297 451 395 507 XLIV.
762 442 824 502 710

215 625 274 689 riae
297 631 395 689 rectae
419 632 453 689 et
481 624 641 708 expeditae
673 645 780 708 neque
815 624 978 690 celeritati
1010 624 1095 706 fugae
1125 624 1259 690 obstare
1287 621 1363 687 solet

216 754 322 816 neque
362 733 469 797 media
508 739 605 797 nocte
645 732 806 798 desinere.
863 731 1078 798 Scribendum
1117 753 1189 798 esse
1223 750 1363 795 errore.

216 842 317 906 etiam
335 840 599 909 Weissenbornio
621 841 656 904 in
679 848 820 905 mentem
837 847 983 918 venerat,
1002 842 1061 906 sed
1077 841 1200 906 iniuria
1216 838 1365 904 iudicium

216 951 365 1015 mutavit.
412 949 603 1030 Sequuntur
635 948 668 1012 in
702 948 903 1014 editionibus
937 948 1006 1014 haec
1040 947 1072 1032 (ξ
1101 951 1150 1032 5);
1184 948 1228 1013 In
1261 947 1367 1029 regia

132 1078 139 1089 ¹
216 1057 382 1137 Perseo,
406 1058 476 1139 qui
497 1056 620 1122 Pellae
642 1065 830 1139 praerat,
864 1057 1018 1122 Euctus
1046 1058 1234 1140 regiique
1257 1053 1369 1138 pueri

216 1172 368 1250 praesto
392 1172 519 1230 erant.
565 1164 631 1229 Sed
653 1163 751 1229 aliter
771 1164 897 1230 Livium
920 1165 1106 1249 scripsisse,
1135 1164 1241 1229 codex
1265 1169 1366 1228 osten·

217 1275 283 1353 dit,
312 1275 435 1358 inquo
465 1272 535 1338 haec
563 1280 655 1338 sunt:
690 1271 1024 1339 difficultatibus
1058 1252 1176 1338 videri
1206 1279 1369 1337 vexatus

217 1384 257 1447 iu
280 1379 527 1465 regiame'sta
549 1402 696 1466 perseo
720 1383 788 1465 qui
810 1381 929 1446 Pellae
958 1378 1159 1465 p'raeerant
1189 1386 1366 1447 coactus·

218 1511 293 1575 que
315 1491 403 1572 regi
437 1490 553 1573 pueri
577 1497 733 1572 praesto
762 1496 890 1555 erant.
935 1490 1148 1569 Plutarchus,
1174 1488 1293 1552 eadem
1314 1486 1370 1550 Po·

216 1599 304 1684 lybio
339 1598 422 1663 duce
457 1597 586 1682 plenius
619 1619 772 1679 narrans,
806 1620 878 1684 quar
907 1598 1019 1663 Livius
1048 1620 1165 1683 parum
1200 1596 1371 1678 diligenter

169 1709 172 1715 ’
218 1707 396 1786 contraxit,
421 1706 543 1772 Persea
566 1705 659 1786 dicit,
682 1714 778 1773 nocte
800 1707 926 1773 Pellam
947 1709 1146 1791 ingressum,
1176 1704 1321 1769 Euctum
1343 1710 1371 1766 et

217 1816 376 1895 Eulaeum,
400 1815 548 1898 pecuniae
570 1812 741 1893 custodes*
758 1816 816 1901 qui
839 1822 960 1899 praesto
983 1814 1121 1880 fuissent
1138 1821 1172 1879 et
1189 1814 1372 1897 importuna

217 1913 373 1990 liberta'te
408 1924 578 2007 praeterita
610 1923 892 2007 reprehenderent
924 1923 1125 2009 consiliaque
1154 1922 1288 1998 darent,
1317 1938 1372 1984 sua

218 2055 318 2098 manu
340 2031 555 2098 interfecisse.
600 2031 785 2115 Utrumque
808 2033 974 2098 hominem
997 2033 1097 2096 etiam
1121 2031 1250 2096 Livium
1272 2029 1368 2094 nomi·

218 2162 325 2221 nasse,
361 2141 506 2207 ostendit
539 2141 642 2206 codex
672 2139 886 2224 (praeerant
919 2140 1193 2223 coactusque),
1226 2137 1370 2220 viditque

219 2249 521 2329 Weissenbornius3
545 2250 579 2313 in
597 2230 722 2314 ceteris
745 2249 926 2329 aberravit3
949 2269 1026 2312 nam
1050 2248 1210 2314 ecodicis
1232 2245 1373 2327 vestigiis

219 2357 289 2423 hrec
312 2357 514 2423 efficiuntur:
547 2364 718 2423 vexatus
746 2363 812 2420 cst
856 2357 901 2422 In
928 2358 1043 2440 regia
1062 2338 1197 2419 'nasta
1218 2353 1372 2427 Perseo,

220 2467 287 2549 qui
326 2465 448 2530 Pellae
486 2472 702 2550 praeerant,
741 2467 887 2528 halan
925 2465 1158 2547 Euctusque
1200 2470 1240 2527 et
1273 2461 1372 2544 regii

220 2575 336 2658 pueri
359 2581 505 2656 praesto
529 2555 655 2639 erant.
701 2572 750 2655 (Si
779 2575 851 2655 quis
881 2579 942 2638 est
971 2574 1212 2656 transpositum
1235 2570 1371 2655 putabit,

220 2683 374 2765 regiam
397 2689 430 2746 et
453 2702 471 2744 a
494 2703 606 2747 errore
629 2683 761 2765 scripta,
785 2682 843 2747 fiet
864 2687 1008 2747 tantum:
1032 2688 1204 2745 vexatus
1227 2686 1301 2745 est.
1334 2677 1373 2740 ln

220 2790 336 2872 regia
358 2791 506 2855 Perseo
531 2791 606 2870 cet.)

307 2898 383 2981 Cap.
409 2905 458 2976 44,
490 2904 508 2961 2
544 2898 597 2978 (de
632 2899 756 2961 minore
791 2898 825 2962 L.
850 2898 972 2962 AEmilii
1006 2897 1073 2962 filio
1109 2905 1184 2979 post
1218 2897 1373 2978 proelium

134 3010 205 3082 (⁶90)
225 3010 467 3090 aliquantisper
489 3005 706 3086 desiderato):
742 3006 775 3068 P.
801 3006 937 3088 Scipio
967 3008 1002 3070 is
1026 3015 1128 3084 erat,
1158 3005 1373 3069 Africanus

220 3127 259 3183 et
281 3120 370 3200 ipse
395 3122 558 3198 postea,
583 3114 722 3177 deleta
745 3112 1010 3196 Carthagine,
1039 3114 1294 3197 appellatus,
1316 3134 1373 3177 na·

220 3226 372 3291 turalis
406 3222 586 3287 consulis
616 3221 734 3287 Pauli
769 3223 994 3305 adoptione
1023 3224 1210 3287 Africani
1233 3243 1371 3304 nepos.

220 3335 322 3398 Recte
356 3341 434 3415 post
468 3331 583 3395 Pauli
606 3331 740 3395 additur
763 3332 878 3396 filius
912 3331 1209 3409 arecentiorihus,
1245 3329 1373 3394 Dukero

220 3450 365 3506 auctore.
402 3441 464 3504 Sed
490 3439 698 3505 manifestum
721 3448 779 3518 est,
804 3442 831 3503 si
855 3441 933 3523 quid
956 3461 1110 3521 uuquam,
1133 3439 1202 3503 haec
1226 3439 1373 3503 Africa-

220 3572 292 3614 nus
317 3557 356 3613 et
383 3551 469 3631 ipse
491 3549 606 3612 referri
630 3548 673 3611 ad
696 3549 934 3630 praecedentem
957 3548 1092 3612 alterius
1116 3547 1267 3611 Africani
1290 3568 1374 3610 meu-

221 3660 360 3737 tionem3
395 3679 435 3720 ne
464 3678 522 3740 per
551 3677 585 3720 se
615 3656 747 3737 quidem
771 3658 970 3738 cognominis
1004 3664 1120 3739 postea
1143 3657 1232 3739 parti
1256 3657 1374 3720 mentio

221 3767 348 3849 generis
373 3765 673 3830 commemorationi
698 3770 786 3828 recte
811 3766 1029 3847 praemittitur.
1064 3765 1182 3846 ltaque
1205 3763 1237 3827 h.
1263 3763 1283 3827 l.
1308 3785 1372 3828 cer·

220 3875 382 3938 tissimum
401 3880 533 3937 tenetur
551 3872 733 3955 exemplum
750 3873 850 3937 totius
870 3895 981 3938 versus
1000 3895 1058 3937 suo
1071 3873 1144 3938 loco
1157 3873 1242 3938 moti
1258 3879 1375 3956 etpost

220 4002 283 4044 non
307 3989 396 4046 recto
420 3981 545 4045 inserti.
591 3980 643 4045 Sic
668 3982 753 4045 enim
778 3981 888 4045 Livius
907 3984 1099 4065 scripserat:
1125 3982 1160 4045 P.
1185 3981 1325 4064 Scipio
1344 3981 1375 4042 is

221 4097 323 4167 erat,
358 4089 562 4153 naturalis
599 4089 782 4154 consulis
823 4090 940 4154 Pauli
974 4090 1111 4169 filine,
1153 4090 1374 4173 adoptione

220 4196 405 4261 Africani
434 4220 572 4280 nepos,
608 4197 827 4261 Africanus
858 4204 895 4261 et
928 4200 1013 4281 ipse
1043 4207 1205 4280 postea,
1241 4198 1375 4261 deleta

222 4301 481 4387 Carthagine,
505 4306 752 4390 appellatus.
788 4306 896 4370 Minus
917 4306 1161 4372 manifestares
1181 4314 1254 4371 erat
1281 4303 1374 4381 XLII,
