3000 5116
708 488 769 549 149
1202 504 1264 558 Lib.
1283 504 1316 559 V.

160 677 366 754 occupatum,
395 694 463 739 non
485 671 694 751 custoditum,
717 678 755 737 ut
777 672 892 753 XXIV,
915 679 967 753 46,
994 679 1026 737 1:
1057 677 1152 759 quia
1174 675 1317 760 (partem

158 779 264 862 urbis)
304 781 477 846 maxime
518 780 748 863 neglectam
787 782 983 848 custodia
1015 783 1128 848 vidit.
1190 786 1317 850 Eodem

157 888 254 953 modo
290 888 445 954 dicuntur
478 889 716 954 intermissa
745 890 950 955 custodiis
980 892 1074 957 loca
1096 892 1171 972 VII,
1202 897 1257 974 36,
1290 899 1318 975 1,

159 995 275 1077 XXIV,
300 1000 354 1078 35,
378 1003 408 1063 8.
454 997 576 1080 (1862.)

244 1102 323 1190 Cap.
346 1110 397 1185 47,
422 1111 456 1173 6:
490 1106 693 1189 reliquum
720 1109 868 1187 noctis,
899 1113 1091 1192 quantum
1119 1109 1317 1174 inturba-

159 1213 214 1277 tis
249 1214 455 1279 mentibus
489 1220 671 1298 poterat,
712 1236 832 1298 quum
865 1218 1122 1300 praeteritum
1156 1239 1316 1302 quoque

160 1321 392 1403 periculum
428 1322 701 1401 sollicitaret,
741 1325 871 1405 quieti
905 1324 1043 1388 datum
1077 1333 1150 1390 est.
1212 1327 1316 1391 Recte

159 1427 342 1494 diceretur:
378 1437 576 1514 quantum
604 1432 643 1494 in
674 1436 795 1496 tanta
822 1432 1138 1515 perturbatione
1168 1435 1315 1499 animo·

158 1558 243 1602 rum
276 1545 460 1622 poterat;
493 1560 580 1603 nunc
615 1540 771 1623 quoniam
804 1541 1015 1623 participium
1048 1543 1183 1624 ponitur
1217 1541 1316 1623 (tur-

157 1646 269 1711 batis
292 1647 523 1729 mentibus),
547 1647 695 1712 tollenda
718 1654 768 1711 est
790 1649 829 1711 in
852 1649 1051 1731 praepositi0,
1075 1659 1149 1713 orta
1172 1673 1211 1714 ex
1234 1673 1316 1735 prae-

160 1754 292 1820 cedenti
316 1775 355 1818 ι.
405 1755 519 1840 Neque
543 1756 639 1821 abest
661 1757 821 1839 suspicio,
852 1757 931 1838 quin
955 1758 1055 1820 etiam
1077 1757 1162 1836 XXI,
1194 1763 1244 1837 55,
1277 1765 1316 1824 10

158 1863 259 1928 scribi
283 1862 417 1929 debeat:
446 1864 594 1930 Tamen
616 1869 681 1929 tot
703 1863 812 1945 (codd.
838 1871 871 1928 et
894 1865 966 1929 edd.
990 1866 1030 1929 in
1053 1866 1129 1946 tot)
1154 1869 1315 1932 circum·

159 1972 372 2037 stantibus
400 1973 521 2038 malis
549 1973 701 2037 mansit
728 1972 979 2054 aliquamdiu
1007 1975 1169 2038 immota
1191 1977 1315 2056 acies3

158 2101 361 2163 quamquam
404 2082 513 2146 minus
552 2082 668 2146 vitiose
711 2082 750 2145 in
789 2081 908 2146 malis
947 2083 1315 2149 circumstantibus

158 2210 258 2274 quam
285 2189 325 2253 in
354 2190 560 2255 mentibus
589 2189 773 2254 turbatis
797 2189 922 2271 aliquid
945 2189 1016 2254 fieri
1039 2190 1174 2255 dicitur.
1225 2192 1317 2257 Idem

157 2296 315 2362 mendum
338 2296 390 2379 (in
413 2318 453 2361 ex
474 2297 676 2381 'praecedenti
699 2317 728 2358 ιιι
752 2297 874 2378 ortum)
898 2299 1058 2381 corrigam
1081 2301 1115 2363 in
1137 2300 1222 2365 libro
1246 2301 1316 2381 VH,

158 2409 211 2485 23,
235 2410 271 2486 63
293 2407 328 2469 in
351 2404 466 2470 eodem
487 2405 571 2471 libro
596 2428 622 2471 c.
647 2409 696 2485 36,
721 2410 739 2469 7
763 2405 980 2487 (consulem
1003 2408 1042 2471 in
1066 2409 1215 2490 castra)
1240 2430 1311 2474 cor·
1331 2421 1401 2492 (126)

160 2514 247 2578 rexit
269 2514 336 2579 iam
358 2512 588 2596 Gronovius.¹)

247 2620 327 2705 Cap.
352 2626 407 2703 52,
438 2628 453 2686 1
479 2622 526 2704 (in
549 2621 679 2687 Camilli
709 2624 858 2687 oratione
881 2630 998 2688 contra
1020 2625 1193 2690 consilium
1217 2626 1316 2691 Veios

160 2729 352 2814 migrandi):
376 2731 466 2796 Haec
490 2731 594 2795 culti
616 2732 878 2815 neglectique
901 2733 1080 2796 numinis
1104 2738 1221 2798 tanta
1242 2757 1317 2799 mo·

159 2845 353 2903 numenta
381 2840 421 2903 in
450 2840 572 2905 rebus
601 2840 786 2905 humanis
815 2847 1029 2905 cernentes
1059 2841 1204 2924 ecquid
1234 2864 1317 2906 sen·

160 2949 275 3027 titis,
300 2945 502 3028 Quirites,
531 2955 724 3034 quantum
749 2970 1000 3033 -paremus
1028 2948 1166 3013 nefas?
1195 2950 1317 3015 Rerum

161 3064 279 3121 eventa
314 3056 555 3121 documenta
588 3058 705 3122 divinae
738 3058 916 3122 voluntatis
948 3078 1018 3121 esse
1047 3064 1202 3140 possunt,
1236 3080 1317 3122 mo·

160 3170 355 3230 numenta
395 3187 563 3247 nunquam
601 3173 659 3230 aut
697 3172 773 3229 sunt
806 3171 864 3228 aut
898 3165 1123 3248 appellantur,
1163 3167 1317 3249 quoniam

160 3274 284 3339 nullius
307 3274 356 3338 rei
378 3275 570 3338 memoriam
593 3280 799 3351 conservant,
815 3330 817 3335 s
831 3272 889 3337 sed
911 3274 983 3356 ipsa
1006 3276 1226 3340 monumentis
1250 3282 1317 3340 tra·

162 3383 286 3447 duntur
309 3383 462 3465 posteris
511 3382 638 3446 Deinde
668 3382 749 3446 nihil
773 3403 851 3446 sane
876 3382 917 3446 ad
941 3383 983 3461 id,
1007 3383 1047 3447 de
1071 3406 1136 3466 quo
1161 3382 1317 3450 Camillus

161 3490 255 3570 dicit,
289 3490 490 3574 pertinebat,
523 3497 737 3556 monumenta
766 3497 896 3555 exstare
931 3492 1072 3556 numinis
1107 3499 1139 3556 et
1173 3494 1254 3559 culti
1284 3500 1318 3558 et

159 3600 317 3682 neglecti3
352 3600 424 3682 quis
459 3600 545 3663 enim
577 3599 612 3663 id
641 3599 866 3664 admonendus
897 3605 983 3679 erat,
1019 3601 1099 3665 deos
1129 3607 1162 3665 et
1191 3601 1254 3666 coli
1284 3608 1318 3667 ct

161 3707 290 3791 neglegi
324 3709 443 3791 posse?
483 3708 522 3772 ld
555 3709 720 3773 Romanos
755 3707 912 3773 Camillus
951 3709 1091 3792 putabat
1125 3716 1157 3774 et
1191 3711 1317 3775 discere

161 3817 310 3901 potuisse
339 3823 373 3882 et
400 3817 586 3881 meminisse
616 3817 749 3894 debere,
785 3823 943 3900 quantam
972 3818 1036 3881 vim
1065 3819 1099 3881 in
1126 3818 1227 3882 rebus
1256 3819 1316 3882 hu·

191 4085 215 4154 ¹)
235 4087 262 4140 C.
280 4089 327 4153 48,
355 4089 371 4141 5
394 4093 470 4142 recte
488 4088 719 4143 Drakenborchio
742 4090 771 4143 in
794 4095 917 4142 mentem
940 4091 1030 4155 venit,
1059 4089 1238 4143 scribendum
1257 4107 1317 4144 esse

232 4173 364 4226 aVeiis
394 4174 563 4228 adducere
593 4176 798 4241 exercitum,
832 4193 889 4228 non
913 4176 1090 4230 abducere.
1136 4175 1199 4230 Non
1222 4178 1317 4244 agitur

232 4257 267 4311 de
285 4258 455 4312 removendo
474 4278 491 4313 a
508 4260 585 4315 Veiis
603 4262 742 4328 exercitu,
770 4261 819 4314 sed
843 4261 878 4313 de
901 4261 1067 4314 arcessendo
1081 4265 1121 4334 *et
1144 4262 1261 4330 propius
1280 4262 1316 4315 ad

232 4360 296 4397 eum
313 4344 407 4398 locum
426 4345 610 4413 admovendo,
629 4346 677 4401 ubi
696 4346 826 4401 Camillus
845 4351 913 4399 erat.
