2994 5108
734 460 795 521 533
1119 473 1181 527 Lib.
1200 471 1340 526 XXXVII.

187 664 274 723 sua,
304 644 392 725 quod
420 645 447 708 si
475 666 535 728 pro
567 644 753 728 copulativa
783 646 959 728 accipitur,
988 666 1115 709 omnem
1144 650 1341 709 structuram

186 752 305 816 avertit
338 750 482 831 (maior
520 754 650 836 pestis
690 759 752 816 est
785 752 917 817 alicui
950 752 1209 817 intermixtis
1244 771 1341 832 qua-

187 858 321 942 drigis
349 865 469 943 atque
498 881 572 924 sua
599 860 751 940 turba),
783 860 809 924 si
832 880 892 943 pro
917 861 1054 937 etiam,
1083 866 1116 924 et
1145 880 1245 942 pravo
1268 858 1340 922 loco

187 967 322 1049 ponitur
354 975 432 1049 post
464 967 523 1031 illa
555 968 806 1032 intermixtis
840 974 901 1032 cet.
933 974 966 1031 et
999 967 1041 1032 ad
1076 968 1273 1032 sententiam
1308 971 1342 1029 et

185 1075 464 1156 comparationem
483 1096 557 1138 cum
579 1075 726 1140 hostium
749 1076 979 1158 persecutione
1001 1076 1149 1157 ineptum
1172 1080 1237 1153 est3
1260 1075 1340 1137 scri-

186 1180 331 1257 bendum
358 1183 476 1264 igitur:
511 1181 697 1248 Ceterum
732 1183 991 1265 fugientibus
1029 1178 1156 1246 maior
1189 1182 1340 1266 pestis,

183 1290 437 1354 intermixtis
470 1291 729 1379 -qcamelis,
771 1298 858 1354 erat
896 1312 968 1355 sua
1000 1291 1183 1372 ipsorum
1205 1289 1338 1366 turba,

184 1418 304 1481 quum
331 1402 393 1462 cet.
446 1396 515 1479 [Sic
544 1399 609 1463 iam
640 1398 849 1480 Heusinger]
899 1398 1025 1462 Deinde
1054 1419 1154 1479 quum
1183 1396 1333 1461 codicum
1353 1394 1423 1463 (431)

183 1506 380 1570 auctoritate
409 1505 480 1569 sola
508 1505 577 1569 haec
601 1506 814 1570 confirmetur
837 1507 1016 1588 scriptura:
1041 1526 1159 1586 quum
1181 1540 1224 1548 —
1245 1525 1339 1567 rue-

182 1619 291 1690 rent,
337 1614 509 1677 incursu
551 1613 761 1679 beluarum
808 1614 1115 1691 obtererentur,
1154 1612 1338 1676 rectissime

183 1719 340 1785 Gelenius
363 1721 396 1784 in
420 1719 470 1783 ed.
490 1720 587 1785 Frcb.
609 1721 640 1784 II
664 1729 704 1786 et
727 1721 855 1786 addidit
879 1722 1064 1800 (ruerent
1087 1726 1126 1783 et
1147 1718 1339 1795 incursu),

183 1828 271 1911 quod
293 1834 370 1911 post
392 1833 404 1889 t
427 1827 595 1909 excidit.¹)

269 1934 347 2019 Cap.
370 1932 423 2011 45,
459 1941 477 1999 7
513 1935 559 2015 (in
594 1935 751 2000 Zeuxidis
785 1936 885 2017 legati
920 1937 1002 2018 regii
1035 1933 1217 2013 orationel:
1252 1933 1338 1996 Non

181 2051 271 2122 tam,
295 2042 393 2124 quid
415 2043 498 2124 ipsi
521 2042 719 2121 dicamus,
742 2042 955 2120 habemus,
974 2063 1088 2124 quam
1116 2048 1159 2105 ut
1182 2064 1201 2106 a
1223 2040 1338 2104 vobis

181 2171 421 2235 quaeramus,
450 2151 634 2229 Romani,
658 2172 734 2232 quo
765 2144 937 2234 piaculo
961 2151 1130 2233 expiare
1159 2167 1338 2211 errorem

167 2258 571 2341 :regis-possimus,
596 2257 739 2322 Verbum
758 2259 969 2335 habemus,
994 2257 1079 2340 quod
1098 2259 1131 2320 in
1149 2254 1337 2337 vulgaribus

166 2365 352 2431 codicibus
376 2365 489 2445 (etiam
512 2364 552 2445 Β)
577 2366 749 2444 omittitur,
773 2365 921 2429 additum
946 2373 994 2429 est
1023 2386 1062 2429 ex
1085 2365 1118 2428 M
1143 2363 1339 2443 (adnotaute

174 2472 365 2539 Garbachio
388 2472 457 2536 haec
481 2472 567 2536 sola:
592 2473 687 2554 quid
706 2474 983 2555 ipsidicamus
1008 2470 1235 2550 habemus);
1259 2468 1339 2550 quid

170 2586 372 2665 superesset
393 2580 427 2642 iu
447 2580 593 2644 oratione
617 2580 726 2644 scabri
749 2587 783 2644 et
804 2581 907 2663 pravi,
925 2578 1212 2644 Drakenborchius
1237 2577 1339 2641 sensit
1439 2557 1444 2569 ’

155 2688 404 2769 (habemus,
426 2692 469 2750 ut
492 2689 749 2771 quaeramus);
773 2696 865 2753 recta
888 2690 1127 2762 omniserunt,
1152 2687 1178 2749 si
1198 2685 1337 2766 scripse-

142 2797 298 2862 1imus:
323 2814 438 2877 quam
461 2814 481 2857 a
502 2794 618 2859 vobis
642 2796 870 2876 quaerimus;
894 2795 992 2877 idque
1009 2795 1150 2859 fortasse
1173 2794 1280 2874 ipsum
1304 2792 1337 2855 in

135 2897 215 2962 lu
238 2899 316 2977 fuit;
340 2920 415 2964 nam
441 2922 664 2984 quaeramus
687 2924 801 2967 vereor
823 2924 879 2977 ne,
910 2905 1031 2967 omisso
1054 2901 1268 2975 habemus,
1298 2919 1338 2962 ex

135 3005 363 3071 <dicamus
386 3016 496 3073 ortum
519 3011 562 3074 sit
585 3017 618 3073 et
639 3017 816 3093 propterea
839 3009 988 3074 additum
1012 3016 1064 3073 ut.

213 3205 237 3271 ¹)
255 3208 488 3278 Gsp.44,4recte
503 3211 629 3266 codices:
650 3213 809 3281 legatiab
825 3212 1036 3281 Thyatiraet
1050 3211 1230 3279 Magnesia
1246 3216 1337 3277 (sors

249 3292 299 3360 M.)
313 3295 352 3348 ab
368 3294 490 3365 Sipylo
504 3325 540 3334 -
555 3303 737 3365 venerunt,
751 3316 809 3352 non
826 3298 901 3367 quod
915 3298 1026 3351 dicatur
1043 3315 1094 3367 per
1111 3316 1141 3350 se
1154 3299 1345 3367 Magnesia

250 3380 291 3432 ab
311 3378 352 3447 S,
375 3381 426 3435 sed
450 3384 539 3451 quod,
562 3384 610 3438 ubi
635 3381 671 3437 de
689 3383 850 3437 hominibus
870 3384 963 3450 aliquo
982 3382 1115 3452 proiectis
1134 3385 1240 3452 agitur,
1263 3402 1335 3455 prae·

249 3465 351 3533 positio
371 3466 487 3522 adeam
505 3469 651 3522 notionem
670 3470 914 3536 accommodatur,
933 3475 976 3535 ut,
996 3471 1042 3538 qui
1063 3469 1098 3523 ad
1118 3468 1243 3538 Sipylum
1263 3480 1336 3539 sunt,

252 3549 287 3601 ab
306 3548 404 3620 Sipylo
421 3553 532 3606 venisse
556 3554 702 3620 dicantur,
729 3554 964 3623 quemadmodum
983 3572 998 3608 e
1016 3555 1159 3608 contraria
1182 3560 1263 3623 parte
1280 3557 1335 3611 La·

250 3634 308 3687 tine
332 3636 454 3691 venire
479 3637 521 3691 ad
540 3639 690 3710 aliquem
709 3640 861 3707 Romam,
887 3640 921 3692 in
938 3639 1081 3693 Italiam
1100 3639 1215 3707 dicitur;
1242 3642 1337 3710 itaque

250 3719 366 3787 incolae,
395 3740 480 3790 quum
504 3724 571 3778 alibi
595 3730 737 3778 versantes
762 3726 934 3794 cogitantur,
964 3726 1145 3794 Magnetes
1170 3744 1188 3779 a
1213 3726 1336 3796 Sipylo

253 3806 431 3873 appellantur
449 3809 483 3875 (ol
502 3812 550 3862 dul
569 3822 594 3863 Σ.
614 3809 762 3877 sidyma).
802 3810 911 3864 Eodem
936 3811 1021 3864 modo
1039 3810 1133 3877 XLII,
1156 3813 1203 3877 56,
1227 3814 1243 3864 6
1262 3812 1335 3866 duae

249 3888 288 3941 ab
311 3889 479 3946 Heraclea
502 3911 539 3946 ex
563 3893 675 3947 Ponto
700 3896 864 3950 triremes
888 3896 1072 3965 appellantur.
1119 3891 1157 3961 [C.
1183 3898 1229 3962 50,
1253 3898 1283 3949 2:
1302 3924 1337 3934 —

249 3975 398 4043 placuit;
425 3978 480 4045 qui
498 3979 613 4032 Asiam
639 3981 793 4034 sortitus
825 3987 936 4047 esset,
963 3981 1145 4035 exercitus
1163 3980 1207 4040 ei,
1235 3999 1334 4048 quem

247 4058 279 4112 L.
299 4060 418 4130 Scipio
443 4063 606 4130 haberet,
634 4070 688 4119 est
710 4065 881 4120 decretus.
927 4066 1086 4143 Pronomen
1110 4066 1141 4119 ei
1163 4083 1278 4134 prorsus
1296 4067 1336 4120 in·

251 4146 400 4199 commodo
426 4148 490 4201 loco
508 4151 629 4218 ponitur.
675 4150 770 4204 Bamb¹
790 4152 925 4220 placuit
949 4157 982 4206 et
1005 4151 1062 4218 qui
1081 4150 1209 4217 Asiam,
1237 4169 1333 4218 quam-

248 4246 330 4297 quam
359 4237 460 4299 postas
491 4239 524 4288 et
552 4235 697 4289 inductum
726 4242 775 4289 est
820 4236 907 4291 Recte
936 4235 1095 4304 Ussingius:
1129 4263 1163 4274 -
1187 4236 1334 4304 placuit.

249 4312 305 4380 Ei,
325 4315 382 4383 qni
399 4317 519 4372 Asiam
537 4347 580 4387 —,
599 4320 782 4387 exercitus,
801 4337 900 4388 quem
918 4325 969 4375 cet.
1009 4318 1093 4387 lasa]
