2994 5108
212 469 273 524 nis.
293 469 314 523 r
558 450 563 458 ’
771 456 811 517 66

212 648 374 726 apparent
396 643 430 706 in
452 639 576 705 decade
599 645 719 723 quarta
740 640 774 704 in
797 638 1116 722 ood.Bambergensi
1139 645 1173 706 et
1194 640 1229 705 in
1252 640 1372 724 quinta

211 751 244 814 in
274 749 531 816 vindobonensi.
586 747 649 813 llic
682 748 814 832 quidem
847 768 886 813 eo
919 746 1050 813 facilius
1084 748 1275 813 aberratum
1307 753 1372 829 est,

211 857 299 943 qnod
316 858 426 924 alius
444 857 487 922 ad
499 856 683 941 proximum
700 855 858 922 iuvenis
869 856 1075 922 trahebatur.
1105 854 1370 939 [Ibideminhis:

209 966 248 1031 ls
267 988 385 1049 quum
402 965 602 1050 primores
621 965 816 1044 civitatis,
839 965 879 1029 in
901 964 1048 1046 quibus
1065 963 1236 1030 fratrem
1255 985 1370 1029 suum

210 1074 258 1139 ab
288 1073 486 1139 avunculo
509 1071 772 1137 interfectum
795 1071 1032 1151 audivisset,
1127 1072 1280 1138 statuit
1302 1077 1366 1137 cet.

209 1182 385 1247 durissime
414 1181 630 1266 praedicatum
659 1198 828 1245 commune
857 1180 905 1245 sic
933 1179 976 1245 ad
1004 1200 1123 1246 nomen
1145 1180 1181 1245 in
1204 1180 1371 1246 sententia

208 1290 348 1355 relativa
369 1290 600 1373 interpositum
622 1288 779 1367 refertur,
809 1293 847 1353 ut
869 1289 1070 1372 primores
1091 1287 1190 1372 plane
1213 1287 1371 1373 pendeat,

209 1419 270 1463 nec
304 1398 449 1482 suspicio
483 1396 593 1475 abest,
632 1397 711 1478 quin
744 1396 856 1461 Livius
897 1395 1146 1463 interfectos
1185 1396 1366 1480 scripserit.

210 1506 293 1571 Sunt
316 1513 427 1571 tamen
451 1505 518 1571 alia
540 1526 605 1570 non
628 1526 766 1589 prorsus
790 1503 967 1569 dissimilia
989 1504 1300 1570 accommodationis
1324 1504 1369 1570 ad

209 1615 349 1699 propius
373 1613 532 1697 exempla.
580 1610 687 1695 1861]

139 1728 193 1796 (54)
297 1720 375 1806 Cap.
401 1727 451 1801 58,
482 1726 499 1786 5
525 1721 579 1803 (de
602 1721 674 1788 Sex.
699 1720 878 1802 Tarquinio
902 1720 1063 1786 Lucretiae
1086 1727 1207 1804 prater
1228 1724 1369 1786 mortem

208 1830 350 1896 dedecus
379 1828 535 1911 minat0):
570 1849 648 1913 quo
681 1834 840 1894 terrore
876 1848 995 1912 quum
1028 1829 1199 1894 vicisset
1233 1827 1366 1895 obsti·

208 1945 346 2004 natam
379 1938 624 2022 pudicitiam
653 1937 767 2002 velut
794 1937 944 2002 victrix
972 1935 1101 2002 libido
1130 1936 1368 2021 profectus·

209 2066 283 2130 que
311 2047 403 2110 inde
426 2046 681 2128 Tarquinius
710 2044 825 2110 ferox
855 2051 1083 2128 expugnato
1113 2045 1260 2110 decore
1283 2066 1368 2110 mu·

207 2153 331 2219 liebri
356 2159 475 2232 esset,
497 2153 693 2218 Lucretia
715 2160 777 2218 cet.
812 2153 851 2218 ln
873 2153 935 2218 hoc
957 2153 1029 2217 loco
1052 2175 1154 2238 quum
1177 2152 1367 2236 superiores

208 2283 321 2327 omnes
355 2262 552 2340 tacuissent,
592 2261 718 2346 primus
751 2260 966 2326 Marklandus
1000 2260 1110 2340 haesit,
1149 2261 1183 2326 in
1217 2261 1366 2328 remedio

208 2368 395 2434 adhibendo
429 2366 545 2434 infelix
578 2367 703 2449 (velut
742 2368 884 2449 ultrix,
924 2370 1012 2454 quod
1047 2392 1067 2435 a
1101 2369 1266 2435 sententia
1299 2368 1366 2434 loci
1473 2354 1482 2374 ⁸

208 2477 445 2543 alienissimum
473 2476 552 2558 est);
585 2475 739 2542 Hertzius
768 2498 873 2561 nuper
900 2476 1017 2543 fortius
1046 2477 1128 2543 duas
1156 2498 1252 2543 voces
1275 2497 1366 2543 rese·

208 2584 331 2651 candas
367 2584 577 2668 significavit,
611 2605 683 2668 quae
713 2584 800 2650 unde
830 2591 912 2651 ortae
941 2593 975 2651 et
1002 2585 1124 2651 additae
1152 2587 1233 2665 sint,
1267 2603 1366 2650 nemo

208 2691 339 2757 divinet.
395 2692 550 2758 Mendum
585 2699 694 2758 tamen
729 2698 763 2757 et
795 2692 1006 2759 manifestum
1040 2700 1091 2760 est
1124 2701 1159 2759 et
1192 2691 1364 2772 eiusmodi,

208 2801 296 2885 quod
329 2800 455 2866 nullum
488 2802 627 2885 recipiat
660 2802 879 2866 excusationis
914 2802 1067 2868 colorem.
1130 2801 1215 2866 Nam
1246 2820 1365 2885 neque,

208 2930 267 2974 cur
304 2910 421 2975 victrix
459 2909 560 2975 libido
599 2910 715 2974 vicisse
754 2909 947 2992 pudicitiam
981 2909 1126 2989 dicatur,
1166 2908 1232 2975 ullo
1264 2907 1365 2974 modo

207 3018 425 3102 intellegitur,
461 3020 556 3102 quasi
579 3039 643 3083 non
667 3017 784 3081 victrix
806 3018 933 3083 vincere
954 3019 1114 3102 potuerit,
1149 3038 1271 3100 neque,
1304 3035 1363 3080 cur

207 3126 320 3191 velut
354 3127 470 3191 victrix
503 3125 647 3204 dicatur,
684 3146 755 3208 quse
788 3146 862 3190 vere
890 3126 1053 3209 planeque
1082 3127 1173 3205 vicit;
1208 3123 1362 3210 quodque

207 3234 492 3299 Weissenbornius
523 3233 565 3297 ad
594 3253 705 3298 vocem
726 3233 874 3298 victrix
897 3232 1070 3312 adscribit,
1104 3255 1144 3299 ea
1166 3254 1240 3298 cum
1261 3231 1364 3299 verbo

207 3342 378 3406 vicisset
411 3341 566 3424 copulata
600 3341 741 3423 speciem
776 3362 852 3406 vero
888 3343 1089 3407 contrariam
1123 3341 1300 3425 significari
1328 3346 1366 3407 et

207 3470 280 3514 cum
303 3469 341 3514 eo
364 3448 593 3532 comparari1),
621 3470 755 3532 prorsus
778 3450 901 3531 ignoro,
931 3470 1003 3533 quae
1026 3449 1069 3515 sit
1092 3471 1131 3515 ea
1154 3456 1212 3514 aut
1235 3448 1364 3532 species

207 3539 265 3622 aut
288 3556 507 3641 comparati03
536 3556 813 3636 Weissenbornio,
842 3558 932 3642 quod
956 3578 1051 3642 saepe,
1074 3557 1233 3622 accidisse
1256 3555 1364 3636 video,

206 3671 244 3730 ut
270 3664 313 3730 ad
341 3663 553 3731 offensionem
576 3665 716 3748 primum
739 3665 992 3746 adhaeresceret,
1026 3665 1144 3731 deinde
1167 3664 1257 3730 inani
1280 3663 1363 3729 arti·

205 3772 280 3837 ficio
309 3794 344 3838 se
367 3773 546 3857 expediret.
603 3771 816 3838 Scribendum
845 3781 897 3839 est
924 3796 991 3839 una
1018 3773 1132 3839 littera
1158 3773 1192 3836 in
1221 3771 1362 3837 similem

205 3888 335 3947 mutata
357 3880 383 3963 (t
404 3883 437 3946 in
460 3880 501 3962 l):
536 3902 612 3965 quo
642 3886 801 3947 terrore
831 3903 946 3965 quum
975 3884 1150 3948 vicisset
1172 3879 1363 3947 obstina-

233 4152 256 4221 ¹)
276 4153 345 4222 „Die
362 4153 548 4224 Verbindong
574 4154 626 4208 mit
654 4153 803 4208 vicisset
829 4153 898 4208 hebt
921 4154 984 4208 dem
1003 4153 1180 4208 Wirklichen
1198 4152 1363 4221 gegenirber

274 4239 323 4292 das
343 4238 515 4294 Scheinbare
532 4238 659 4293 hervor“.
