<?xml version="1.0" encoding="UTF-8"?>
<!DOCTYPE html PUBLIC "-//W3C//DTD XHTML 1.0 Transitional//EN"
    "http://www.w3.org/TR/xhtml1/DTD/xhtml1-transitional.dtd">
<html xmlns="http://www.w3.org/1999/xhtml" xml:lang="en" lang="en">
 <head>
  <title>
</title>
<meta http-equiv="Content-Type" content="text/html;charset=utf-8" />
  <meta name='ocr-system' content='tesseract 3.04.00' />
  <meta name='ocr-capabilities' content='ocr_page ocr_carea ocr_par ocr_line ocrx_word'/>
</head>
<body>
  <div class='ocr_page' id='page_1' title='image "./emendationesliv00madvgoog_0146.png"; bbox 0 0 3000 5116; ppageno 0'>
   <div class='ocr_carea' id='block_1_1' title="bbox 690 443 1295 546">
    <p class='ocr_par' dir='ltr' id='par_1_1' title="bbox 690 443 1295 546">
     <span class='ocr_line' id='line_1_1' title="bbox 690 443 1295 546; baseline 0.017 -10"><span class='ocrx_word' id='word_1_1' title='bbox 690 474 750 537; x_wconf 88' lang='lat'>135</span> <span class='ocrx_word' id='word_1_2' title='bbox 810 443 813 447; x_wconf 32' lang='lat'><em>⁵</em></span> <span class='ocrx_word' id='word_1_3' title='bbox 1181 491 1295 546; x_wconf 80' lang='grc'>1111.</span> 
     </span>
    </p>
   </div>
   <div class='ocr_carea' id='block_1_2' title="bbox 84 658 1380 3776">
    <p class='ocr_par' dir='ltr' id='par_1_2' title="bbox 84 658 1380 3776">
     <span class='ocr_line' id='line_1_2' title="bbox 136 658 1295 742; baseline 0.005 -18"><span class='ocrx_word' id='word_1_4' title='bbox 136 659 297 742; x_wconf 80' lang='lat' dir='ltr'>pertinet,</span> <span class='ocrx_word' id='word_1_5' title='bbox 329 658 426 724; x_wconf 90' lang='lat' dir='ltr'>nimis</span> <span class='ocrx_word' id='word_1_6' title='bbox 460 665 570 724; x_wconf 89' lang='lat' dir='ltr'>tamen</span> <span class='ocrx_word' id='word_1_7' title='bbox 603 659 762 725; x_wconf 79' lang='lat' dir='ltr'>audacter</span> <span class='ocrx_word' id='word_1_8' title='bbox 789 659 1003 726; x_wconf 89' lang='lat' dir='ltr'>Treboniae</span> <span class='ocrx_word' id='word_1_9' title='bbox 1032 663 1064 727; x_wconf 93' lang='lat' dir='ltr'>in</span> <span class='ocrx_word' id='word_1_10' title='bbox 1095 663 1295 730; x_wconf 75' lang='lat' dir='ltr'>editionibus</span> 
     </span>
     <span class='ocr_line' id='line_1_3' title="bbox 138 766 1295 853; baseline 0.006 -22"><span class='ocrx_word' id='word_1_11' title='bbox 138 766 370 849; x_wconf 82' lang='lat' dir='ltr'>substituitur,</span> <span class='ocrx_word' id='word_1_12' title='bbox 404 768 493 852; x_wconf 92' lang='lat' dir='ltr'>quod</span> <span class='ocrx_word' id='word_1_13' title='bbox 526 789 644 832; x_wconf 89' lang='lat' dir='ltr'>nomen</span> <span class='ocrx_word' id='word_1_14' title='bbox 677 789 714 834; x_wconf 96' lang='lat' dir='ltr'>eo</span> <span class='ocrx_word' id='word_1_15' title='bbox 750 769 857 833; x_wconf 91' lang='lat' dir='ltr'>minus</span> <span class='ocrx_word' id='word_1_16' title='bbox 890 769 1061 853; x_wconf 83' lang='lat' dir='ltr'>probabile</span> <span class='ocrx_word' id='word_1_17' title='bbox 1090 779 1142 837; x_wconf 91' lang='lat' dir='ltr'>est</span> <span class='ocrx_word' id='word_1_18' title='bbox 1169 774 1218 837; x_wconf 89' lang='lat' dir='ltr'>ita</span> <span class='ocrx_word' id='word_1_19' title='bbox 1240 773 1295 837; x_wconf 91' lang='lat' dir='ltr'>de·</span> 
     </span>
     <span class='ocr_line' id='line_1_4' title="bbox 84 877 1294 961; baseline 0.004 -21"><span class='ocrx_word' id='word_1_20' title='bbox 84 912 88 920; x_wconf 93' lang='lat'>·</span> <span class='ocrx_word' id='word_1_21' title='bbox 136 882 314 960; x_wconf 85' lang='lat' dir='ltr'>pravatum</span> <span class='ocrx_word' id='word_1_22' title='bbox 342 898 429 956; x_wconf 90' lang='lat' dir='ltr'>esse,</span> <span class='ocrx_word' id='word_1_23' title='bbox 464 877 554 961; x_wconf 93' lang='lat' dir='ltr'>quod</span> <span class='ocrx_word' id='word_1_24' title='bbox 582 877 697 960; x_wconf 84' lang='lat' dir='ltr'>paucis</span> <span class='ocrx_word' id='word_1_25' title='bbox 724 882 802 960; x_wconf 89' lang='lat' dir='ltr'>post</span> <span class='ocrx_word' id='word_1_26' title='bbox 829 877 978 943; x_wconf 85' lang='lat' dir='ltr'>versibus</span> <span class='ocrx_word' id='word_1_27' title='bbox 1001 877 1040 959; x_wconf 90' lang='grc'>(1.</span> <span class='ocrx_word' id='word_1_28' title='bbox 1068 885 1120 959; x_wconf 96' lang='grc'>11,</span> <span class='ocrx_word' id='word_1_29' title='bbox 1151 879 1183 961; x_wconf 96' lang='grc'>1)</span> <span class='ocrx_word' id='word_1_30' title='bbox 1205 888 1294 946; x_wconf 87' lang='grc'>11111</span> 
     </span>
     <span class='ocr_line' id='line_1_5' title="bbox 138 985 1295 1069; baseline 0.003 -19"><span class='ocrx_word' id='word_1_31' title='bbox 138 985 307 1051; x_wconf 85' lang='lat' dir='ltr'>scribitur.</span> <span class='ocrx_word' id='word_1_32' title='bbox 357 985 476 1069; x_wconf 89' lang='lat' dir='ltr'>Itaque</span> <span class='ocrx_word' id='word_1_33' title='bbox 504 985 617 1049; x_wconf 87' lang='lat' dir='ltr'>Livius</span> <span class='ocrx_word' id='word_1_34' title='bbox 645 990 775 1050; x_wconf 89' lang='lat' dir='ltr'>tantum</span> <span class='ocrx_word' id='word_1_35' title='bbox 803 987 973 1068; x_wconf 90' lang='lat' dir='ltr'>scripsisse</span> <span class='ocrx_word' id='word_1_36' title='bbox 1001 987 1147 1053; x_wconf 85' lang='lat' dir='ltr'>videtur:</span> <span class='ocrx_word' id='word_1_37' title='bbox 1181 986 1295 1053; x_wconf 89' lang='lat' dir='ltr'>labe-</span> 
     </span>
     <span class='ocr_line' id='line_1_6' title="bbox 137 1091 1295 1177; baseline 0.004 -20"><span class='ocrx_word' id='word_1_38' title='bbox 137 1091 340 1160; x_wconf 83' lang='lat' dir='ltr'>factandae</span> <span class='ocrx_word' id='word_1_39' title='bbox 373 1093 478 1176; x_wconf 84' lang='lat' dir='ltr'>legis</span> <span class='ocrx_word' id='word_1_40' title='bbox 512 1113 650 1176; x_wconf 87' lang='lat' dir='ltr'>causa,</span> <span class='ocrx_word' id='word_1_41' title='bbox 683 1093 834 1158; x_wconf 86' lang='lat' dir='ltr'>universe</span> <span class='ocrx_word' id='word_1_42' title='bbox 867 1093 987 1177; x_wconf 84' lang='lat' dir='ltr'>legem,</span> <span class='ocrx_word' id='word_1_43' title='bbox 1021 1092 1094 1177; x_wconf 81' lang='lat' dir='ltr'>quae</span> <span class='ocrx_word' id='word_1_44' title='bbox 1123 1117 1163 1161; x_wconf 90' lang='lat' dir='ltr'>ea</span> <span class='ocrx_word' id='word_1_45' title='bbox 1191 1096 1231 1162; x_wconf 92' lang='lat' dir='ltr'>de</span> <span class='ocrx_word' id='word_1_46' title='bbox 1259 1118 1295 1169; x_wconf 85' lang='grc'>11</span> 
     </span>
     <span class='ocr_line' id='line_1_7' title="bbox 137 1201 1181 1286; baseline -0.002 -18"><span class='ocrx_word' id='word_1_47' title='bbox 137 1207 237 1282; x_wconf 87' lang='lat' dir='ltr'>esset,</span> <span class='ocrx_word' id='word_1_48' title='bbox 260 1201 456 1285; x_wconf 79' lang='lat' dir='ltr'>significans,</span> <span class='ocrx_word' id='word_1_49' title='bbox 478 1223 554 1266; x_wconf 87' lang='lat' dir='ltr'>mox</span> <span class='ocrx_word' id='word_1_50' title='bbox 576 1202 685 1284; x_wconf 91' lang='lat' dir='ltr'>ipsum</span> <span class='ocrx_word' id='word_1_51' title='bbox 706 1221 824 1265; x_wconf 90' lang='lat' dir='ltr'>nomen</span> <span class='ocrx_word' id='word_1_52' title='bbox 847 1203 1027 1285; x_wconf 88' lang='lat' dir='ltr'>positurus.</span> <span class='ocrx_word' id='word_1_53' title='bbox 1076 1202 1181 1286; x_wconf 87' lang='grc'>1861.)</span> 
     </span>
     <span class='ocr_line' id='line_1_8' title="bbox 227 1308 1295 1395; baseline 0.001 -19"><span class='ocrx_word' id='word_1_54' title='bbox 227 1308 321 1395; x_wconf 81' lang='lat' dir='ltr'>[Cap.</span> <span class='ocrx_word' id='word_1_55' title='bbox 348 1315 402 1390; x_wconf 93' lang='lat' dir='ltr'>ll,</span> <span class='ocrx_word' id='word_1_56' title='bbox 431 1314 467 1389; x_wconf 81' lang='grc'>2,</span> <span class='ocrx_word' id='word_1_57' title='bbox 495 1309 554 1375; x_wconf 93' lang='lat' dir='ltr'>ubi</span> <span class='ocrx_word' id='word_1_58' title='bbox 576 1309 758 1374; x_wconf 88' lang='lat' dir='ltr'>Trebonius</span> <span class='ocrx_word' id='word_1_59' title='bbox 781 1312 997 1393; x_wconf 88' lang='lat' dir='ltr'>conqueritur</span> <span class='ocrx_word' id='word_1_60' title='bbox 1020 1312 1060 1376; x_wconf 95' lang='lat' dir='ltr'>de</span> <span class='ocrx_word' id='word_1_61' title='bbox 1084 1312 1213 1377; x_wconf 92' lang='lat' dir='ltr'>duobus</span> <span class='ocrx_word' id='word_1_62' title='bbox 1235 1314 1295 1378; x_wconf 91' lang='lat' dir='ltr'>tri-</span> 
     </span>
     <span class='ocr_line' id='line_1_9' title="bbox 137 1416 1295 1504; baseline 0 -19"><span class='ocrx_word' id='word_1_63' title='bbox 137 1419 236 1485; x_wconf 88' lang='lat' dir='ltr'>bunis</span> <span class='ocrx_word' id='word_1_64' title='bbox 257 1418 364 1504; x_wconf 90' lang='lat' dir='ltr'>plebis</span> <span class='ocrx_word' id='word_1_65' title='bbox 387 1424 503 1484; x_wconf 89' lang='lat' dir='ltr'>contra</span> <span class='ocrx_word' id='word_1_66' title='bbox 524 1418 630 1500; x_wconf 80' lang='lat' dir='ltr'>legem</span> <span class='ocrx_word' id='word_1_67' title='bbox 651 1416 847 1482; x_wconf 86' lang='lat' dir='ltr'>Treboniam</span> <span class='ocrx_word' id='word_1_68' title='bbox 861 1420 1050 1502; x_wconf 83' lang='lat' dir='ltr'>cooptatis,</span> <span class='ocrx_word' id='word_1_69' title='bbox 1081 1421 1117 1484; x_wconf 90' lang='lat' dir='ltr'>in</span> <span class='ocrx_word' id='word_1_70' title='bbox 1144 1420 1196 1485; x_wconf 89' lang='lat' dir='ltr'>his</span> <span class='ocrx_word' id='word_1_71' title='bbox 1225 1442 1295 1487; x_wconf 81' lang='lat' dir='ltr'>rer-</span> 
     </span>
     <span class='ocr_line' id='line_1_10' title="bbox 135 1524 1295 1613; baseline 0.003 -21"><span class='ocrx_word' id='word_1_72' title='bbox 135 1527 204 1593; x_wconf 90' lang='lat' dir='ltr'>bis:</span> <span class='ocrx_word' id='word_1_73' title='bbox 229 1528 279 1608; x_wconf 89' lang='lat' dir='ltr'>Is,</span> <span class='ocrx_word' id='word_1_74' title='bbox 302 1525 408 1611; x_wconf 92' lang='lat' dir='ltr'>quod</span> <span class='ocrx_word' id='word_1_75' title='bbox 426 1526 631 1611; x_wconf 91' lang='lat' dir='ltr'>petissent</span> <span class='ocrx_word' id='word_1_76' title='bbox 648 1532 787 1609; x_wconf 89' lang='lat' dir='ltr'>patres</span> <span class='ocrx_word' id='word_1_77' title='bbox 805 1524 966 1608; x_wconf 89' lang='lat' dir='ltr'>quidam</span> <span class='ocrx_word' id='word_1_78' title='bbox 984 1528 1111 1611; x_wconf 91' lang='lat' dir='ltr'>primo</span> <span class='ocrx_word' id='word_1_79' title='bbox 1129 1529 1295 1613; x_wconf 91' lang='lat' dir='ltr'>incepto</span> 
     </span>
     <span class='ocr_line' id='line_1_11' title="bbox 138 1633 1295 1720; baseline 0.003 -21"><span class='ocrx_word' id='word_1_80' title='bbox 138 1635 308 1720; x_wconf 89' lang='lat' dir='ltr'>repulsi,</span> <span class='ocrx_word' id='word_1_81' title='bbox 339 1643 471 1700; x_wconf 89' lang='lat' dir='ltr'>tamen</span> <span class='ocrx_word' id='word_1_82' title='bbox 493 1633 684 1699; x_wconf 87' lang='lat' dir='ltr'>tribunos</span> <span class='ocrx_word' id='word_1_83' title='bbox 706 1634 880 1699; x_wconf 91' lang='lat' dir='ltr'>militum</span> <span class='ocrx_word' id='word_1_84' title='bbox 903 1656 1169 1719; x_wconf 85' lang='lat' dir='ltr'>expugnasse,</span> <span class='ocrx_word' id='word_1_85' title='bbox 1192 1639 1295 1702; x_wconf 84' lang='lat' dir='ltr'>voci·</span> 
     </span>
     <span class='ocr_line' id='line_1_12' title="bbox 142 1741 1295 1827; baseline 0 -19"><span class='ocrx_word' id='word_1_86' title='bbox 142 1743 281 1809; x_wconf 86' lang='lat' dir='ltr'>forans</span> <span class='ocrx_word' id='word_1_87' title='bbox 305 1751 378 1822; x_wconf 86' lang='lat' dir='ltr'>cet,</span> <span class='ocrx_word' id='word_1_88' title='bbox 412 1763 513 1807; x_wconf 91' lang='lat' dir='ltr'>unum</span> <span class='ocrx_word' id='word_1_89' title='bbox 541 1764 663 1823; x_wconf 88' lang='lat' dir='ltr'>vereor,</span> <span class='ocrx_word' id='word_1_90' title='bbox 692 1763 733 1807; x_wconf 91' lang='lat' dir='ltr'>ne</span> <span class='ocrx_word' id='word_1_91' title='bbox 757 1749 791 1808; x_wconf 91' lang='lat' dir='ltr'>et</span> <span class='ocrx_word' id='word_1_92' title='bbox 812 1741 890 1806; x_wconf 91' lang='lat' dir='ltr'>olim</span> <span class='ocrx_word' id='word_1_93' title='bbox 914 1749 947 1807; x_wconf 93' lang='grc'>11</span> <span class='ocrx_word' id='word_1_94' title='bbox 968 1764 1073 1827; x_wconf 89' lang='lat' dir='ltr'>nuper</span> <span class='ocrx_word' id='word_1_95' title='bbox 1096 1743 1207 1827; x_wconf 84' lang='grc'>(1873)</span> <span class='ocrx_word' id='word_1_96' title='bbox 1230 1766 1295 1810; x_wconf 89' lang='grc'>111</span> 
     </span>
     <span class='ocr_line' id='line_1_13' title="bbox 137 1850 1295 1929; baseline 0.002 -12"><span class='ocrx_word' id='word_1_97' title='bbox 137 1858 228 1917; x_wconf 86' lang='grc'>11111</span> <span class='ocrx_word' id='word_1_98' title='bbox 256 1850 331 1916; x_wconf 89' lang='lat' dir='ltr'>aliis</span> <span class='ocrx_word' id='word_1_99' title='bbox 353 1852 587 1929; x_wconf 87' lang='lat' dir='ltr'>concesserim,</span> <span class='ocrx_word' id='word_1_100' title='bbox 621 1851 773 1916; x_wconf 87' lang='lat' dir='ltr'>tribunos</span> <span class='ocrx_word' id='word_1_101' title='bbox 807 1850 950 1915; x_wconf 92' lang='lat' dir='ltr'>militum</span> <span class='ocrx_word' id='word_1_102' title='bbox 978 1850 1053 1915; x_wconf 90' lang='lat' dir='ltr'>hinc</span> <span class='ocrx_word' id='word_1_103' title='bbox 1080 1855 1295 1919; x_wconf 82' lang='lat' dir='ltr'>removendos</span> 
     </span>
     <span class='ocr_line' id='line_1_14' title="bbox 140 1958 1295 2026; baseline 0.001 -2"><span class='ocrx_word' id='word_1_104' title='bbox 140 1980 223 2024; x_wconf 91' lang='lat' dir='ltr'>esse.</span> <span class='ocrx_word' id='word_1_105' title='bbox 273 1958 360 2025; x_wconf 84' lang='lat' dir='ltr'>Nam</span> <span class='ocrx_word' id='word_1_106' title='bbox 388 1959 451 2024; x_wconf 90' lang='lat' dir='ltr'>etsi</span> <span class='ocrx_word' id='word_1_107' title='bbox 480 1980 536 2025; x_wconf 86' lang='lat' dir='ltr'>eos</span> <span class='ocrx_word' id='word_1_108' title='bbox 564 1960 598 2023; x_wconf 93' lang='grc'>11</span> <span class='ocrx_word' id='word_1_109' title='bbox 625 1958 687 2023; x_wconf 91' lang='lat' dir='ltr'>hac</span> <span class='ocrx_word' id='word_1_110' title='bbox 714 1980 751 2023; x_wconf 90' lang='lat' dir='ltr'>re</span> <span class='ocrx_word' id='word_1_111' title='bbox 773 1959 884 2023; x_wconf 84' lang='lat' dir='ltr'>Livius</span> <span class='ocrx_word' id='word_1_112' title='bbox 914 1964 990 2023; x_wconf 91' lang='lat' dir='ltr'>ante</span> <span class='ocrx_word' id='word_1_113' title='bbox 1012 1976 1077 2024; x_wconf 88' lang='lat' dir='ltr'>non</span> <span class='ocrx_word' id='word_1_114' title='bbox 1101 1981 1295 2026; x_wconf 90' lang='lat' dir='ltr'>commemo-</span> 
     </span>
     <span class='ocr_line' id='line_1_15' title="bbox 138 2067 1295 2152; baseline 0.002 -20"><span class='ocrx_word' id='word_1_115' title='bbox 138 2069 239 2147; x_wconf 84' lang='lat' dir='ltr'>ravit,</span> <span class='ocrx_word' id='word_1_116' title='bbox 273 2073 384 2133; x_wconf 90' lang='lat' dir='ltr'>tamen</span> <span class='ocrx_word' id='word_1_117' title='bbox 417 2067 636 2152; x_wconf 88' lang='lat' dir='ltr'>probabiliter</span> <span class='ocrx_word' id='word_1_118' title='bbox 669 2068 703 2132; x_wconf 90' lang='lat' dir='ltr'>in</span> <span class='ocrx_word' id='word_1_119' title='bbox 737 2067 954 2149; x_wconf 83' lang='lat' dir='ltr'>exsequendis</span> <span class='ocrx_word' id='word_1_120' title='bbox 990 2074 1123 2151; x_wconf 92' lang='lat' dir='ltr'>patrum</span> <span class='ocrx_word' id='word_1_121' title='bbox 1150 2069 1295 2134; x_wconf 91' lang='lat' dir='ltr'>consiliis</span> 
     </span>
     <span class='ocr_line' id='line_1_16' title="bbox 140 2175 1294 2264; baseline 0.001 -23"><span class='ocrx_word' id='word_1_122' title='bbox 140 2177 259 2242; x_wconf 90' lang='lat' dir='ltr'>summi</span> <span class='ocrx_word' id='word_1_123' title='bbox 292 2177 521 2260; x_wconf 77' lang='lat' dir='ltr'>magistratus,</span> <span class='ocrx_word' id='word_1_124' title='bbox 561 2176 619 2260; x_wconf 91' lang='lat' dir='ltr'>qui</span> <span class='ocrx_word' id='word_1_125' title='bbox 656 2175 719 2240; x_wconf 94' lang='lat' dir='ltr'>hoc</span> <span class='ocrx_word' id='word_1_126' title='bbox 758 2195 845 2240; x_wconf 91' lang='lat' dir='ltr'>anno</span> <span class='ocrx_word' id='word_1_127' title='bbox 879 2196 991 2240; x_wconf 90' lang='lat' dir='ltr'>omnes</span> <span class='ocrx_word' id='word_1_128' title='bbox 1024 2178 1156 2264; x_wconf 91' lang='lat' dir='ltr'>patricii</span> <span class='ocrx_word' id='word_1_129' title='bbox 1189 2185 1294 2257; x_wconf 86' lang='lat' dir='ltr'>erant,</span> 
     </span>
     <span class='ocr_line' id='line_1_17' title="bbox 138 2283 1295 2367; baseline 0.002 -18"><span class='ocrx_word' id='word_1_130' title='bbox 138 2284 353 2350; x_wconf 85' lang='lat' dir='ltr'>intervenisse</span> <span class='ocrx_word' id='word_1_131' title='bbox 387 2283 628 2367; x_wconf 83' lang='lat' dir='ltr'>significantur,</span> <span class='ocrx_word' id='word_1_132' title='bbox 668 2305 728 2348; x_wconf 91' lang='lat' dir='ltr'>nec</span> <span class='ocrx_word' id='word_1_133' title='bbox 766 2305 843 2349; x_wconf 92' lang='lat' dir='ltr'>raro</span> <span class='ocrx_word' id='word_1_134' title='bbox 877 2283 988 2348; x_wconf 87' lang='lat' dir='ltr'>Livius</span> <span class='ocrx_word' id='word_1_135' title='bbox 1020 2285 1055 2348; x_wconf 89' lang='lat' dir='ltr'>in</span> <span class='ocrx_word' id='word_1_136' title='bbox 1089 2286 1295 2351; x_wconf 86' lang='lat' dir='ltr'>orationibus</span> 
     </span>
     <span class='ocr_line' id='line_1_18' title="bbox 139 2392 1295 2477; baseline 0.001 -20"><span class='ocrx_word' id='word_1_137' title='bbox 139 2392 267 2476; x_wconf 88' lang='lat' dir='ltr'>aliquid</span> <span class='ocrx_word' id='word_1_138' title='bbox 306 2393 504 2477; x_wconf 89' lang='lat' dir='ltr'>interponit,</span> <span class='ocrx_word' id='word_1_139' title='bbox 551 2392 642 2475; x_wconf 91' lang='lat' dir='ltr'>quod</span> <span class='ocrx_word' id='word_1_140' title='bbox 680 2392 715 2456; x_wconf 90' lang='lat' dir='ltr'>in</span> <span class='ocrx_word' id='word_1_141' title='bbox 753 2393 835 2476; x_wconf 91' lang='lat' dir='ltr'>ipsis</span> <span class='ocrx_word' id='word_1_142' title='bbox 876 2392 977 2457; x_wconf 89' lang='lat' dir='ltr'>rebus</span> <span class='ocrx_word' id='word_1_143' title='bbox 1015 2393 1190 2458; x_wconf 90' lang='lat' dir='ltr'>narrandis</span> <span class='ocrx_word' id='word_1_144' title='bbox 1230 2414 1295 2458; x_wconf 92' lang='lat' dir='ltr'>non</span> 
     </span>
     <span class='ocr_line' id='line_1_19' title="bbox 139 2499 1295 2585; baseline 0 -19"><span class='ocrx_word' id='word_1_145' title='bbox 139 2501 262 2585; x_wconf 88' lang='lat' dir='ltr'>posuit.</span> <span class='ocrx_word' id='word_1_146' title='bbox 314 2501 386 2567; x_wconf 91' lang='lat' dir='ltr'>Duo</span> <span class='ocrx_word' id='word_1_147' title='bbox 416 2507 504 2566; x_wconf 88' lang='grc'>11111</span> <span class='ocrx_word' id='word_1_148' title='bbox 526 2499 731 2585; x_wconf 88' lang='lat' dir='ltr'>reprehendi,</span> <span class='ocrx_word' id='word_1_149' title='bbox 754 2500 904 2581; x_wconf 91' lang='lat' dir='ltr'>alterum,</span> <span class='ocrx_word' id='word_1_150' title='bbox 927 2501 1015 2584; x_wconf 93' lang='lat' dir='ltr'>quod</span> <span class='ocrx_word' id='word_1_151' title='bbox 1038 2509 1180 2585; x_wconf 88' lang='lat' dir='ltr'>patres</span> <span class='ocrx_word' id='word_1_152' title='bbox 1204 2503 1295 2585; x_wconf 92' lang='lat' dir='ltr'>qui·</span> 
     </span>
     <span class='ocr_line' id='line_1_20' title="bbox 139 2607 1296 2694; baseline 0.001 -20"><span class='ocrx_word' id='word_1_153' title='bbox 139 2607 227 2674; x_wconf 88' lang='lat' dir='ltr'>dam</span> <span class='ocrx_word' id='word_1_154' title='bbox 256 2608 519 2694; x_wconf 87' lang='lat' dir='ltr'>appellarentur,</span> <span class='ocrx_word' id='word_1_155' title='bbox 554 2631 655 2693; x_wconf 92' lang='lat' dir='ltr'>quum</span> <span class='ocrx_word' id='word_1_156' title='bbox 684 2614 798 2692; x_wconf 91' lang='lat' dir='ltr'>aperte</span> <span class='ocrx_word' id='word_1_157' title='bbox 827 2616 860 2673; x_wconf 90' lang='lat' dir='ltr'>et</span> <span class='ocrx_word' id='word_1_158' title='bbox 888 2631 990 2693; x_wconf 91' lang='lat' dir='ltr'>supra</span> <span class='ocrx_word' id='word_1_159' title='bbox 1017 2608 1058 2692; x_wconf 90' lang='lat' dir='ltr'>(c.</span> <span class='ocrx_word' id='word_1_160' title='bbox 1090 2614 1143 2690; x_wconf 92' lang='lat'>10,</span> <span class='ocrx_word' id='word_1_161' title='bbox 1180 2609 1232 2691; x_wconf 95' lang='grc'>11)</span> <span class='ocrx_word' id='word_1_162' title='bbox 1261 2616 1296 2675; x_wconf 92' lang='grc'>11</span> 
     </span>
     <span class='ocr_line' id='line_1_21' title="bbox 136 2715 1380 2801; baseline 0 -18"><span class='ocrx_word' id='word_1_163' title='bbox 136 2723 257 2801; x_wconf 89' lang='lat' dir='ltr'>postea</span> <span class='ocrx_word' id='word_1_164' title='bbox 280 2715 311 2800; x_wconf 65' lang='grc' dir='ltr'>(ξ</span> <span class='ocrx_word' id='word_1_165' title='bbox 336 2720 354 2782; x_wconf 91' lang='grc'><strong>3</strong></span> <span class='ocrx_word' id='word_1_166' title='bbox 378 2717 462 2798; x_wconf 86' lang='grc'>114)</span> <span class='ocrx_word' id='word_1_167' title='bbox 486 2739 598 2783; x_wconf 91' lang='lat' dir='ltr'>omnes</span> <span class='ocrx_word' id='word_1_168' title='bbox 622 2715 885 2800; x_wconf 86' lang='lat' dir='ltr'>significarentur</span> <span class='ocrx_word' id='word_1_169' title='bbox 909 2723 950 2796; x_wconf 93' lang='grc'>11,</span> <span class='ocrx_word' id='word_1_170' title='bbox 973 2717 1061 2798; x_wconf 91' lang='lat' dir='ltr'>quod</span> <span class='ocrx_word' id='word_1_171' title='bbox 1084 2719 1207 2784; x_wconf 89' lang='lat' dir='ltr'>certius</span> <span class='ocrx_word' id='word_1_172' title='bbox 1230 2726 1290 2800; x_wconf 91' lang='lat' dir='ltr'>est,</span> <span class='ocrx_word' id='word_1_173' title='bbox 1310 2727 1380 2796; x_wconf 83' lang='grc'>(114)</span> 
     </span>
     <span class='ocr_line' id='line_1_22' title="bbox 136 2824 1295 2911; baseline 0 -20"><span class='ocrx_word' id='word_1_174' title='bbox 136 2832 271 2911; x_wconf 89' lang='lat' dir='ltr'>patrum</span> <span class='ocrx_word' id='word_1_175' title='bbox 302 2847 435 2905; x_wconf 92' lang='lat' dir='ltr'>nomen,</span> <span class='ocrx_word' id='word_1_176' title='bbox 471 2826 561 2910; x_wconf 89' lang='lat' dir='ltr'>quod</span> <span class='ocrx_word' id='word_1_177' title='bbox 584 2824 710 2890; x_wconf 91' lang='lat' dir='ltr'>ordinis</span> <span class='ocrx_word' id='word_1_178' title='bbox 734 2832 797 2904; x_wconf 91' lang='lat' dir='ltr'>est,</span> <span class='ocrx_word' id='word_1_179' title='bbox 831 2847 1001 2908; x_wconf 91' lang='lat' dir='ltr'>nunquam</span> <span class='ocrx_word' id='word_1_180' title='bbox 1023 2827 1071 2890; x_wconf 89' lang='lat' dir='ltr'>ita</span> <span class='ocrx_word' id='word_1_181' title='bbox 1094 2826 1134 2891; x_wconf 93' lang='lat' dir='ltr'>de</span> <span class='ocrx_word' id='word_1_182' title='bbox 1157 2827 1295 2910; x_wconf 88' lang='lat' dir='ltr'>singulis</span> 
     </span>
     <span class='ocr_line' id='line_1_23' title="bbox 137 2933 1296 3019; baseline 0.001 -20"><span class='ocrx_word' id='word_1_183' title='bbox 137 2941 332 3019; x_wconf 88' lang='lat' dir='ltr'>poneretur,</span> <span class='ocrx_word' id='word_1_184' title='bbox 366 2940 403 2999; x_wconf 91' lang='lat' dir='ltr'>ut</span> <span class='ocrx_word' id='word_1_185' title='bbox 430 2934 547 2999; x_wconf 90' lang='lat' dir='ltr'>multi</span> <span class='ocrx_word' id='word_1_186' title='bbox 576 2940 731 3017; x_wconf 89' lang='lat' dir='ltr'>patres,</span> <span class='ocrx_word' id='word_1_187' title='bbox 761 2933 894 3016; x_wconf 89' lang='lat' dir='ltr'>pauci,</span> <span class='ocrx_word' id='word_1_188' title='bbox 923 2933 1087 3016; x_wconf 85' lang='lat' dir='ltr'>aliquot</span> <span class='ocrx_word' id='word_1_189' title='bbox 1109 2934 1296 3000; x_wconf 87' lang='lat' dir='ltr'>dicerentur</span> 
     </span>
     <span class='ocr_line' id='line_1_24' title="bbox 139 3041 1295 3127; baseline -0.001 -19"><span class='ocrx_word' id='word_1_190' title='bbox 139 3041 215 3125; x_wconf 92' lang='lat' dir='ltr'>(sed</span> <span class='ocrx_word' id='word_1_191' title='bbox 242 3044 399 3127; x_wconf 86' lang='lat' dir='ltr'>partitive</span> <span class='ocrx_word' id='word_1_192' title='bbox 429 3042 547 3107; x_wconf 92' lang='lat' dir='ltr'>multi</span> <span class='ocrx_word' id='word_1_193' title='bbox 577 3049 752 3126; x_wconf 89' lang='lat' dir='ltr'>patrum,</span> <span class='ocrx_word' id='word_1_194' title='bbox 781 3041 965 3106; x_wconf 89' lang='lat' dir='ltr'>iuniores</span> <span class='ocrx_word' id='word_1_195' title='bbox 995 3041 1218 3123; x_wconf 89' lang='lat' dir='ltr'>patrum)¹),</span> <span class='ocrx_word' id='word_1_196' title='bbox 1247 3042 1295 3107; x_wconf 92' lang='lat' dir='ltr'>al·</span> 
     </span>
     <span class='ocr_line' id='line_1_25' title="bbox 136 3150 1294 3235; baseline 0 -19"><span class='ocrx_word' id='word_1_197' title='bbox 136 3156 261 3231; x_wconf 90' lang='lat' dir='ltr'>terum,</span> <span class='ocrx_word' id='word_1_198' title='bbox 296 3151 386 3235; x_wconf 91' lang='lat' dir='ltr'>quod</span> <span class='ocrx_word' id='word_1_199' title='bbox 414 3172 480 3215; x_wconf 89' lang='lat' dir='ltr'>uon</span> <span class='ocrx_word' id='word_1_200' title='bbox 507 3158 596 3216; x_wconf 91' lang='lat' dir='ltr'>recte</span> <span class='ocrx_word' id='word_1_201' title='bbox 620 3151 784 3215; x_wconf 89' lang='lat' dir='ltr'>diceretur</span> <span class='ocrx_word' id='word_1_202' title='bbox 808 3150 1100 3233; x_wconf 89' lang='lat' dir='ltr'>petissent...</span> <span class='ocrx_word' id='word_1_203' title='bbox 1125 3150 1294 3233; x_wconf 91' lang='lat' dir='ltr'>repulsi,</span> 
     </span>
     <span class='ocr_line' id='line_1_26' title="bbox 136 3256 1294 3344; baseline -0.002 -20"><span class='ocrx_word' id='word_1_204' title='bbox 136 3281 241 3344; x_wconf 89' lang='lat' dir='ltr'>quum</span> <span class='ocrx_word' id='word_1_205' title='bbox 264 3259 328 3324; x_wconf 92' lang='lat' dir='ltr'>hoc</span> <span class='ocrx_word' id='word_1_206' title='bbox 351 3258 496 3343; x_wconf 82' lang='lat' dir='ltr'>intellegi</span> <span class='ocrx_word' id='word_1_207' title='bbox 520 3258 664 3337; x_wconf 90' lang='lat' dir='ltr'>deberet,</span> <span class='ocrx_word' id='word_1_208' title='bbox 694 3257 829 3340; x_wconf 89' lang='lat' dir='ltr'>petisse,</span> <span class='ocrx_word' id='word_1_209' title='bbox 854 3257 914 3322; x_wconf 90' lang='lat' dir='ltr'>sed</span> <span class='ocrx_word' id='word_1_210' title='bbox 936 3257 1086 3342; x_wconf 88' lang='lat' dir='ltr'>repulsos</span> <span class='ocrx_word' id='word_1_211' title='bbox 1110 3279 1182 3323; x_wconf 90' lang='lat' dir='ltr'>esse</span> <span class='ocrx_word' id='word_1_212' title='bbox 1206 3256 1294 3340; x_wconf 90' lang='lat' dir='ltr'>(non,</span> 
     </span>
     <span class='ocr_line' id='line_1_27' title="bbox 136 3365 1295 3452; baseline 0 -21"><span class='ocrx_word' id='word_1_213' title='bbox 136 3373 215 3452; x_wconf 90' lang='lat' dir='ltr'>post</span> <span class='ocrx_word' id='word_1_214' title='bbox 235 3367 403 3452; x_wconf 86' lang='lat' dir='ltr'>repulsam</span> <span class='ocrx_word' id='word_1_215' title='bbox 425 3365 578 3452; x_wconf 84' lang='lat' dir='ltr'>petisse);</span> <span class='ocrx_word' id='word_1_216' title='bbox 614 3365 776 3430; x_wconf 83' lang='lat' dir='ltr'>diversum</span> <span class='ocrx_word' id='word_1_217' title='bbox 805 3366 889 3430; x_wconf 88' lang='lat' dir='ltr'>enim</span> <span class='ocrx_word' id='word_1_218' title='bbox 914 3387 985 3431; x_wconf 90' lang='lat' dir='ltr'>esse</span> <span class='ocrx_word' id='word_1_219' title='bbox 1008 3388 1104 3431; x_wconf 90' lang='lat' dir='ltr'>usum</span> <span class='ocrx_word' id='word_1_220' title='bbox 1127 3367 1295 3451; x_wconf 90' lang='lat' dir='ltr'>participii</span> 
     </span>
     <span class='ocr_line' id='line_1_28' title="bbox 135 3473 1293 3560; baseline 0.001 -20"><span class='ocrx_word' id='word_1_221' title='bbox 135 3474 276 3560; x_wconf 82' lang='lat' dir='ltr'>perfecti</span> <span class='ocrx_word' id='word_1_222' title='bbox 306 3476 463 3560; x_wconf 91' lang='lat' dir='ltr'>temporis</span> <span class='ocrx_word' id='word_1_223' title='bbox 492 3475 525 3539; x_wconf 91' lang='lat' dir='ltr'>in</span> <span class='ocrx_word' id='word_1_224' title='bbox 553 3473 709 3540; x_wconf 88' lang='lat' dir='ltr'>ablativis</span> <span class='ocrx_word' id='word_1_225' title='bbox 738 3473 899 3539; x_wconf 91' lang='lat' dir='ltr'>absolutis</span> <span class='ocrx_word' id='word_1_226' title='bbox 931 3475 970 3538; x_wconf 93' lang='lat' dir='ltr'>de</span> <span class='ocrx_word' id='word_1_227' title='bbox 992 3496 1043 3552; x_wconf 93' lang='lat' dir='ltr'>re,</span> <span class='ocrx_word' id='word_1_228' title='bbox 1077 3496 1149 3559; x_wconf 87' lang='lat' dir='ltr'>quae</span> <span class='ocrx_word' id='word_1_229' title='bbox 1172 3476 1293 3558; x_wconf 89' lang='lat' dir='ltr'>prima-</span> 
     </span>
     <span class='ocr_line' id='line_1_29' title="bbox 136 3580 1293 3664; baseline -0.001 -16"><span class='ocrx_word' id='word_1_230' title='bbox 136 3584 221 3649; x_wconf 85' lang='lat' dir='ltr'>riam</span> <span class='ocrx_word' id='word_1_231' title='bbox 245 3584 409 3649; x_wconf 89' lang='lat' dir='ltr'>actionem</span> <span class='ocrx_word' id='word_1_232' title='bbox 433 3583 647 3648; x_wconf 88' lang='lat' dir='ltr'>comitaretur</span> <span class='ocrx_word' id='word_1_233' title='bbox 670 3580 740 3664; x_wconf 88' lang='lat' dir='ltr'>(Gr.</span> <span class='ocrx_word' id='word_1_234' title='bbox 754 3581 856 3664; x_wconf 73' lang='lat' dir='ltr'>Lat.§</span> <span class='ocrx_word' id='word_1_235' title='bbox 875 3587 934 3646; x_wconf 79' lang='lat'>431</span> <span class='ocrx_word' id='word_1_236' title='bbox 954 3583 975 3648; x_wconf 93' lang='lat' dir='ltr'>b</span> <span class='ocrx_word' id='word_1_237' title='bbox 994 3589 1061 3647; x_wconf 90' lang='lat' dir='ltr'>not.</span> <span class='ocrx_word' id='word_1_238' title='bbox 1080 3587 1098 3645; x_wconf 80' lang='lat'><strong>2</strong></span> <span class='ocrx_word' id='word_1_239' title='bbox 1118 3582 1167 3648; x_wconf 89' lang='lat' dir='ltr'>ed.</span> <span class='ocrx_word' id='word_1_240' title='bbox 1185 3585 1293 3649; x_wconf 87' lang='lat' dir='ltr'>tertiae</span> 
     </span>
     <span class='ocr_line' id='line_1_30' title="bbox 136 3690 1294 3776; baseline -0.001 -20"><span class='ocrx_word' id='word_1_241' title='bbox 136 3690 309 3774; x_wconf 77' lang='lat' dir='ltr'>Germ.).²)</span> <span class='ocrx_word' id='word_1_242' title='bbox 339 3690 457 3774; x_wconf 82' lang='lat' dir='ltr'>(Magis</span> <span class='ocrx_word' id='word_1_243' title='bbox 476 3692 575 3756; x_wconf 89' lang='lat' dir='ltr'>etiam</span> <span class='ocrx_word' id='word_1_244' title='bbox 594 3690 759 3755; x_wconf 84' lang='lat' dir='ltr'>diversum</span> <span class='ocrx_word' id='word_1_245' title='bbox 777 3711 850 3755; x_wconf 88' lang='lat' dir='ltr'>esse</span> <span class='ocrx_word' id='word_1_246' title='bbox 868 3698 1007 3775; x_wconf 89' lang='lat' dir='ltr'>apparet</span> <span class='ocrx_word' id='word_1_247' title='bbox 1018 3713 1114 3756; x_wconf 92' lang='lat' dir='ltr'>usum</span> <span class='ocrx_word' id='word_1_248' title='bbox 1126 3692 1294 3776; x_wconf 89' lang='lat' dir='ltr'>participii</span> 
     </span>
    </p>
   </div>
   <div class='ocr_carea' id='block_1_3' title="bbox 164 3927 1292 4427">
    <p class='ocr_par' dir='ltr' id='par_1_3' title="bbox 167 3927 1292 4069">
     <span class='ocr_line' id='line_1_31' title="bbox 167 3927 1292 3996; baseline -0.003 -15"><span class='ocrx_word' id='word_1_249' title='bbox 167 3927 190 3994; x_wconf 91' lang='lat'>¹)</span> <span class='ocrx_word' id='word_1_250' title='bbox 209 3927 307 3983; x_wconf 83' lang='lat' dir='ltr'>Cicero</span> <span class='ocrx_word' id='word_1_251' title='bbox 327 3927 412 3983; x_wconf 87' lang='lat' dir='ltr'>semel</span> <span class='ocrx_word' id='word_1_252' title='bbox 431 3928 530 3983; x_wconf 89' lang='lat' dir='ltr'>ludens</span> <span class='ocrx_word' id='word_1_253' title='bbox 549 3927 632 3982; x_wconf 86' lang='lat' dir='ltr'>dixit:</span> <span class='ocrx_word' id='word_1_254' title='bbox 655 3927 804 3982; x_wconf 83' lang='lat' dir='ltr'>mutavit</span> <span class='ocrx_word' id='word_1_255' title='bbox 827 3927 975 3996; x_wconf 89' lang='lat' dir='ltr'>calceos;</span> <span class='ocrx_word' id='word_1_256' title='bbox 998 3933 1096 3995; x_wconf 85' lang='lat' dir='ltr'>pater</span> <span class='ocrx_word' id='word_1_257' title='bbox 1117 3927 1292 3994; x_wconf 91' lang='lat' dir='ltr'>conscrip-</span> 
     </span>
     <span class='ocr_line' id='line_1_32' title="bbox 207 4012 473 4069; baseline 0.004 -2"><span class='ocrx_word' id='word_1_258' title='bbox 207 4018 263 4068; x_wconf 85' lang='lat' dir='ltr'>tus</span> <span class='ocrx_word' id='word_1_259' title='bbox 281 4012 394 4069; x_wconf 85' lang='lat' dir='ltr'>faetus</span> <span class='ocrx_word' id='word_1_260' title='bbox 414 4019 473 4068; x_wconf 86' lang='grc'>111.</span> 
     </span>
    </p>

    <p class='ocr_par' dir='ltr' id='par_1_4' title="bbox 164 4096 1292 4427">
     <span class='ocr_line' id='line_1_33' title="bbox 164 4096 1291 4169; baseline -0.004 -16"><span class='ocrx_word' id='word_1_261' title='bbox 164 4098 190 4165; x_wconf 79' lang='lat'>&#39;)</span> <span class='ocrx_word' id='word_1_262' title='bbox 207 4097 251 4154; x_wconf 83' lang='lat' dir='ltr'>Ne</span> <span class='ocrx_word' id='word_1_263' title='bbox 268 4099 383 4155; x_wconf 86' lang='lat' dir='ltr'>Tacitus</span> <span class='ocrx_word' id='word_1_264' title='bbox 405 4100 517 4169; x_wconf 88' lang='lat' dir='ltr'>quidem</span> <span class='ocrx_word' id='word_1_265' title='bbox 542 4106 570 4155; x_wconf 89' lang='lat' dir='ltr'>et</span> <span class='ocrx_word' id='word_1_266' title='bbox 589 4099 755 4167; x_wconf 85' lang='lat' dir='ltr'>Suetonius,</span> <span class='ocrx_word' id='word_1_267' title='bbox 782 4099 830 4168; x_wconf 93' lang='lat' dir='ltr'>qui</span> <span class='ocrx_word' id='word_1_268' title='bbox 853 4100 894 4153; x_wconf 88' lang='lat' dir='ltr'>ita</span> <span class='ocrx_word' id='word_1_269' title='bbox 911 4099 1066 4169; x_wconf 85' lang='lat' dir='ltr'>perfectum</span> <span class='ocrx_word' id='word_1_270' title='bbox 1084 4096 1225 4167; x_wconf 90' lang='lat' dir='ltr'>participii</span> <span class='ocrx_word' id='word_1_271' title='bbox 1243 4111 1291 4164; x_wconf 93' lang='lat' dir='ltr'>po-</span> 
     </span>
     <span class='ocr_line' id='line_1_34' title="bbox 207 4185 1292 4254; baseline -0.006 -14"><span class='ocrx_word' id='word_1_272' title='bbox 207 4191 278 4240; x_wconf 90' lang='lat' dir='ltr'>nunt</span> <span class='ocrx_word' id='word_1_273' title='bbox 300 4186 330 4239; x_wconf 92' lang='lat' dir='ltr'>in</span> <span class='ocrx_word' id='word_1_274' title='bbox 355 4186 486 4241; x_wconf 82' lang='lat' dir='ltr'>ablativis</span> <span class='ocrx_word' id='word_1_275' title='bbox 510 4186 649 4241; x_wconf 83' lang='lat' dir='ltr'>absolutis</span> <span class='ocrx_word' id='word_1_276' title='bbox 673 4185 861 4254; x_wconf 82' lang='lat' dir='ltr'>adiungendis</span> <span class='ocrx_word' id='word_1_277' title='bbox 886 4185 920 4239; x_wconf 92' lang='lat' dir='ltr'>de</span> <span class='ocrx_word' id='word_1_278' title='bbox 943 4190 1045 4239; x_wconf 86' lang='lat' dir='ltr'>eventu</span> <span class='ocrx_word' id='word_1_279' title='bbox 1067 4186 1220 4238; x_wconf 90' lang='lat' dir='ltr'>consecuto</span> <span class='ocrx_word' id='word_1_280' title='bbox 1244 4186 1292 4235; x_wconf 89' lang='lat' dir='ltr'>aut</span> 
     </span>
     <span class='ocr_line' id='line_1_35' title="bbox 206 4268 1288 4340; baseline -0.003 -16"><span class='ocrx_word' id='word_1_281' title='bbox 206 4288 265 4325; x_wconf 91' lang='lat' dir='ltr'>non</span> <span class='ocrx_word' id='word_1_282' title='bbox 283 4277 437 4327; x_wconf 91' lang='lat' dir='ltr'>consecuto</span> <span class='ocrx_word' id='word_1_283' title='bbox 456 4272 544 4340; x_wconf 83' lang='lat' dir='ltr'>(velut</span> <span class='ocrx_word' id='word_1_284' title='bbox 561 4272 637 4326; x_wconf 86' lang='lat' dir='ltr'>Suet.</span> <span class='ocrx_word' id='word_1_285' title='bbox 658 4269 753 4325; x_wconf 84' lang='lat' dir='ltr'>Claud.</span> <span class='ocrx_word' id='word_1_286' title='bbox 773 4272 818 4324; x_wconf 82' lang='lat'>26:</span> <span class='ocrx_word' id='word_1_287' title='bbox 842 4289 908 4325; x_wconf 93' lang='lat' dir='ltr'>non</span> <span class='ocrx_word' id='word_1_288' title='bbox 926 4271 1084 4339; x_wconf 85' lang='lat' dir='ltr'>repertis.</span> <span class='ocrx_word' id='word_1_289' title='bbox 1108 4268 1165 4338; x_wconf 89' lang='lat' dir='ltr'>qui</span> <span class='ocrx_word' id='word_1_290' title='bbox 1184 4285 1288 4323; x_wconf 87' lang='lat' dir='ltr'>exem·</span> 
     </span>
     <span class='ocr_line' id='line_1_36' title="bbox 206 4356 1070 4427; baseline -0.001 -17"><span class='ocrx_word' id='word_1_291' title='bbox 206 4357 297 4427; x_wconf 90' lang='lat' dir='ltr'>plum</span> <span class='ocrx_word' id='word_1_292' title='bbox 316 4357 562 4426; x_wconf 88' lang='lat' dir='ltr'>sequerentur),</span> <span class='ocrx_word' id='word_1_293' title='bbox 581 4358 621 4412; x_wconf 89' lang='lat' dir='ltr'>sic</span> <span class='ocrx_word' id='word_1_294' title='bbox 639 4356 760 4426; x_wconf 90' lang='lat' dir='ltr'>simplici</span> <span class='ocrx_word' id='word_1_295' title='bbox 777 4357 927 4427; x_wconf 87' lang='lat' dir='ltr'>participio</span> <span class='ocrx_word' id='word_1_296' title='bbox 944 4361 1070 4410; x_wconf 87' lang='lat' dir='ltr'>utuntur.</span> 
     </span>
    </p>
   </div>
   <div class='ocr_carea' id='block_1_4' title="bbox 0 0 1504 5116">
    <p class='ocr_par' dir='ltr' id='par_1_5' title="bbox 0 0 1504 5116">
     <span class='ocr_line' id='line_1_37' title="bbox 0 0 1504 5116; baseline 0 0"><span class='ocrx_word' id='word_1_297' title='bbox 0 0 1504 5116; x_wconf 95' lang='lat' dir='ltr'> </span> 
     </span>
    </p>
   </div>
  </div>
 </body>
</html>
