2994 5108
684 468 745 530 735
1123 480 1286 537 nram.

136 655 208 720 dice
241 654 288 719 sic
321 652 491 719 scribitur:
537 652 682 718 Divisa
720 654 872 737 aitqua
910 652 1153 719 Macedoniae
1192 675 1288 738 par·

135 765 237 830 tium
276 760 420 827 usibus
460 762 668 845 separatis
703 769 854 843 quanta
883 761 1104 846 (Kreyssigius
1139 764 1289 848 quanio

136 870 234 938 scribi
274 868 390 951 tradit)
430 870 644 936 universos
685 870 819 935 tendit
850 868 1077 937 Macedonae
1111 870 1288 938 formula
1327 872 1336 886 ‘

137 980 251 1045 dieta
285 1000 369 1043 cunr
402 977 516 1062 leges
546 999 703 1062 quoque
732 1000 771 1044 se
805 979 994 1044 daturum
1022 979 1287 1045 ostendisset.

135 1088 239 1154 Prave
262 1094 296 1153 et
314 1086 473 1171 Grynaeus
496 1092 530 1151 et
546 1094 622 1170 post
638 1108 711 1153 eum
731 1108 844 1153 omnes
861 1087 916 1152 hie
936 1088 1118 1154 orationem
1135 1088 1289 1153 insistere

134 1196 319 1274 voluerunt,
338 1196 510 1275 sententia,
529 1196 664 1261 sirecte
682 1217 699 1261 e
717 1195 827 1261 verbis
839 1194 990 1275 efficitur,
1008 1196 1105 1280 plane
1123 1216 1287 1281 perversa.

134 1305 219 1371 Nam
241 1305 298 1388 qui
321 1304 369 1368 sic
391 1305 615 1369 narrationem
639 1304 820 1369 concludit:
855 1302 1031 1370 formula
1059 1304 1171 1370 dicta
1200 1303 1288 1385 (est),

136 1434 251 1496 quum
294 1411 404 1495 leges
449 1432 610 1494 quoque
643 1434 682 1478 se
724 1412 915 1478 daturum
948 1412 1289 1492 ostendisset,‚is

135 1520 369 1606 (preterquam
397 1520 485 1605 quod
514 1519 650 1587 offendit
682 1527 759 1606 post
781 1521 973 1604 primariam
995 1521 1193 1586 sententiam
1214 1540 1289 1603 pas-

136 1629 206 1695 siva
232 1626 338 1693 forma
371 1630 441 1694 sine
474 1649 623 1713 personae
656 1629 787 1694 nomine
820 1629 963 1713 positam
990 1628 1187 1694 secundaria
1216 1648 1289 1692 sen-

134 1736 241 1803 tentia
263 1737 367 1801 active
391 1737 492 1819 elata)
516 1759 589 1803 cum
611 1737 865 1821 reprehensione
888 1737 1001 1822 aliqua
1028 1759 1069 1803 ex
1089 1736 1189 1802 rebus
1211 1741 1288 1809 ante

135 1845 305 1930 promissis
327 1851 456 1910 tantum
479 1850 608 1929 partem
630 1845 796 1929 expletam
819 1867 889 1912 esse
913 1844 1085 1929 significat.
1121 1843 1183 1921 Qui
1205 1864 1290 1927 prae·

135 1961 186 2020 ter
208 1953 256 2034 id,
279 1952 366 2037 quod
389 1973 475 2018 nunc
502 1952 628 2019 factum
649 1955 705 2035 sit,
728 1961 889 2039 praeterea
911 1954 1038 2040 aliquid
1064 1955 1097 2019 in
1120 1960 1290 2037 posterum

135 2063 332 2147 promissum
355 2060 528 2145 significat,
549 2063 578 2128 ie
601 2061 644 2143 (si
665 2061 797 2146 quidem
819 2062 873 2127 hie
897 2065 1003 2129 oratio
1025 2060 1151 2143 finitur)
1174 2081 1285 2126 neces·
1303 2061 1374 2129 (612)

136 2173 224 2238 serio
248 2170 342 2236 dicit:
369 2169 543 2246 formula
565 2170 693 2250 dieta,
717 2171 829 2253 leges
853 2192 1010 2255 quoque
1035 2193 1076 2237 se
1099 2170 1287 2235 daturum

136 2279 327 2347 ostendit.
372 2278 529 2345 Extrema
560 2279 661 2362 igitur
688 2279 788 2344 verba
816 2301 890 2345 cum
917 2281 1032 2365 primis
1065 2277 1206 2363 proximi
1235 2296 1289 2340 ca·

134 2388 213 2473 pitis
237 2386 465 2470 coniungenda
486 2394 576 2469 sunt,
607 2409 729 2471 quare
753 2387 895 2454 efficitur
917 2389 1107 2473 aptissimus
1130 2384 1288 2452 orationis

137 2497 317 2562 transitus:
341 2494 590 2561 Macedoniae
607 2494 780 2562 formula
798 2497 918 2576 dieta,
937 2518 1053 2580 quum
1069 2496 1181 2580 leges
1200 2513 1289 2575 quo·

138 2627 212 2690 que
238 2626 279 2670 se
302 2603 490 2669 daturum
524 2603 796 2685 ostendisset,
829 2605 953 2672 AEtoli
982 2605 1130 2672 deinde
1153 2605 1289 2684 eitati3

136 2715 176 2779 in
199 2734 276 2797 qua
298 2712 533 2794 cognitione
563 2720 623 2778 cet.
670 2710 862 2797 Superiora,
886 2734 959 2797 quae
988 2713 1219 2799 disputationis
1248 2712 1289 2778 de

136 2820 332 2887 Macedonia
360 2820 429 2884 sine
456 2819 524 2885 ullo
552 2820 764 2886 incolentium
792 2821 998 2888 incommodo
1026 2822 1130 2887 divisa
1159 2819 1289 2887 conclu·

139 2932 265 2996 sionem
299 2929 471 2995 continent
503 2927 706 3011 redeuntque
741 2929 784 2994 ad
817 2930 1014 2996 sententiam
1047 2928 1063 3013 ξ
1094 2933 1112 2993 2
1146 2930 1289 3012 positam

138 3037 444 3120 (adaequante
465 3035 704 3103 Macedonia
726 3043 845 3117 esset,
868 3073 910 3085 -
931 3036 1175 3103 Macedones
1198 3057 1288 3118 quo·
1357 3059 1361 3067 ·

138 3166 212 3229 que
235 3144 505 3229 ignorabant),
529 3145 576 3210 sic
593 3145 767 3211 scribenda
784 3167 855 3211 esse
872 3145 1031 3211 arbitror:
1055 3146 1195 3210 Divisa
1216 3145 1290 3210 ita·

139 3275 212 3336 que
235 3253 490 3332 Macedonia,
514 3253 689 3336 partium
712 3253 856 3320 usibus
886 3254 1109 3338 separatis,
1138 3259 1290 3337 quanta

137 3361 332 3426 universa
365 3368 492 3441 esset,
527 3361 719 3428 ostendit.
769 3362 964 3429 Universam
996 3362 1223 3429 Macedoniam
1256 3367 1290 3426 et

138 3476 249 3553 partes
272 3470 456 3534 contrarias
479 3470 557 3553 poni
580 3476 706 3535 certum
730 3476 794 3551 est;
828 3491 889 3536 nec
918 3470 958 3536 de
981 3468 1165 3537 ostendit
1187 3467 1287 3535 verbo

137 3576 206 3642 nlla
227 3584 278 3642 est
302 3576 515 3658 dubitatio.¹)

224 3681 304 3770 Gap.
328 3688 378 3764 31,
402 3692 436 3750 4:
459 3685 554 3752 Tria
576 3706 722 3768 genera
739 3686 969 3770 principum
985 3687 1025 3751 in
1043 3686 1288 3752 civitatibus

139 3791 289 3875 (Gracia)
314 3800 445 3874 erant;
480 3793 571 3874 duo,
605 3815 689 3879 qnae
711 3829 753 3840 —
782 3794 862 3860 sibi
889 3795 1081 3879 privatim
1104 3816 1198 3878 opes
1222 3815 1289 3878 op·

137 3901 294 3985 pressis
315 3899 524 3968 iaciebant
552 3903 801 3968 civitatibus
830 3900 916 3983 (cod.
940 3903 1151 3969 civitatem
1179 3901 1288 3984 sibi);

142 4078 366 4090 -1——.

164 4171 188 4240 ¹)
208 4169 299 4239 [Quod
322 4171 412 4226 oratio
436 4173 508 4226 redit
535 4172 570 4226 ad
588 4172 620 4227 L.
640 4173 787 4230 AEmilium
809 4193 867 4231 non
884 4175 1011 4246 proxime
1029 4173 1218 4240 nominatum,
1238 4173 1288 4228 sed

208 4256 243 4312 de
262 4257 340 4312 cuins
358 4258 427 4312 actis
445 4263 506 4312 tota
523 4260 651 4314 narratio
669 4265 726 4326 est,
755 4260 788 4314 de
807 4277 840 4315 eo
868 4258 916 4315 cfr.
937 4257 1287 4328 0.ar,t,xxx1,eo,1,

206 4340 371 4412 XXXVIII,
393 4346 433 4411 13,
452 4341 488 4412 2.]
