2994 5108
221 503 281 557 Lib.
301 502 397 557 XLIV.
768 492 830 554 708

221 683 358 758 guntur:
393 675 473 758 Ego
507 682 645 740 autem
678 697 808 760 neque
849 696 1077 740 mansurum
1111 697 1201 740 eum
1232 674 1369 756 (hostem

222 782 356 864 Persea)
390 805 519 868 neque
553 785 592 848 in
626 784 749 848 aciem
784 785 926 867 copias
966 784 1208 850 educturum
1244 783 1367 849 fuisse

168 876 171 881 ’
222 891 544 970 certumhabe0‚
578 892 612 957 si
634 891 777 956 cedere
810 892 903 957 hinc
933 893 1165 957 statuisset.
1210 891 1367 970 Quanto

221 1000 325 1065 enim
347 999 516 1065 facilius
540 1000 655 1065 abire
682 999 776 1079 fnit,
811 1022 929 1084 quum
956 1000 1099 1084 procul
1129 999 1369 1078 abessemus‚

220 1128 337 1192 quarn
366 1129 485 1187 nunc,
520 1129 635 1191 quum
662 1109 701 1173 in
730 1108 962 1175 cervicibus
997 1109 1154 1174 sumus?
1199 1107 1369 1174 Necfal·

220 1215 325 1280 leret
347 1237 416 1281 nos
440 1216 627 1282 interdiu
650 1222 719 1282 aut
741 1223 861 1282 nocte
884 1216 1077 1281 abeundo.
1113 1215 1216 1293 Quid
1240 1221 1370 1281 autem

220 1331 283 1389 θεῖ
305 1324 428 1390 nobis
452 1325 639 1409 optatius
662 1345 778 1408 quam
811 1330 871 1403 ut,
905 1345 1075 1407 quorum
1105 1332 1369 1408 castraprae·

220 1433 307 1498 alta
328 1432 515 1498 fluminis
538 1434 629 1515 ripa
651 1440 793 1499 tuta-
810 1453 1048 1518 oppugnare
1066 1433 1206 1498 adorti
1230 1453 1369 1511 sumus

220 1561 285 1605 eos
307 1576 350 1586 -
373 1543 528 1625 agmine
553 1541 687 1607 effuso
711 1542 909 1607 abeuntes
932 1576 973 1586 —
996 1541 1043 1605 ab
1067 1549 1184 1624 tergo
1209 1541 1366 1605 adoria·

219 1649 327 1713 mur?
372 1647 440 1732 (Sic
462 1650 671 1734 Kreyssigius
695 1657 729 1715 et
745 1649 1048 1729 Weissenbornius3
1072 1657 1173 1714 antea
1196 1648 1369 1733 edebatur:

207 1755 300 1835 ,Nec
339 1757 511 1823 falleret
551 1779 726 1823 nosnec
754 1758 943 1823 interdiu
976 1778 1046 1822 nec
1073 1765 1194 1824 nocte
1229 1757 1368 1822 abeun-

219 1864 276 1929 do.
322 1866 425 1944 Quid
459 1873 521 1932 cet.
565 1864 675 1932 Codex
708 1866 823 1931 habet:
853 1887 923 1932 nec
945 1865 1094 1930 lallere
1127 1887 1198 1930 nos
1226 1886 1299 1930 nec
1318 1865 1369 1929 in·

218 1974 357 2039 terdiu
375 1982 443 2039 aut
464 1982 583 2066 nocte
606 1975 847 2040 abeundtem
870 1980 932 2040 est
953 1973 1069 2038 nobis
1092 1980 1259 2057 optatus
1282 1994 1367 2055 qua-

218 2103 301 2145 rum
328 2089 372 2147 ut
406 2104 573 2165 quorum
607 2090 744 2148 castra
778 2089 838 2149 cet.
884 2082 1089 2166 Kreyssigius
1122 2103 1232 2165 neque
1266 2084 1369 2146 omnia

217 2189 374 2255 indicavit
404 2197 437 2255 et
465 2192 610 2272 errarit.)
666 2191 811 2276 Primum
845 2191 886 2256 ab
915 2189 978 2255 hac
1011 2190 1233 2274 descriptione
1267 2196 1367 2254 status

219 2299 297 2376 eius,
320 2300 376 2382 qui
399 2321 487 2364 nunc
511 2308 577 2365 est:
612 2321 727 2384 quam
759 2322 878 2379 nunc,
914 2320 1032 2382 quum
1066 2300 1106 2363 in
1141 2297 1368 2363 cervicibus

218 2426 372 2486 sumus‚·
392 2429 490 2491 prave
515 2415 689 2490 separatur
711 2415 818 2473 totum
840 2407 938 2485 illud,
962 2407 1051 2488 quod
1074 2407 1190 2472 eodem
1213 2408 1366 2489 pertinet:

218 2535 290 2578 nec
312 2514 488 2580 falleret
510 2522 571 2581 cet.
616 2516 741 2581 Deinde
764 2538 831 2580 non
853 2522 943 2580 recte
967 2515 1006 2579 de
1030 2536 1083 2592 ec,
1107 2514 1198 2599 quod
1220 2534 1321 2594 nunc,
1341 2514 1367 2577 si

218 2628 325 2686 tentet
347 2622 503 2703 Perseus,
537 2623 608 2688 fieri
631 2631 785 2705 nequeat,
816 2625 948 2707 ponitur
970 2645 1043 2688 nec
1075 2623 1249 2687 falleret
1281 2622 1364 2706 (pro:

133 2727 205 2805 (588)
225 2751 296 2794 nec
320 2730 443 2796 fallet
466 2738 524 2796 aut
547 2733 579 2795 iu
604 2732 769 2815 tingendo:
792 2754 862 2796 nec
885 2731 1030 2812 fallat).
1062 2731 1233 2795 Accedunt
1251 2730 1366 2794 codicis
1400 2729 1402 2735 '

218 2840 369 2921 vestigia,
405 2861 444 2903 ex
478 2841 598 2921 quihus
626 2840 837 2904 manifestum
867 2847 932 2918 est,
963 2842 1010 2903 sic
1039 2839 1252 2903 scribendum
1285 2859 1365 2902 esse:

209 2968 335 3028 ‘quum
359 2948 399 3010 in
423 2949 653 3012 cervicibus
678 2971 815 3013 sumus
839 2970 911 3012 nec
929 2947 1076 3012 fallere
1100 2947 1200 3027 (cod.)
1225 2968 1295 3010 nos
1317 2948 1366 3009 in-

217 3056 353 3119 terdiu
377 3064 587 3120 autnoete
622 3057 806 3121 abeundo
832 3063 977 3140 potest.
1022 3055 1127 3132 Quid
1152 3062 1365 3119 autemcst

216 3163 335 3226 nobis
360 3166 554 3245 optatius
579 3186 695 3246 quam
719 3173 762 3229 ut
785 3165 882 3245 cet.¹)

303 3270 380 3354 Cap.
404 3277 454 3348 41,
483 3278 496 3335 l
523 3278 596 3365 et2
632 3273 678 3354 (in
708 3274 929 3356 descriptione
963 3274 1080 3355 proelii
1115 3272 1157 3335 ad
1194 3271 1363 3355 Pydnam):

216 3377 498 3458 Intervallum,
542 3381 645 3465 quod
685 3382 794 3445 inter
835 3389 1017 3446 cetratos
1056 3388 1097 3444 et
1138 3378 1363 3464 phalanges

217 3481 330 3563 (Gron.
355 3487 609 3571 phalangem)
633 3496 730 3567 erat,
755 3491 941 3573 implevit
963 3490 1073 3572 legio
1094 3495 1220 3572 atque
1244 3489 1363 3552 aciem

216 3590 390 3658 hostiurn
425 3597 659 3680 interrupit.
704 3598 731 3660 A
765 3605 882 3680 tergo
918 3600 1092 3662 cetratis
1127 3603 1235 3675 erat,
1265 3593 1363 3659 fron-

215 3706 293 3763 tem
316 3702 511 3768 advcrsus
536 3705 739 3788 clipeatos
763 3705 943 3770 hahebat
966 3705 1218 3788 (aglaspides
1237 3701 1362 3787 appel·

244 4018 263 4078 ¹)
285 4014 349 4081 Cap.
369 4018 410 4080 40,
430 4016 535 4069 anihil
554 4021 615 4068 erat
634 4015 709 4083 quod
728 4022 908 4084 sperneretur
931 4021 1031 4068 tenus
1056 4033 1120 4068 cnm
1141 4016 1273 4084 genetivo
1291 4016 1360 4067 iunc-

284 4105 344 4151 tum
364 4108 480 4168 (genus
499 4102 611 4165 tenus)
629 4101 757 4170 exemplo
777 4102 861 4169 ipsius
881 4102 955 4154 Livii
973 4100 1091 4168 (XXVI,
1109 4104 1153 4168 24,
1177 4099 1220 4169 ll)
1245 4108 1272 4155 et
1290 4097 1360 4152 Caelii

284 4183 322 4249 (in
346 4183 487 4238 Ciceronis
516 4188 596 4254 epist.
621 4186 657 4238 ad
683 4185 759 4238 Fam.
790 4185 868 4255 VIII,
899 4190 922 4255 1,
951 4186 977 4252 2)
1005 4193 1035 4239 θῖ
1053 4186 1223 4252 Quintiliani
1251 4184 1320 4252 (XII,
1337 4185 1358 4246 2,

286 4270 336 4334 17),
355 4276 386 4321 nt
404 4271 523 4324 Plinium
543 4270 588 4336 (Η.
607 4270 639 4323 N.
659 4271 785 4337 XXXIV,
803 4272 847 4338 58)
871 4276 900 4324 et
916 4278 1015 4341 poetas
1040 4273 1222 4339 omittamus;
1251 4289 1313 4325 narn
1329 4269 1359 4321 de

283 4350 374 4406 forma
392 4356 514 4421 genetivi
533 4360 631 4409 nostro
651 4361 777 4424 tempore
795 4375 853 4411 non
873 4357 1026 4410 dubitatur.
1054 4358 1158 4425 (1864.)
