2994 5108
681 511 742 573 669
782 577 786 584 ,
1103 525 1167 582 Lib.
1184 526 1284 583 xum

135 701 197 778 est,
218 703 256 762 ut
278 698 378 781 prius,
401 717 499 780 quam
527 697 677 763 consules
704 697 888 781 provincias
916 698 1125 780 sortirentur,
1154 699 1285 786 supple·

134 812 284 872 mentum
305 807 339 872 in
361 812 535 889 utramque
558 805 759 890 provinciam
793 804 1041 888 decerneretur,
1070 807 1188 874 deinde
1216 807 1286 874 haec

134 915 211 999 ipsa
233 912 463 998 supplementa
485 915 619 980 decreta
641 919 731 996 sunt,
754 933 920 999 praveque
942 924 1098 982 narratur
1119 916 1285 1000 placuisse

136 1021 270 1089 decerni
292 1029 418 1088 certum
439 1043 629 1104 numerum;
661 1023 691 1089 is
720 1022 806 1089 enim
835 1022 987 1090 decretus
1014 1030 1065 1090 est
1088 1023 1286 1108 (placuit),

135 1150 202 1196 non
223 1129 350 1214 placuit
371 1152 445 1197 eum
468 1130 609 1196 decerni.
642 1130 768 1196 Vitium
792 1132 963 1197 sententiaa
986 1139 1021 1198 et
1041 1134 1202 1200 orationis
1223 1133 1287 1199 tol·
1311 1183 1315 1192 .

135 1237 271 1305 lendum
304 1245 357 1305 est
388 1239 540 1324 suppleto
573 1239 688 1319 verbo,
723 1238 812 1324 quod
840 1238 892 1305 bis
915 1240 1060 1324 positum
1082 1263 1103 1306 a
1123 1239 1214 1307 Livio
1238 1241 1286 1307 di·

135 1366 232 1413 versa
252 1346 359 1413 forma
382 1348 482 1414 semel
505 1368 526 1413 a
547 1347 681 1413 librario
704 1348 863 1432 scriptum
886 1355 951 1414 est:
974 1348 1132 1433 placuit
1153 1383 1197 1395 —
1219 1347 1286 1415 de·

136 1454 261 1520 cerni.
306 1456 588 1522 Decreverunt
608 1457 648 1521 in
670 1454 948 1521 Macedoniam
969 1463 1031 1522 cet.
1077 1456 1200 1539 (1864.)

223 1562 303 1649 Cap.
329 1569 378 1645 13,
404 1569 436 1629 1:
465 1562 552 1630 Non
574 1585 657 1630 sum
684 1565 866 1645 nescius,
901 1564 948 1629 ab
977 1564 1117 1631 eadem
1148 1564 1373 1650 negle·(tte)

136 1673 290 1757 gentia,
324 1693 402 1756 qua
423 1671 529 1737 nihil
552 1671 649 1765 deos
677 1672 925 1757 portendere
952 1673 1069 1758 vulgo
1103 1672 1287 1756 credant,

135 1800 268 1865 neque
301 1781 489 1847 nuntiari
511 1779 721 1846 admodum
754 1780 840 1845 ulla
866 1780 1058 1865 prodigia
1083 1783 1124 1847 in
1153 1782 1287 1867 publi·

136 1873 224 1953 cum
245 1909 376 1973 neque
398 1890 438 1954 in
461 1888 639 1954 annales
661 1886 821 1953 referri.
857 1887 1039 1975 (Ullapro
1061 1891 1177 1957 nulla
1198 1898 1288 1958 recte

137 1996 336 2079 Gronovius3
370 1995 508 2062 mirifica
529 1995 664 2061 molitur
684 1993 971 2063 Weissenbornius
992 2018 1119 2083 neque
1141 1998 1287 2082 tollens.)

88 2101 91 2107 ’
135 2103 212 2171 Non
233 2111 324 2171 recte
346 2104 519 2172 nuntiandi
542 2103 693 2189 prodigia
721 2108 756 2170 et
783 2104 818 2168 in
845 2104 980 2171 annales
1002 2105 1165 2172 referendi
1187 2107 1288 2172 inter·

136 2213 250 2279 missio
273 2220 495 2299 comparatur,
518 2218 686 2296 tamquam
704 2211 832 2278 diversa
850 2214 902 2294 sit,
926 2234 1001 2279 cum
1019 2235 1058 2280 ea
1073 2214 1289 2300 neglegentia,

136 2340 204 2405 qua
226 2320 307 2388 deos
329 2320 410 2388 nihil
433 2319 630 2407 portendere
652 2319 750 2405 vulgo
773 2321 910 2387 credant
933 2323 1020 2406 (quae
1041 2330 1204 2408 praeterea
1223 2345 1290 2390 non

138 2429 350 2515 neglegentia
373 2438 433 2511 est,
459 2428 517 2495 sed
540 2430 651 2513 opinio
674 2430 740 2495 sive
762 2436 856 2495 recta
878 2431 944 2495 sive
966 2430 1091 2515 prava).
1130 2431 1235 2498 Recta
1257 2439 1291 2498 et

138 2543 219 2623 apta
242 2538 407 2605 sententia
427 2536 497 2604 lucc
521 2543 581 2618 est,
604 2536 693 2623 quod
714 2558 776 2604 nec
797 2536 945 2604 homines
966 2538 1117 2624 prodigia
1139 2541 1291 2606 nuntient

138 2667 201 2713 nec
222 2647 401 2732 scriptores
429 2648 464 2712 in
488 2645 622 2712 annales
652 2665 692 2711 ea
718 2644 878 2726 referant,
912 2668 978 2712 una
1006 2647 1185 2730 eademqne
1217 2646 1291 2714 fieri

137 2755 347 2840 neglegentia
370 2776 409 2821 ex
433 2776 471 2821 eo
495 2760 578 2835 orta,
602 2753 691 2837 quod
712 2752 796 2818 nihil
819 2753 898 2821 deos
920 2754 1120 2838 portendere
1143 2754 1289 2821 credaut.

137 2863 190 2929 Ea
222 2864 386 2929 sententia
418 2864 452 2927 in
484 2862 567 2928 Livii
601 2862 710 2928 verbis
744 2863 823 2942 erit,
848 2863 890 2942 si,
924 2884 990 2928 una
1022 2862 1135 2928 littera
1167 2862 1290 2945 addita,

138 2971 384 3056 scripserimus:
419 2970 467 3036 ab
490 2970 632 3036 eadem
655 2969 930 3053 neglegentia,
954 2969 1043 3048 qula
1070 2970 1173 3035 nihil
1196 2969 1290 3036 deos

138 3080 392 3165 portendere
414 3078 536 3162 vulgo
559 3076 739 3143 credant.
773 3077 824 3142 Ad
853 3077 1006 3158 eadem,
1029 3078 1118 3163 quod
1140 3077 1290 3144 absolute

138 3188 290 3272 ponitur,
320 3187 405 3254 male
439 3186 722 3253 accommodatum
756 3193 806 3251 est
838 3206 923 3268 qua.
967 3185 1070 3252 Paulo
1098 3193 1174 3270 post
1200 3184 1232 3269 (ἕ
1255 3190 1289 3251 3:

137 3296 325 3379 Anagnia
348 3297 424 3361 duo
449 3295 636 3379 prodigia
668 3316 711 3361 eo
734 3315 837 3360 auno
866 3301 960 3359 sunt
987 3295 1196 3374 nuntiata,
1229 3293 1289 3359 ia·

138 3424 222 3469 cem
254 3405 293 3468 in
315 3405 412 3470 caelo
436 3411 698 3487 conspectam
732 3410 770 3468 et
797 3402 936 3468 bovem
962 3399 1150 3467 feminam
1178 3401 1289 3467 locu-

139 3517 220 3577 ta‘m
243 3511 407 3596 publice
431 3508 499 3592 ali)
522 3517 614 3577 recte
636 3510 788 3577 Dukerus
812 3509 1059 3589 animadvertit,
1082 3530 1234 3594 perverse
1256 3511 1290 3576 in

138 3619 280 3705 prodigii
313 3620 456 3685 nuntiati
489 3625 587 3704 parte
609 3620 701 3704 poni,
730 3616 819 3701 quod
848 3617 929 3682 alibi
961 3619 1111 3683 nuntiato
1140 3617 1290 3702 prodigio

140 3727 309 3794 decretum
332 3734 502 3808 narratur,
536 3734 574 3793 ut
601 3726 660 3792 bos
688 3726 799 3791 locuta
821 3724 951 3808 publice
979 3725 1124 3791 aleretur
1146 3724 1290 3808 (XXXV,

140 3839 192 3916 21,
213 3835 297 3917 XLI,
322 3834 386 3918 13).
430 3835 570 3901 Videtur
602 3834 727 3914 Livius,
761 3834 833 3916 qui,
863 3832 942 3915 quid
970 3842 1154 3899 ceterorum
1180 3832 1291 3917 prodi-

139 3943 270 4029 giorum
303 3965 404 4010 causa
436 3944 561 4009 iactum
596 3944 653 4023 sit,
685 3947 805 4026 postea
838 3942 1037 4006 coniunctim
1066 3941 1213 4025 exponit,
1246 3939 1290 4021 id,

139 4051 233 4137 quod
266 4052 307 4118 ad
339 4051 402 4118 hoc
433 4073 535 4117 unum
566 4049 752 4135 prodigium
780 4049 983 4133 pertinebat,
1013 4050 1126 4115 statim
1147 4050 1292 4132 interpo-

140 4161 258 4241 suisse,
281 4160 344 4226 hac
365 4160 434 4226 sere
456 4159 575 4227 forma:
600 4166 639 4225 et
661 4158 801 4225 bovem
822 4156 1009 4222 feminam
1031 4156 1228 4238 locutam3
1249 4191 1293 4202 -

140 4290 188 4336 aa
209 4268 372 4352 publice
395 4267 449 4333 ali
472 4269 602 4348 iussa;
624 4302 667 4311 -
687 4265 910 4332 Minturnis
932 4270 995 4330 cet.
1042 4263 1076 4329 Si
1098 4265 1161 4348 ipsi
1184 4264 1292 4348 Anag-

138 4376 210 4443 nini
244 4397 293 4456 se,
327 4375 361 4441 id
395 4375 483 4460 quod
512 4374 642 4442 decerni
671 4373 809 4457 soleret,
840 4380 937 4439 caute
960 4368 1139 4457 odcupasse
1160 4374 1294 4439 nuntia·
