2994 5108
236 494 300 550 lab.
315 495 404 551 m
784 481 849 544 286

325 665 405 751 Cap.
428 670 458 748 5,
481 668 517 731 3:
548 673 594 732 ut
621 686 692 732 sua
718 666 838 749 signa
857 670 980 752 atque
1002 665 1183 732 ordinem
1203 672 1245 731 et
1263 664 1395 732 locum

239 781 432 840 nosceret
463 774 593 840 miles.
652 773 728 840 Pnt.
761 782 796 840 et
828 794 943 840 omncs
974 774 1070 840 boni:
1111 772 1294 840 ordinem
1326 772 1394 839 sod

237 880 370 948 locum
392 888 591 963 nosceret,
615 882 734 948 omisso
756 880 885 947 miles.
924 880 1069 946 Primum
1090 879 1131 946 iit
1151 880 1317 947 ordines
1338 888 1394 961 et3

237 1010 315 1054 nam
348 1009 423 1054 cum
455 990 558 1074 signia
590 989 790 1056 conveniunt
821 988 967 1068 ordines,
998 1008 1066 1055 non
1098 986 1198 1069 ordo;
1229 1008 1247 1051 a
1277 987 1323 1054 ad
1354 993 1396 1054 et

235 1103 345 1162 tracto
368 1095 457 1178 (set)
479 1096 630 1163 additum
653 1104 705 1163 cst
725 1117 765 1176 ι,
791 1104 831 1163 ut
852 1117 881 1162 c.
904 1100 935 1175 6,
958 1098 979 1159 2
999 1116 1061 1179 pro
1084 1095 1225 1161 hostes
1245 1116 1396 1161 summa

236 1203 542 1287 (hostesumma)
576 1205 737 1290 scriptum
770 1212 821 1270 eet
852 1204 1010 1270 hostem
1043 1223 1207 1269 summa
1260 1202 1391 1269 Deinde

236 1309 448 1376 scribendum
476 1320 711 1394 noscerent3
739 1333 781 1378 ex
801 1333 842 1377 eo
865 1318 1003 1396 propter
1030 1317 1207 1396 poterat,
1235 1308 1394 1390 aberat,

238 1425 496 1503 competeret
517 1405 642 1486 factum
664 1426 863 1499 nosceret,
886 1425 959 1485 tum
979 1418 1132 1485 additum
1152 1416 1278 1483 mileo
1305 1416 1396 1499 (No-

238 1535 404 1592 acercnt
430 1528 496 1593 ism
525 1527 595 1593 Pal.
621 1532 637 1592 l
668 1535 702 1593 et
723 1527 851 1609 Aldus.)
885 1526 1011 1608 (1862.)
1059 1523 1120 1608 §8
1148 1526 1183 1590 in
1209 1522 1276 1591 his:
1308 1524 1395 1591 fors

237 1632 516 1718 conglobabat
543 1641 584 1700 ct
610 1635 766 1700 animus
794 1656 890 1700 suus
917 1635 1064 1717 cuique
1090 1640 1187 1699 ante
1207 1639 1280 1698 aut
1300 1639 1397 1715 poet

236 1741 448 1825 pugnandi
488 1740 669 1808 ordinem
703 1741 848 1821 dabat,
888 1747 1113 1825 tantusque
1151 1737 1233 1806 fuit
1270 1739 1396 1807 ardor

236 1849 478 1929 animorum,
517 1848 618 1914 adeo
651 1850 839 1915 intentus
872 1870 1013 1933 pugnae
1046 1850 1218 1928 animus,
1250 1854 1296 1914 ut
1328 1855 1394 1915 oet

235 1957 290 2021 vix
312 1955 448 2022 dubium
470 1955 617 2035 videtur,
646 1956 727 2039 quin
749 1957 904 2022 animus
926 1955 1026 2022 tertio
1048 1955 1121 2022 loco
1142 1976 1164 2021 a
1185 1955 1274 2021 mala
1294 1976 1396 2030 manu

236 2065 290 2129 sit.
335 2062 459 2145 (1872.)

151 2183 225 2253 (ιιι)
329 2170 425 2255 *Cap.
455 2175 490 2251 8,
523 2173 542 2235 6
570 2189 671 2252 cogor
696 2176 841 2236 veterem
866 2170 973 2254 ignoti
999 2169 1142 2235 hominia
1169 2170 1397 2237 coniecturam

237 2277 286 2358 (iu
308 2277 455 2344 editione
471 2277 674 2343 Aacensiana
695 2282 833 2357 alala,
854 2284 893 2344 ut
914 2278 1018 2356 aiunt,
1041 2278 1183 2362 primum
1202 2277 1397 2362 proditam),

236 2385 271 2449 in
299 2405 366 2468 qua
393 2376 497 2450 ceteri
524 2406 638 2451 omncs
660 2385 907 2468 acquieverunt,
939 2383 1014 2450 loco
1041 2404 1173 2450 movere
1199 2393 1235 2451 et
1259 2386 1397 2469 moine

236 2491 363 2571 vulnus,
393 2512 492 2576 qnam
515 2492 603 2576 quod
625 2492 684 2558 illa
706 2498 860 2558 sanatum
880 2497 1052 2577 putarunt,
1079 2493 1217 2576 aperire,
1238 2494 1397 2559 coniunc-

236 2607 307 2665 tum
341 2599 441 2665 ctiam
474 2619 550 2664 cum
580 2599 664 2663 Livii
696 2599 808 2682 aliqua
829 2599 1048 2683 neglegentia
1074 2599 1189 2665 'Nam
1214 2605 1398 2685 postquam

236 2704 347 2771 Livius
381 2705 424 2771 ad
452 2706 626 2773 dictatoris
654 2705 784 2772 dicendi
812 2707 985 2772 consilium
1013 2707 1180 2772 civitatem
1207 2706 1396 2790 confugisse

236 2814 398 2893 narravit,
434 2814 473 2880 de
503 2814 671 2879 dictatura
701 2813 743 2879 ad
767 2812 805 2890 Q.
828 2814 968 2879 Fabium
995 2815 1174 2879 Maximum
1204 2813 1318 2880 delata
1344 2815 1395 2880 sic

236 2919 366 2986 scribit:
408 2927 448 2987 et
481 2922 576 3006 quia
609 2927 648 2986 ct
681 2921 825 2986 consul
859 2921 1017 3001 aberat,
1052 2943 1072 2987 a
1100 2942 1176 3004 quo
1203 2943 1280 2988 uno
1311 2921 1394 2987 dici

235 3050 355 3112 posse
377 3027 608 3108 videbatur,
630 3047 702 3093 nec
725 3048 796 3110 per
819 3036 1058 3112 occupatam
1081 3028 1202 3094 armis
1224 3027 1394 3094 Punicis

236 3134 403 3202 Italiam
426 3136 553 3201 facile
575 3140 667 3201 crat
689 3140 759 3199 aut
779 3136 965 3201 nuntium
987 3144 1057 3201 aut
1079 3136 1249 3201 litteras
1270 3134 1394 3215 mitti,

235 3263 307 3308 neo
341 3242 590 3308 dictatorem
623 3242 798 3326 populus
827 3241 916 3322 (Put.
944 3242 1109 3327 populo)
1144 3263 1286 3308 creare
1319 3263 1395 3326 po·

235 3355 363 3428 terat,
398 3349 502 3434 quod
530 3370 731 3432 uunquam
762 3355 855 3413 aute
884 3369 969 3414 eam
992 3349 1095 3415 diem
1117 3350 1269 3416 factum
1291 3355 1395 3430 crat,

236 3454 489 3521 dictatorem
523 3457 699 3541 populus
733 3458 889 3521 creavit
917 3455 954 3534 Q.
978 3458 1145 3523 Fabium
1178 3455 1395 3522 Maximum

236 3570 276 3628 ct
303 3565 544 3646 magistrum
573 3564 755 3647 equitum
777 3563 821 3627 Μ.
844 3563 1060 3629 Minucium
1082 3564 1232 3630 Rufum.
1283 3562 1397 3640 Quum

236 3676 350 3754 aperte
372 3671 443 3736 haec
466 3672 552 3736 iuter
575 3692 610 3735 sc
633 3677 865 3753 repugnarent,
895 3671 1063 3755 populum,
1087 3673 1166 3757 quia
1188 3692 1300 3737 creare
1321 3669 1397 3735 dic-

234 3783 379 3843 tatorcm
400 3800 465 3843 uon
488 3784 617 3861 posset,
647 3797 788 3858 creasse,
817 3777 882 3859 ille,
911 3799 1008 3861 quem
1031 3778 1108 3859 dixi,
1136 3779 1269 3862 ignotus
1289 3774 1397 3844 homo

302 3989 372 4042 meri
395 3990 583 4058 augebantur,
612 3993 756 4056 auctorea;
782 3990 878 4058 itaque
900 3989 1013 4059 Livius,
1039 3992 1064 4046 si
1087 4009 1149 4047 cam
1170 3995 1281 4047 secutus
1304 3997 1396 4061 esset,

303 4090 361 4128 non
379 4091 413 4127 ex
429 4091 503 4129 vano
517 4074 659 4129 hausisset
673 4074 707 4142 (ei
722 4074 837 4128 omnino
852 4072 956 4130 dicitur
970 4081 1048 4132 recte
1061 4095 1100 4132 ex
1117 4093 1204 4133 vano
1220 4075 1397 4145 haurira);

303 4175 354 4213 nec
363 4158 460 4215 Livius
478 4160 648 4228 scriptorum
667 4160 775 4214 animoa
794 4159 939 4214 insimulat
955 4161 1040 4216 nimis
1057 4162 1203 4230 inclinare,
1220 4165 1253 4217 ut
1266 4178 1303 4217 ax
1314 4177 1397 4218 vano

302 4243 443 4311 hauriant,
461 4244 516 4298 hoc
534 4238 592 4312 est,¹
602 4261 647 4298 res
665 4245 741 4314 ipsas
759 4243 876 4313 fingant,
895 4246 944 4300 sed
961 4252 995 4300 ιιι
1008 4263 1053 4302 res
1068 4252 1096 4302 at
1109 4262 1241 4302 numeros
1253 4246 1286 4301 in
1298 4246 1397 4303 maiua

303 4333 431 4395 augeant.
468 4326 606 4392 (Valerius
623 4329 725 4384 Antias
743 4329 812 4397 quin
830 4325 1012 4399 significetur,
1030 4330 1146 4388 dubium
1164 4348 1222 4387 uon
1237 4330 1304 4399 eat)
