2994 5108
585 459 646 517 559
987 468 1048 521 Lib.
1066 466 1193 520 XXXIX.

38 637 82 701 ad
105 637 226 722 Tempe
254 638 447 704 Thessalica
475 641 507 704 iu
538 648 700 706 conventu
724 641 961 706 controversias
991 639 1135 722 Philippi
1160 647 1193 704 et

38 743 269 810 Thessalorum
299 747 591 831 disceptantibus):
627 749 669 812 In
704 749 1026 813 controversiam
1062 755 1191 811 autern

36 852 262 918 veniebant
290 854 608 938 Philippopolis,
644 856 801 933 Tricca,
832 855 1025 918 Phaloria
1056 863 1093 918 et
1116 855 1193 917 Eu-

37 981 210 1044 rymenae
234 969 273 1026 et
296 971 432 1027 cetera
455 965 564 1026 circa
587 984 653 1026 eas
676 963 840 1047 oppida,
864 970 996 1026 utrum
1020 962 1193 1026 Thessa·
1259 989 1262 996 ’

38 1068 170 1132 lorum
204 1070 322 1147 iuris,
362 1090 477 1151 quum
518 1073 553 1134 vi
593 1071 788 1153 adempta
827 1091 1106 1153 possessosque
1146 1071 1194 1134 ab

37 1175 190 1240 AEtolis
212 1176 349 1242 forent
373 1177 473 1258 (nam
496 1178 727 1262 Philippum
744 1178 890 1242 AEtolis
909 1178 1110 1242 ademisse
1128 1200 1194 1242 eas

38 1283 287 1364 constabat),
312 1307 358 1350 an
381 1286 558 1350 AEtolica
581 1288 816 1369 antiquitus
841 1307 885 1350 ea
914 1286 1065 1368 oppida
1092 1285 1194 1350 fuis·
1307 1374 1310 1378 Ι

39 1396 141 1454 sent.
175 1390 248 1455 Non
267 1393 484 1473 quaerebatur,
498 1401 630 1459 certene
644 1394 755 1477 aliquo
774 1401 920 1476 tempore
939 1393 1042 1473 (tum,
1060 1393 1192 1476 quum)

38 1494 272 1562 Thessalorum
295 1502 439 1576 iurisea
462 1503 584 1586 oppida
606 1502 754 1581 fuissent,
779 1501 837 1566 sed
860 1523 937 1564 num
954 1501 1138 1584 antiquitus
1162 1509 1195 1567 et

38 1613 211 1689 perpetuo,
246 1628 305 1671 nec
339 1609 386 1673 ita
420 1611 658 1699 quaerebatur,
681 1617 719 1674 ut
747 1632 808 1693 pro
839 1630 998 1673 concesso
1029 1616 1130 1685 esset,
1165 1611 1194 1672 ri

39 1711 199 1796 adempta
222 1721 254 1779 et
275 1737 430 1798 possessa
452 1718 494 1782 ab
517 1718 636 1782 AEtolis
660 1739 747 1796 esse;
782 1739 857 1782 nam
885 1717 919 1781 id
947 1716 1017 1780 fieri
1048 1739 1112 1781 non
1137 1738 1194 1798 po-

38 1820 173 1896 tuisset,
207 1823 269 1886 nisi
298 1824 531 1891 Thessalorum
554 1827 634 1890 iuris
657 1826 811 1901 fuissent,
845 1845 920 1901 nec,
950 1825 977 1887 si
1006 1824 1040 1887 id
1070 1823 1194 1911 factum

40 1935 144 2006 esset,
185 1932 366 2021 potuissent
399 1933 466 1998 ullo
500 1934 598 1999 modo
635 1933 814 1998 AEtolica
847 1933 1079 2012 antiquitus
1114 1953 1194 1996 esse.

39 2035 222 2119 Perspicua
254 2038 324 2107 baec
357 2040 440 2106 fiunt
473 2064 512 2106 ex
540 2043 596 2117 iis,
632 2063 704 2124 quae
735 2040 966 2104 subiiciuutur:
1003 2041 1061 2103 ita
1095 2041 1196 2103 enim

39 2144 217 2208 Acilium
246 2149 329 2228 regi
364 2151 619 2215 concessisse
644 2149 696 2230 (ea
724 2147 869 2230 oppida),
905 2149 939 2211 si
961 2147 1190 2212 AEtclorum
1210 2147 1285 2214 (455)

40 2247 223 2317 fuissent
246 2262 284 2319 et
308 2257 340 2320 si
363 2257 593 2335 voluntate,
623 2279 698 2321 nou
721 2257 757 2318 vi
782 2263 900 2336 atque
923 2257 1042 2319 armis
1066 2258 1196 2321 coacti

42 2377 132 2423 cum
165 2361 314 2427 AEtolis
349 2373 497 2430 essent.
548 2365 596 2428 Ne
623 2365 845 2445 grammatica
879 2362 1010 2446 quidem
1044 2365 1130 2427 ratio
1164 2365 1198 2427 in

43 2468 137 2534 edita
159 2472 322 2554 scriptura
346 2481 491 2552 constat,
515 2473 692 2555 oportebat
715 2474 800 2535 enim
824 2471 903 2535 dici:
927 2478 1057 2534 utrum
1082 2470 1198 2535 Thes-

44 2576 229 2642 salorum
252 2580 369 2657 iuris,
393 2603 510 2663 quum
534 2582 568 2643 vi
593 2581 875 2644 adimerentur
897 2616 953 2658 -,
977 2578 1197 2658 fuissent.¹)

42 2685 159 2750 Livius
183 2687 230 2750 sic
254 2689 449 2770 scripserat:
473 2696 619 2766 utrum,
644 2688 932 2752 Thessalorum
955 2687 1058 2750 iuris
1082 2707 1200 2767 quum

43 2776 193 2872 essent,
217 2795 252 2857 vi
283 2796 477 2879 ademptae
501 2817 788 2880 possessaeque
818 2795 864 2859 ab
895 2794 1040 2858 AEtolis
1065 2793 1201 2858 forent

45 2937 86 2948 -
112 2924 161 2968 an
184 2902 360 2969 AEtolica
384 2906 619 2987 antiquitus
643 2926 688 2968 ea
717 2902 868 2986 oppida
896 2902 1081 2966 fuissent.
1127 2901 1199 2965 Non

40 3009 219 3075 intellecta
240 3011 412 3075 verborum
431 3011 638 3090 cohaerentia,
663 3017 803 3076 essent
826 3011 981 3074 omissum
999 3017 1048 3072 est
1065 3017 1201 3092 propter

43 3118 197 3184 forent.
248 3118 285 3182 Id
318 3121 487 3202 agebatur,
522 3129 631 3184 utrum
664 3140 782 3202 reapse
816 3117 1046 3182 Thessalorum
1081 3116 1202 3200 oppida

44 3235 161 3293 essent
179 3236 212 3292 et
229 3228 457 3293 tantummodo
475 3230 506 3291 vi
523 3229 565 3293 ab
578 3229 698 3292 AEtolis
724 3247 877 3310 possessa
895 3248 936 3289 an
955 3246 1029 3289 vere
1049 3225 1200 3288 AEtclica.

137 3334 215 3418 Cap.
241 3340 290 3413 30,
325 3341 358 3399 5:
392 3337 656 3419 regressique
691 3337 730 3398 in
766 3340 906 3398 castra
940 3346 1010 3397 sua
1039 3332 1200 3415 (Hispani,

39 3445 105 3531 qui
128 3450 287 3527 praetores
312 3444 393 3510 duos
416 3444 732 3528 Romanosproelio
755 3441 915 3522 vicerant)
940 3460 1092 3526 paucos
1116 3439 1202 3504 dies

41 3552 205 3638 quietis
229 3552 395 3616 stativis
413 3558 659 3616 manserunt.
696 3550 814 3626 Quieta
831 3551 952 3614 stativa
970 3547 1101 3627 habent,
1120 3569 1202 3632 quos

37 3664 81 3728 in
106 3660 149 3724 iis
171 3659 285 3724 hostes
303 3681 367 3723 non
383 3660 551 3725 lacessunt
572 3681 632 3724 nec
648 3667 782 3738 vexant,
805 3657 839 3721 id
855 3658 910 3721 hic
928 3657 1103 3740 significari
1121 3678 1199 3720 sane
1217 3652 1290 3721 (456)

77 3963 167 4030 ¹)Ex
204 3981 251 4023 eo,
289 3966 364 4032 quod
405 3973 459 4020 est:
495 3965 738 4020 Thessalorum
778 3965 864 4017 iuris
905 3965 1065 4028 fuerunt,
1103 3979 1204 4028 quum

121 4049 283 4119 adempta
302 4057 394 4116 sunt,
413 4056 488 4104 recte
506 4051 538 4105 fit
556 4052 634 4122 (post
653 4051 799 4122 praesens):
829 4067 950 4118 quaero,
969 4067 1043 4102 num
1064 4048 1204 4103 Thessa·

121 4136 232 4188 lorum
261 4135 350 4188 iuris
378 4136 529 4204 fuerint,
557 4156 654 4207 quum
682 4137 841 4205 adempta
868 4137 952 4201 sint3
983 4135 1203 4202 postpraeteriti

120 4221 259 4289 temporis
285 4221 414 4287 verbum,
442 4223 496 4276 nisi
522 4223 674 4277 admodum
701 4223 884 4291 neglegenter
909 4220 1023 4283 scribas,
1050 4219 1204 4288 perlectum
1239 4255 1241 4260 -

121 4310 189 4376 post
206 4323 305 4373 quum
323 4306 353 4359 in
370 4305 567 4374 imperfectum
585 4308 693 4363 transit.
