2994 5108
167 378 229 434 Lib.
247 379 358 434 XXXV.
713 369 775 429 514

169 551 409 633 avertendi).
463 549 542 632 (cfr.
566 551 645 616 Hor.
669 550 730 634 Ep.
754 550 801 631 11,
834 556 861 627 1,
893 555 930 614 19
954 549 1057 631 (abb),
1086 549 1161 616 Ter.
1184 551 1246 617 Ad.
1268 551 1322 631 lv,

169 663 203 737 2,
234 658 400 740 6(dat.).)
453 656 503 741 [Si
530 659 593 724 hoc
615 681 725 723 verum
749 665 812 737 est,
842 679 917 722 uno
940 679 979 722 ex
1001 660 1179 741 postremis
1201 658 1323 725 litteris

168 767 321 832 vocabuli
357 767 576 833 consilium
610 774 725 831 natum
753 765 856 830 etad
886 766 948 830 die
979 787 1017 829 ex
1045 768 1109 830 rei
1133 773 1242 832 ortum
1269 788 1322 832 ac·

168 875 409 940 commodatum
439 881 502 954 est3
536 875 593 939 sed
628 873 804 957 pervellem
836 871 879 936 sd
906 873 1035 938 litteras
1062 875 1200 958 propius
1230 895 1321 940 ecce·

168 983 245 1048 dere
274 979 414 1063 liceret]
470 981 509 1045 In
537 982 695 1065 proximis
725 980 951 1064 superioribus
979 981 1087 1046 verbis
1116 989 1207 1047 recte
1230 982 1324 1066 Sigo-

167 1091 242 1154 nius
265 1090 364 1155 scribi
386 1090 505 1156 voluit:
542 1091 672 1155 omnia
700 1090 841 1153 novari
863 1089 970 1153 velle
995 1088 1070 1173 (pro
1093 1090 1259 1172 novare)
1282 1090 1323 1155 de

167 1197 355 1261 hominibus
389 1199 610 1262 mutationum
644 1196 786 1281 cupidis,
826 1217 892 1261 uon
925 1198 1004 1280 ipsis
1039 1218 1152 1262 earum
1185 1199 1325 1264 consilia

167 1304 372 1387 capientibus
399 1326 459 1370 nec
487 1305 666 1387 quidquam
688 1326 750 1370 sua
772 1311 889 1388 sponte
911 1304 1126 1369 moventibus.
1177 1303 1259 1387 (err.
1285 1307 1325 1372 de

167 1412 276 1476 mendi
299 1433 418 1495 genere
441 1436 473 1496 p.
499 1417 538 1478 38
562 1420 629 1477 not.
653 1410 697 1492 2.)
749 1412 848 1477 luitio
878 1414 997 1495 capitis
1020 1421 1097 1496 post
1118 1414 1326 1480 Antiocho

167 1519 293 1602 aliquid
317 1519 486 1598 excidisse,
511 1520 772 1585 animadversum
794 1521 861 1585 iam
882 1541 903 1584 a
925 1520 1193 1586 Weissenbornio
1214 1522 1326 1601 video;

167 1629 331 1692 sententia
352 1627 542 1692 huiusmodi
564 1627 633 1692 fere
655 1626 756 1694 fuisse
779 1628 922 1693 videtur:
957 1627 1065 1706 Inde,
1090 1635 1134 1693 ut
1156 1650 1325 1712 quaeque

168 1736 212 1799 de
245 1734 444 1801 Antiocho
484 1736 583 1799 lan
616 1736 747 1798 adlata
781 1743 878 1813 orat,
917 1736 1027 1797 llltoll
1060 1735 1326 1816 erelplebant.

166 1849 201 1905 et
235 1862 278 1905 ue
312 1843 415 1907 nihil
449 1865 520 1926 per
553 1865 593 1907 se
622 1844 703 1926 ipsi
735 1846 835 1909 moti
865 1850 903 1908 et
932 1843 1122 1908 sedentes
1151 1864 1326 1928 exspec-

166 1959 253 2015 tare
277 1951 496 2015 adventum
519 1950 758 2016 viderentur
780 1952 897 2032 regis,
921 1951 1138 2015 concilium
1161 1952 1327 2032 quidem

166 2066 226 2122 cet.
284 2056 405 2141 [Aliam
447 2064 557 2122 tamen
593 2060 815 2142 supplementi
848 2057 987 2123 formam
1021 2058 1160 2123 suadere
1195 2059 1327 2126 uidetur

165 2165 274 2244 inde,
310 2166 398 2249 quod
427 2165 558 2230 facilius
587 2167 630 2230 ad
652 2162 849 2231 corinthum
879 2166 1021 2230 refertur
1050 2187 1149 2247 quam
1172 2188 1235 2250 pro
1260 2167 1326 2233 de·

165 2274 258 2337 inde
287 2272 472 2356 accipitur]
528 2273 653 2338 Eodem
683 2274 792 2356 capite
821 2273 922 2356 paulo
953 2278 1029 2356 post
1062 2271 1093 2354 (ἐ
1118 2272 1151 2352 7)
1183 2295 1257 2356 quae
1286 2275 1327 2340 de

166 2380 350 2445 AEtolorum
389 2381 524 2445 oonsilio
558 2381 777 2445 Demetriadis
820 2380 1020 2463 occupandae
1060 2380 1101 2444 ab
1135 2381 1328 2466 Eurylocho

165 2487 275 2552 exsule
299 2487 412 2552 adiuto
436 2495 631 2566 narrantur,
668 2507 780 2552 eorum
809 2488 939 2552 initium
962 2490 995 2552 in
1018 2487 1189 2554 codicibus
1212 2491 1329 2556 vitiose

165 2598 212 2659 sic
237 2595 408 2660 scribitur:
433 2596 608 2660 Litteris
631 2594 855 2679 Eurylochi
879 2597 1079 2660 admoniti
1101 2599 1328 2682 propinqui

165 2705 367 2787 amicique
397 2711 434 2767 et
463 2706 527 2784 qui
558 2704 741 2768 eiusdem
770 2703 971 2768 factionis
1003 2713 1132 2782 eraut,
1167 2704 1329 2772 liberos

165 2821 202 2874 et
234 2813 447 2892 coniugem
476 2813 565 2875 eius
590 2832 673 2875 cum
696 2811 861 2874 sordida
884 2818 1012 2888 reste,
1047 2819 1239 2878 tenentes
1263 2836 1328 2880 ve·

166 2919 346 2983 lamenta
377 2919 622 3002 supplicum,
657 2920 886 2984 contionem
920 2919 1176 3002 frequentem
1214 2921 1329 2986 adie—

164 3036 271 3105 runt,
308 3026 493 3108 singulos
527 3028 830 3108 universosque
870 3026 1148 3105 obtestantes,
1186 3049 1232 3091 ne
1269 3032 1329 3094 in-

166 3143 323 3198 sontem
354 3135 640 3198 indemnatum
670 3155 966 3198 consenescere
998 3136 1035 3196 in
1067 3133 1194 3199 exilio
1219 3139 1322 3202 siue·

165 3250 264 3305 rent.
318 3240 411 3317 Quod
440 3242 593 3306 editionis
616 3241 831 3306 Frobeuianae
861 3243 973 3323 primae
1003 3243 1205 3306 auctoritate
1229 3245 1315 3329 vulgi

166 3357 311 3413 tenetur:
342 3351 582 3414 contionem
605 3350 859 3430 frequentem
884 3349 996 3413 adire
1019 3349 1170 3428 iubent,
1194 3357 1307 3418 tantur

167 3457 276 3534 abest,
306 3466 352 3534 ut,
383 3457 471 3539 quod
495 3456 782 3522 Drakenborohius
806 3457 929 3521 scribit.
962 3479 1001 3519 eu
1024 3457 1056 3519 bl
1079 3465 1253 3540 sumptum
1277 3464 1301 3525 si

167 3576 218 3641 ut,
255 3586 355 3645 quum
389 3565 423 3627 in
456 3566 530 3647 ipsa
565 3565 709 3629 editione
738 3564 823 3645 Mog.
853 3564 1053 3628 scriberetur
1081 3563 1284 3647 frequent

70 3731 76 3744 ,
167 3671 366 3749 adierunt,
391 3669 593 3736 Carbachius
617 3694 634 3736 e
658 3672 729 3735 cod.
748 3672 917 3736 adnotarit
940 3673 1196 3752 frequentem
1220 3675 1286 3739 adi

167 3788 268 3843 runt.
325 3779 396 3843 Hoc
425 3778 711 3843 Weissenbornius
740 3781 878 3861 recepit,
913 3782 1023 3862 posita
1054 3787 1129 3861 post
1161 3783 1275 3847 sordi

169 3895 279 3951 veste
303 3886 428 3950 laeuuae
450 3894 539 3951 nota.
592 3887 704 3952 Livius
728 3888 896 3969 scripsisse
920 3887 1065 3951 videtur:
1101 3888 1262 3955 liberos

169 3996 380 4076 coniugem
405 3995 492 4058 eius
515 4030 572 4071 —‚
603 4002 794 4059 tenentes
822 3994 1053 4058 velamenta
1076 3996 1260 4079 supplicu

169 4101 206 4161 ln
247 4103 473 4166 contionem
515 4101 775 4184 frequentem
816 4102 1031 4166 adoieruut
1065 4102 1106 4182 (v.
1143 4104 1251 4169 addu
