2994 5108
711 452 772 514 295
1152 465 1214 519 Lib.
1232 465 1320 520 XXII.

161 638 331 705 naribus
353 659 478 724 prope
500 645 661 716 terram,
690 636 914 702 exercitum
936 636 975 701 in
997 635 1132 715 litore,
1154 639 1320 720 praemisso

162 767 326 813 seorsum:
351 748 411 811 ita
433 744 686 829 Carthagine
708 741 930 828 profectus.
965 742 1029 808 Sed
1052 744 1141 826 quod
1164 744 1206 808 ad
1229 744 1321 810 abla-

161 855 266 920 tivum
305 852 509 935 (naribus)
548 874 589 918 ex
627 852 807 917 ducebat
844 859 958 936 aptum
998 852 1028 916 ei
1063 854 1153 917 casui
1185 852 1321 918 verbum

160 961 271 1027 audiri
294 961 478 1040 voluerunt,
501 962 558 1044 qui
580 981 686 1045 nuper
707 959 776 1024 hac
799 966 1006 1037 enarrarunt,
1029 958 1101 1024 fieri
1124 980 1190 1024 non
1212 966 1322 1043 potest

161 1072 197 1135 iu
225 1069 318 1134 brevi
345 1069 407 1134 hae
435 1077 469 1134 et
497 1075 614 1153 aperta
637 1068 796 1133 orationis
819 1066 926 1132 forma
947 1073 982 1133 et
1003 1066 1223 1133 membrorum
1246 1089 1322 1133 con·

160 1178 345 1255 iunctione,
375 1198 476 1261 quum
504 1177 685 1260 praesertim
715 1196 776 1260 per
804 1195 839 1239 se
868 1174 1044 1240 ducebat
1065 1177 1198 1259 utrique
1221 1197 1321 1241 mem·

160 1284 222 1351 bro
245 1285 453 1369 aptissimum
474 1286 527 1349 sit.
578 1284 705 1361 Restat,
735 1290 772 1348 ut
793 1282 985 1367 simpliciter
1007 1282 1185 1348 scribatur:
1209 1284 1321 1348 navis

160 1391 313 1474 (nares)
336 1413 462 1475 prope
485 1399 646 1470 terram,
675 1392 903 1455 exercitum
925 1391 964 1455 in
988 1390 1112 1455 litore
1137 1391 1320 1456 ducebat.

161 1498 233 1583 [Sic
256 1497 459 1583 Repentina]
515 1499 640 1565 Eodem
671 1520 782 1564 errore
806 1497 897 1576 XXI,
932 1502 984 1575 43,
1018 1504 1101 1563 lex
1122 1498 1321 1564 habentes

159 1606 285 1673 Iactum
309 1614 360 1672 est
382 1607 630 1673 habentibus
653 1613 687 1671 et
711 1612 761 1681 58,
788 1611 802 1670 1
827 1606 935 1671 haud
957 1605 1089 1688 longis
1112 1606 1205 1672 inde
1228 1612 1321 1671 tem-

159 1715 331 1799 poribus
368 1736 409 1781 ex
442 1714 547 1779 haud
581 1714 693 1798 longi
729 1714 821 1779 inde
850 1714 1056 1797 temporis.
1112 1713 1215 1779 Paulo
1244 1722 1322 1798 post

161 1822 180 1906 ξ
206 1827 258 1900 10,
280 1822 338 1888 ubi
360 1824 394 1887 in
417 1821 586 1888 codicibus
609 1823 764 1888 scribitur
786 1822 902 1886 miles
925 1820 1223 1904 prohibebatur
1245 1822 1320 1905 (pro

162 1929 441 2013 prohibetur),
470 1929 564 1995 video
586 1951 693 2014 nuper
715 1930 767 1994 edi
791 1935 945 2013 coeptum
967 1928 1084 1994 miles
1107 1929 1321 2012 prohiben-

161 2043 241 2119 tur,
282 2058 402 2120 genere
443 2038 574 2103 dicendi
606 2037 813 2102 Alschefskio
853 2043 988 2102 auctore
1028 2036 1136 2118 digno.
1199 2037 1248 2102 Ea
1271 2045 1321 2103 est
1415 2047 1417 2052 '

161 2147 251 2210 euim
272 2145 348 2228 ipsa
369 2145 463 2228 origo
486 2152 520 2210 et
543 2145 591 2210 ris
613 2167 693 2211 usus
717 2147 802 2225 eius,
832 2166 897 2228 quo
921 2165 1060 2227 eques,
1091 2144 1221 2224 miles,
1250 2146 1320 2211 Ro-

160 2273 318 2332 manus,
346 2253 467 2318 similia
488 2275 550 2337 pro
573 2255 718 2335 equestri
740 2253 856 2318 ordine
879 2259 937 2317 aut
960 2253 1120 2335 equitatu,
1148 2253 1316 2332 militibus,
1335 2267 1406 2333 (241)

160 2359 321 2425 Romanis
351 2360 519 2437 dicuntur,
556 2367 593 2426 ut
625 2368 716 2426 totus
749 2361 831 2426 ordo
859 2368 894 2425 et
921 2381 1025 2443 genus
1053 2359 1149 2424 unius
1179 2359 1319 2425 hominis

161 2467 273 2551 specie
296 2469 405 2533 anime
429 2468 650 2551 concipiatur,
685 2469 774 2551 quod
809 2474 914 2533 totum
942 2468 1072 2533 tollitur
1102 2475 1135 2532 et
1163 2469 1322 2533 evertitur

160 2573 279 2639 addito
301 2574 401 2639 verbo
424 2575 554 2659 plurali.
606 2574 727 2658 [AEque
750 2597 849 2659 prere
873 2575 938 2651 III,
967 2579 1024 2651 42,
1054 2581 1072 2640 5
1095 2575 1320 2641 Alschefskius

163 2681 432 2749 Weissenbornie
455 2684 635 2767 persuasit,
662 2691 699 2748 ut
722 2683 838 2749 miles
860 2719 904 2729 -
926 2704 967 2749 se
989 2719 1032 2729 -
1055 2683 1322 2749 contulerant

162 2788 289 2854 aderet.
339 2789 433 2855 Nunc
454 2798 633 2875 utrumque
656 2791 942 2857 Weissenbornius
965 2791 1096 2857 abiecit.
1147 2790 1246 2855 Aliud
1269 2796 1321 2856 est

160 2898 197 2961 in
219 2917 319 2962 cursu
341 2899 502 2965 orationis
525 2900 660 2965 transiri
683 2899 726 2964 ad
748 2898 919 2983 pluralem,
948 2904 987 2964 ut
1008 2898 1048 2977 X,
1078 2902 1127 2976 35,
1154 2902 1208 2961 12:
1241 2897 1320 2962 val·

160 3004 242 3069 lum
270 3025 407 3070 seeum
435 3013 603 3089 portare
632 3007 852 3072 Samnitem
882 3006 1120 3082 adfirmant,
1153 3026 1225 3069 nee
1249 3005 1320 3069 du·

159 3113 271 3179 bium
294 3134 400 3192 esse,
429 3114 522 3196 quin
547 3122 685 3180 castra
707 3113 1059 3180 circumvallaturi
1082 3113 1176 3191 sint,
1203 3112 1319 3192 XXIV,

163 3225 214 3298 15,
237 3224 272 3284 6:
296 3240 418 3302 eques
440 3223 537 3287 -in
561 3222 698 3288 hostes
722 3222 907 3295 emissus:
932 3220 1079 3304 quibus
1102 3241 1220 3303 quum
1241 3219 1319 3302 cet]

159 3326 318 3410 (Prorsus
342 3330 545 3394 eontrarium
561 3329 629 3398 hoc
654 3337 706 3396 est
723 3330 967 3396 collectivornm
986 3330 1069 3407 usui,
1092 3350 1157 3411 quo
1175 3350 1235 3413 pro
1253 3349 1320 3393 una

157 3435 374 3501 multitudine
405 3435 624 3502 subiiciuntur
653 3438 762 3522 plures
785 3438 952 3516 homines;
980 3438 1044 3502 etsi
1065 3437 1100 3502 in
1124 3457 1163 3502 eo
1187 3457 1319 3521 quoque

158 3543 353 3627 gravissime
376 3543 541 3609 interdum
563 3553 702 3623 erratur,
726 3552 765 3610 ut
788 3544 967 3627 significavi
991 3544 1034 3609 ad
1051 3543 1105 3623 IV,
1129 3549 1170 3609 58
1187 3566 1217 3628 p.
1234 3543 1319 3626 108.)

249 3648 329 3735 Cap.
353 3655 405 3727 20,
431 3657 445 3715 l
471 3673 536 3743 non
558 3658 640 3737 puto
664 3653 790 3718 Livium
812 3656 846 3719 in
869 3659 987 3736 aperta
1010 3652 1249 3736 significatione
1271 3654 1319 3719 rei

157 3757 295 3842 longius
312 3760 456 3842 spatium
474 3760 653 3826 obtinentis
671 3760 806 3827 dixisse:
831 3762 960 3826 aciem
976 3768 1064 3826 toto
1082 3767 1321 3844 praetentam

158 3867 200 3930 in
223 3865 361 3944 litore,
388 3866 449 3933 hoc
473 3870 656 3951 praesertim
678 3868 852 3934 verborum
875 3869 1000 3945 ordine,
1029 3868 1087 3932 sed
1109 3873 1199 3931 toto
1223 3886 1320 3949 prae·

158 3979 321 4039 tentam
338 3973 473 4053 litore,
496 3977 826 4060 praepositionemque
845 3982 952 4041 ortam
969 3997 1039 4041 esse
1057 3994 1098 4039 ex
1113 3972 1226 4038 littera
1244 3973 1318 4054 ml)

189 4225 214 4291 ¹)
233 4224 343 4280 Eodem
361 4229 455 4297 eapite
473 4227 489 4297 ἕ
508 4231 533 4295 7,
552 4229 600 4283 ubi
619 4231 648 4314 ip
666 4230 813 4285 codicibus
832 4230 864 4298 (P
883 4230 1041 4298 ceterisque
1058 4226 1150 4294 bonis)
1170 4231 1224 4280 est:
1243 4244 1317 4295 per-

230 4312 344 4365 iectas
364 4328 454 4381 oras,
473 4315 533 4367 sed
555 4315 587 4368 in
607 4315 757 4369 Ebusum
774 4314 921 4369 insulam
940 4313 1195 4379 transmissum,
1219 4312 1319 4365 vellem
