2994 5108
215 482 278 538 Lib.
295 482 330 538 X
763 473 824 536 236

216 654 261 720 Et
283 655 413 740 quidni,
447 657 510 723 etsi
539 677 593 723 res
622 657 711 743 apud
732 657 900 743 Papirium
930 663 1033 741 gesta
1061 638 1210 725 subinde
1231 656 1275 725 ad
1296 655 1377 724 Car·

214 763 328 829 vilium
348 763 610 850 perforabantur,
639 767 819 850 separatim
841 766 971 833 narrari
993 767 1111 852 possit,
1133 772 1267 833 maturo
1289 771 1376 832 tem·

215 893 296 957 pore
320 893 341 936 a
361 872 494 957 Papirio
517 874 668 939 nuntium
690 879 828 956 certum,
861 875 942 960 quid
969 875 1004 940 in
1031 875 1142 941 animo
1165 880 1256 941 esset
1277 893 1378 959 agere

216 986 250 1046 et
278 979 358 1065 quid
387 978 573 1049 acervilio
594 981 667 1049 fieri
689 989 839 1068 cuperet,
872 980 1046 1067 missuml]
1081 980 1098 1068 ᾗ
1126 985 1146 1048 7
1173 983 1244 1049 sine
1273 981 1376 1049 dubio

217 1087 369 1154 addenda
396 1091 588 1177 praepositio
616 1093 756 1157 inante
779 1111 824 1171 ι,
853 1098 892 1157 ut
914 1091 1096 1157 scribatur:
1124 1112 1201 1178 quo
1230 1088 1270 1154 Ιι
1296 1109 1377 1156 ma·

216 1197 302 1264 iore
337 1196 575 1264 discrimine
603 1220 668 1265 res
696 1198 956 1279 vertebatur,
984 1198 1116 1266 collatis
1143 1198 1201 1278 iis,
1230 1217 1306 1282 quae
1334 1194 1379 1263 ad

217 1303 341 1385 XXIII,
372 1309 428 1385 29,
459 1313 478 1370 7
508 1306 592 1386 dixi,
621 1308 888 1392 comparatisque
916 1306 977 1388 VI,
1007 1310 1063 1387 36,
1093 1309 1113 1372 7
1141 1311 1177 1373 et
1203 1303 1329 1385 XXIX,
1356 1308 1377 1371 7

215 1413 289 1479 init.
335 1411 498 1498 (1861.)¹)

303 1518 383 1605 (lap.
407 1526 458 1603 40,
481 1525 517 1587 6:
542 1521 594 1605 (L.
610 1522 765 1608 Papirius
787 1521 911 1603 consul,
935 1529 1115 1608 postquam
1138 1522 1180 1589 de
1201 1543 1238 1587 re
1260 1542 1283 1587 a
1303 1541 1379 1607 per·

217 1628 297 1714 fuga
334 1630 481 1696 indicata
520 1630 564 1696 ad
596 1631 758 1715 collegam
795 1632 949 1697 nuntium
987 1630 1091 1713 misit)
1130 1632 1220 1716 ipse
1259 1630 1379 1714 sigua

220 1738 334 1805 ocius
379 1737 561 1822 proferri
598 1739 726 1820 iubet,
771 1739 1041 1824 subsidiaque
1086 1740 1173 1805 suis
1212 1757 1379 1822 quaque

219 1848 323 1914 locis
356 1852 397 1913 et
430 1846 650 1931 praefectos
683 1847 887 1915 subsidiis
916 1847 1194 1928 attribuerat,
1229 1844 1378 1912 dextro

221 1976 347 2022 cornu
370 1962 432 2021 cet.
483 1954 611 2022 Vitiose
640 1977 717 2040 que
739 1957 789 2021 ita
810 1957 957 2040 ponitur,
985 1962 1024 2021 ut
1045 1955 1137 2021 brevi
1159 1960 1193 2020 et
1215 1954 1379 2020 universa

134 2072 204 2141 (196)
223 2063 452 2148 significationi
474 2065 638 2130 exercitus
661 2066 695 2130 in
718 2066 822 2131 aciem
845 2064 955 2130 educti
978 2063 1177 2147 adiungatur
1194 2060 1379 2147 copulative

217 2173 326 2258 prima
352 2193 431 2257 pars
460 2173 675 2257 expositionis
703 2193 813 2239 rerum
836 2178 914 2238 ante
937 2193 1082 2257 pugnam
1102 2176 1378 2256 praeparatarum,
1402 2243 1410 2253 ⁸

220 2300 321 2365 quum
358 2282 542 2366 praesertim
580 2282 653 2367 ipso
686 2280 778 2348 verbi
811 2288 960 2366 tempore
1005 2280 1107 2346 rediri
1146 2279 1189 2345 ad
1224 2279 1380 2365 superius

219 2395 350 2474 tempus
391 2389 568 2455 indicetur:
609 2390 878 2475 subsidiaque
911 2425 956 2436 —
984 2387 1250 2455 attribuerat.
1309 2384 1380 2471 (nl-

221 2495 406 2562 schefskius
429 2498 578 2581 exemplo
600 2499 713 2584 inepto
736 2497 867 2581 utitur.)
912 2496 1130 2565 Scribendunr
1152 2497 1270 2579 igitur:
1292 2516 1382 2581 pro·

218 2604 324 2670 ferri
352 2604 475 2671 iubet.
527 2602 723 2672 Subsidia
744 2607 831 2671 suis
855 2626 1020 2691 quasque
1042 2605 1148 2672 locis
1172 2611 1234 2671 cet.
1283 2603 1382 2671 Unde

220 2735 296 2798 que
325 2719 435 2779 ortum
464 2714 521 2793 sit,
556 2735 595 2778 ex
624 2714 657 2778 M
685 2714 833 2798 intellegi
861 2735 958 2799 posse
986 2714 1130 2794 videtur,
1163 2713 1197 2777 in
1220 2729 1285 2795 quo
1315 2719 1380 2778 est:

221 2820 498 2905 Subsidiaque
523 2823 608 2887 suis
632 2843 715 2905 quae
738 2822 842 2888 locis
860 2829 922 2888 cet.
974 2821 1090 2901 (Paulo
1109 2828 1186 2905 post
1204 2818 1235 2904 (ἓ
1254 2820 1298 2903 8),
1323 2820 1385 2888 ubi

220 2930 394 2997 scribitur:
418 2929 683 3014 Sp.Nautium
699 2930 836 3011 mulos,
861 2930 1065 2996 detractis
1083 2928 1270 3009 clitellis,
1295 2949 1383 2995 cum

220 3039 462 3106 cohortibus
485 3038 634 3105 alariis
659 3039 696 3103 in
715 3039 911 3104 tumulum
929 3038 1294 3104 —circumducere
1319 3038 1383 3103 in·

219 3146 287 3212 bet
305 3153 427 3231 atque
444 3147 588 3229 inde-,
601 3153 754 3231 quanto
772 3148 943 3212 maxime
956 3143 1227 3230 (sermaximo)
1240 3152 1384 3231 posset

219 3260 328 3321 moto
364 3255 549 3339 pulvere,
585 3256 817 3337 ostendere,
852 3254 1063 3321 scribendum
1092 3260 1174 3341 puto
1202 3254 1383 3340 pulvere,

248 3530 271 3600 ¹)
290 3530 399 3586 Eodem
422 3549 482 3602 cap.
507 3530 575 3602 §15
599 3531 639 3602 (in
661 3532 767 3603 Papirii
791 3532 991 3589 cohortatione
1013 3531 1144 3600 militum)
1167 3530 1302 3587 mendum
1319 3548 1385 3588 esso

286 3618 317 3673 in
338 3617 383 3672 his
405 3619 510 3672 verbis:
535 3617 618 3672 deos
641 3618 855 3674 immortales
879 3619 998 3675 adesse
1021 3624 1165 3690 propter
1187 3619 1300 3675 toties
1325 3635 1382 3690 pe·

187 3776 190 3781 Ι
288 3703 358 3758 tita
378 3703 536 3772 foedera,
559 3704 669 3760 toties
686 3710 801 3774 rupta3
824 3710 902 3773 tum,
928 3706 956 3758 si
975 3723 1041 3774 qua
1063 3704 1270 3761 coniectura
1295 3722 1385 3761 men·

286 3789 333 3843 tis
352 3788 479 3845 divina
497 3790 551 3858 sit,
575 3791 666 3844 nulli
685 3807 836 3859 unquam
854 3792 1024 3847 exercitui
1042 3791 1152 3846 luisse
1169 3790 1384 3847 infestiores

288 3892 387 3943 qnam
409 3876 464 3944 qui
483 3881 555 3943 cet,
572 3875 697 3931 ostendit
720 3876 950 3946 particulatam
974 3893 1092 3946 prorsus
1115 3892 1262 3947 perversa3
1288 3892 1385 3947 nequa

287 3960 363 4015 enim
393 3962 461 4016 novi
494 3961 645 4031 quidquam
674 3960 865 4032 (praeterea)
894 3961 1020 4029 additum
1054 3962 1137 4016 aliter
1165 3967 1260 4016 autem
1286 3962 1386 4033 accipi

286 4046 393 4114 nequit.
434 4047 543 4104 Deinde
568 4048 596 4101 di
614 4065 672 4102 non
689 4043 766 4101 rect'c
785 4047 916 4101 dicuntur
934 4046 1055 4103 adessa
1073 4051 1219 4117 propter
1236 4045 1386 4103 foedere

285 4136 404 4202 rupta,
432 4134 534 4187 omisso
558 4149 603 4199 eo,
630 4133 660 4186 in
685 4150 740 4201 quo
763 4133 905 4188 sententia
926 4135 1059 4201 vertitur,
1087 4149 1143 4202 quo
1163 4131 1258 4186 animo
1276 4131 1384 4189 adsint.

287 4215 344 4270 Sed
370 4218 595 4273 emendationem
621 4235 681 4273 non
706 4218 832 4288 reperio;
858 4236 924 4273 nam
950 4219 1058 4273 toties
1082 4220 1184 4288 rupta
1206 4217 1327 4287 ircim
1355 4217 1387 4275 si

288 4319 357 4372 qua
375 4308 427 4358 cet.
445 4319 564 4373 prorsus
583 4298 737 4357 violentam
755 4307 785 4356 et
800 4302 995 4366 incredibilem
1012 4303 1201 4357 mutationem
1217 4301 1317 4358 habet
