2994 5108
223 557 283 611 Lib.
303 556 376 611 vm.
766 545 826 604 198

308 730 386 814 Cap.
411 735 462 808 23,
490 735 502 792 l
529 737 562 793 et
584 734 613 792 2.
663 729 759 794 Hunc
781 729 898 809 locum,
927 730 1088 809 utillum,
1117 729 1157 794 de
1181 750 1246 810 quo
1268 727 1368 812 paulo

222 848 298 905 ante
321 840 485 918 admonui,
509 838 577 912 Vll,
601 842 650 917 39,
676 843 724 917 14,
748 858 846 921 quum
869 839 1006 921 primum
1028 844 1117 903 recte
1141 838 1250 902 editus
1273 843 1369 917 esset,

222 950 329 1033 qualis
356 950 389 1013 in
418 948 513 1012 bonis
542 947 709 1012 codicibus
737 953 859 1026 exstat,
900 954 1014 1032 postea
1044 948 1186 1011 editores
1215 967 1369 1029 corrupe-

222 1065 314 1137 runt,
354 1057 555 1121 deteriorum
594 1055 760 1121 erroribus
800 1056 938 1139 decepti.
1002 1056 1109 1120 Livius
1143 1061 1294 1120 senatum
1327 1053 1369 1117 ab

223 1174 363 1249 utroque
397 1165 530 1231 consule
560 1165 602 1246 (a.
627 1168 688 1228 327
711 1186 740 1228 a.
765 1162 855 1246 Chr.)
884 1166 1056 1229 certiorem
1089 1163 1211 1229 factum
1244 1162 1368 1240 scribit,

223 1276 386 1341 Samnites
409 1273 530 1339 bellum
552 1272 669 1337 moliri.
720 1273 925 1338 Publilius
948 1273 989 1355 (is
1012 1274 1044 1337 iu
1067 1272 1250 1338 meridiana
1273 1270 1369 1337 Cam·

221 1386 320 1468 pania
352 1389 436 1462 erat,
469 1381 720 1465 Palaepolitanos
754 1381 840 1446 bello
869 1382 1094 1463 coercituros),
1123 1381 1198 1446 duo
1234 1379 1372 1445 millia

221 1492 463 1556 Nolanorum
491 1490 663 1566 militum
686 1496 725 1554 et
748 1496 947 1571 quattuor
971 1490 1218 1570 Samnitium,
1241 1489 1369 1572 magis

221 1599 387 1664 Nolanis
416 1599 652 1682 cogentibus
681 1618 795 1681 quam
822 1599 1034 1663 voluntate
1057 1598 1287 1664 Graecorum
1310 1618 1369 1662 re·

221 1717 340 1793 cepta
377 1707 571 1790 Palaepoli
611 1706 658 1787 (M
696 1707 960 1791 Palaepolim),
1005 1708 1175 1773 miserat
1218 1704 1268 1788 (id
1307 1711 1371 1783 est,

220 1817 329 1881 missis
358 1816 477 1881 litteris
506 1814 744 1896 nuntiaverat);
778 1816 904 1880 Romae
932 1815 1005 1899 (per
1033 1809 1171 1881 alterum
1194 1814 1374 1894 consulem,

221 1925 255 1988 L.
270 1924 464 2003 Cornelium,
488 1925 544 2006 qui
556 1923 757 1988 Samnitibus
781 1924 994 2008 opponendus
1017 1924 1207 1989 etiamtum
1231 1923 1264 1987 iu
1287 1922 1374 1989 urbe

220 2032 401 2113 restiterat)
435 2038 698 2115 compertum,
732 2031 929 2097 dilectum
964 2033 1166 2097 indictum
1195 2054 1215 2097 a
1242 2032 1373 2115 magi-

219 2141 440 2220 stratibus,
486 2141 796 2221 universumque
836 2139 1037 2205 Samnium
1077 2148 1256 2207 erectum
1306 2146 1372 2206 cet.

221 2251 274 2315 Sic
297 2252 382 2315 enim
404 2255 456 2314 est
478 2250 511 2313 in
534 2248 656 2329 MPHl,
686 2248 758 2313 aliis
780 2247 869 2330 (Lov.
894 2253 923 2327 4,
952 2248 1098 2330 Haverc,
1121 2249 1235 2332 fragm.
1260 2248 1374 2330 Hae).

221 2357 337 2422 Videat
360 2378 444 2422 nunc
467 2357 545 2422 mihi
569 2357 704 2441 aliquis,
733 2378 830 2440 quarn
858 2357 943 2423 belle
972 2359 1040 2423 haec
1062 2357 1264 2442 interpolata
1288 2359 1374 2438 sint;

133 2476 205 2546 (166)
223 2466 281 2531 alii
302 2467 387 2531 enim
410 2468 624 2551 scripserunt:
648 2466 984 2532 miseratRomam
1007 2473 1255 2552 compertum
1279 2465 1374 2548 (bar-

220 2575 314 2656 bare,
349 2597 452 2658 neque
476 2577 560 2640 enim
583 2583 826 2658 compertum
849 2576 1012 2642 mittere
1036 2577 1189 2659 dicitur);
1224 2574 1373 2643 Corne·

218 2685 298 2750 lius
332 2684 522 2750 dilectum
557 2690 634 2763 eet,
676 2684 789 2750 addito
824 2686 969 2766 nomine,
1004 2687 1097 2751 cuius
1125 2708 1165 2750 ne
1195 2687 1375 2753 minimum

220 2794 350 2878 quidem
375 2796 546 2875 vestigium
569 2793 715 2858 inbonis
739 2794 906 2858 codicibus
930 2800 980 2859 est
1004 2794 1079 2875 (nisi
1104 2795 1192 2877 quod
1217 2795 1371 2862 Draken-

219 2903 423 2968 borchiusLl
435 2902 640 2986 interpolatis
659 2902 831 2983 adiungit),
849 2903 905 2966 alii
923 2910 1047 2967 autem:
1067 2904 1253 2982 miserat3
1274 2904 1374 2970 Cor·

218 3013 351 3077 nelius
371 3011 563 3076 dilectum
581 3018 651 3088 cet,
671 3010 834 3088 detractis,
851 3017 888 3074 ut
900 3009 1042 3075 Cornelii
1059 3012 1181 3075 nomini
1201 3011 1294 3077 loeus
1314 3014 1372 3080 fie-

218 3126 277 3200 ret,
295 3120 422 3184 duabus
434 3119 577 3197 vocibus,
596 3140 667 3201 quae
680 3120 748 3183 sine
762 3119 828 3183 ulla
839 3120 996 3183 varietate
1008 3119 1258 3202 perscribuntur
1270 3125 1373 3189 etiam

219 3230 252 3291 in
282 3227 500 3293 deterioribus
530 3226 712 3304 codicibus,
747 3249 811 3291 uno
845 3235 879 3291 et
912 3227 1017 3293 altero
1047 3229 1189 3311 pessimo
1220 3239 1370 3315 excepto.

219 3336 281 3400 Sed
321 3338 426 3400 maior
458 3336 489 3398 in
525 3333 587 3399 hoc
620 3337 727 3417 capite
760 3358 813 3399 res
848 3336 1132 3400 commemoranda
1164 3343 1229 3415 est,
1270 3359 1371 3422 quam

220 3443 361 3507 breviter
394 3443 573 3526 significavi
606 3444 639 3506 in
672 3444 838 3525 prooemio
873 3467 902 3526 p.
933 3449 973 3506 526
1002 3444 1076 3509 ima.
1122 3444 1205 3509 Nam
1234 3445 1252 3529 ξ
1284 3452 1324 3512 10
1353 3470 1370 3514 e

220 3551 326 3616 medio
355 3551 539 3633 legatorum
562 3551 781 3616 Romanorum
810 3576 849 3615 ex
877 3551 957 3616 urbe
981 3554 1155 3617 missorum
1179 3576 1253 3619 eum
1276 3556 1369 3622 Sam·

220 3659 343 3724 nitibus
376 3660 554 3741 colloquio,
594 3659 663 3738 ubi,
698 3661 806 3743 posito
842 3661 1061 3725 Romanorum
1095 3663 1137 3726 ad
1171 3661 1370 3730 Samnitium

220 3769 486 3850 provocationem
524 3789 698 3850 responso,
740 3775 981 3851 exspectamus,
1023 3776 1058 3834 ut
1091 3771 1249 3852 primum,
1290 3765 1370 3856 quid

221 3875 338 3940 deinde
373 3876 495 3939 dictum
524 3876 633 3959 quisve
662 3874 735 3939 finis
764 3877 916 3958 colloquii
940 3876 1052 3955 fuerit,
1083 3886 1151 3943 tum
1174 3878 1299 3946 bellum
1322 3882 1371 3948 in·

220 3984 342 4047 dictum
382 3992 414 4048 et
452 3985 521 4067 geri
561 3991 712 4066 coeptum
746 3991 910 4063 narretur,
951 3986 1060 4052 subito
1100 3987 1288 4054 mirabundi
1325 3989 1369 4056 ad

220 4090 396 4155 Publilium
429 4092 593 4157 consulem
628 4092 869 4175 Palaepolitanis
909 4096 1095 4177 oppositum
1134 4105 1168 4160 et
1199 4118 1271 4163 rem
1303 4099 1369 4164 iem

220 4198 261 4263 ab
286 4221 323 4263 eo
348 4206 474 4281 gestam
497 4200 731 4277 transferimur,
755 4200 816 4263 hoc
838 4203 1036 4267 narrationis
1059 4211 1190 4268 tenore:
1224 4204 1369 4290 Legati

220 4307 486 4371 Romanorum
509 4329 624 4389 quum
648 4328 687 4372 se
710 4329 796 4386 non,
821 4328 895 4392 quo
919 4309 1054 4375 hostis
1072 4319 1272 4394 vocasset,
1295 4313 1369 4381 scd

221 4435 294 4500 quo
317 4414 586 4502 imperatores
610 4417 671 4484 sui
695 4415 916 4500 duxissent,
939 4418 1072 4488 ituros
1092 4441 1181 4490 esse
1200 4443 1366 4512 respon·
