3000 5116
191 496 253 550 Lib.
272 495 368 550 XLIV.
740 483 802 544 ’708

193 675 329 752 guntur:
364 667 444 751 Ego
479 673 616 731 antem
650 687 779 751 neque
821 687 1049 731 mansurum
1083 689 1178 733 eum
1214 669 1352 751 (hostem

193 775 327 857 Persea)
361 797 490 860 neque
524 776 564 840 in
598 775 721 840 aciem
755 776 898 859 copias
937 775 1186 843 educturum
1226 777 1350 844 fuisse

140 870 143 874 ’
193 890 346 950 certum
369 883 515 962 habeo,
550 883 583 948 si
606 883 749 948 cedere
782 883 875 948 hinc
904 884 1141 949 statuisset.
1190 885 1349 963 Quanto

193 993 296 1058 enim
319 990 488 1057 facilius
512 991 626 1057 abire
654 990 748 1070 fuit,
783 1013 901 1075 quum
928 991 1072 1076 procul
1103 992 1350 1073 abessemne,

192 1122 308 1186 quam
338 1121 457 1178 nuno,
492 1121 608 1183 quum
634 1101 674 1164 in
702 1099 935 1165 cervicibus
969 1102 1130 1165 sumus?
1177 1101 1349 1169 Necfal·

191 1208 297 1274 leret
318 1229 388 1273 nos
411 1208 600 1274 interdiu
621 1215 691 1272 aut
713 1214 834 1273 nocte
856 1207 1050 1273 abeundo.
1087 1207 1197 1285 Quid
1221 1218 1350 1276 autem

192 1316 400 1383 estnobis
423 1317 611 1401 optatius
634 1336 750 1399 qnam
784 1322 844 1396 ut,
878 1337 1048 1398 quorum
1079 1325 1347 1403 castraprae-

192 1425 279 1491 alta
301 1424 487 1490 fluminis
510 1426 601 1507 ripa
623 1432 766 1490 tuta—
783 1445 1021 1508 oppugnare
1039 1425 1185 1491 adorti
1209 1449 1347 1505 sumus,

192 1555 322 1598 eos-
345 1535 501 1617 agmine
525 1532 660 1598 effuso
683 1533 881 1599 abeuntes
904 1532 1016 1597 -ab
1040 1540 1162 1617 tergo
1188 1535 1343 1600 adoria·

191 1643 299 1706 mur?
344 1640 412 1723 (Sic
435 1642 644 1726 Kreyssigius
668 1648 702 1707 et
718 1641 1021 1720 Weissenbornius3
1044 1649 1150 1707 antea
1174 1642 1346 1729 edebatur:

180 1749 272 1828 ,Nec
312 1750 484 1815 falleret
523 1770 699 1814 nosnec
726 1749 916 1815 interdiu
949 1770 1019 1814 nec
1046 1756 1173 1816 nocte
1207 1751 1345 1817 abeun-

192 1858 249 1924 do.
295 1859 397 1937 Quid
431 1866 494 1924 cet.
538 1856 648 1924 Codex
681 1857 796 1922 habet:
826 1878 896 1923 nec
918 1856 1068 1922 fallere
1101 1880 1177 1924 nos
1204 1881 1277 1925 nec
1296 1862 1345 1925 iu·

191 1967 330 2033 terdiu
348 1975 416 2032 aut
437 1975 556 2033 nocte
579 1966 820 2032 abeundtem
843 1972 905 2032 est
926 1965 1042 2031 nobis
1066 1974 1237 2051 optatus
1260 1990 1343 2051 qua·

191 2096 274 2141 rum
301 2082 344 2141 ut
378 2098 546 2159 quorum
580 2081 718 2140 castra
751 2082 812 2141 cet.
857 2075 1063 2159 Kreyssigius
1097 2096 1209 2160 neque
1244 2080 1342 2142 omnia

190 2184 347 2248 indicavit
376 2192 410 2249 et
437 2183 584 2265 erravit.)
639 2183 785 2248 Primum
818 2183 860 2248 ab
888 2181 951 2247 hac
984 2183 1211 2269 descriptione
1245 2193 1340 2250 status

192 2293 270 2371 eius,
293 2294 350 2376 qui
371 2314 460 2357 nuno
484 2300 550 2358 est:
584 2314 701 2376 quam
732 2313 852 2372 nunc,
887 2313 1006 2375 quum
1039 2293 1081 2356 in
1117 2294 1338 2358 cervicibus

191 2422 345 2479 sumus,·
365 2422 463 2484 prave
489 2408 662 2483 separatur
684 2408 792 2466 totum
814 2398 911 2478 illud,
935 2400 1025 2481 quod
1048 2401 1167 2466 eodem
1191 2405 1336 2485 pertinet:

191 2530 264 2573 nec
285 2508 461 2574 falleret
484 2515 544 2574 cet.
590 2510 714 2575 Deinde
737 2531 805 2574 non
827 2514 916 2574 recte
941 2507 980 2572 de
1004 2530 1058 2586 eo,
1082 2510 1175 2593 qnod
1197 2510 1333 2589 nunc‚si

190 2623 298 2682 tentet
319 2617 477 2696 Perseus,
511 2617 581 2682 fieri
604 2623 759 2700 nequeat,
789 2618 921 2701 ponitur
942 2638 1016 2681 nec
1050 2617 1226 2684 falleret
1257 2619 1331 2702 (prot

106 2734 178 2802 (588)
197 2745 270 2790 nec
294 2724 418 2790 fallet
439 2732 498 2790 aut
520 2727 554 2790 in
578 2724 744 2808 fingendo:
765 2746 837 2790 nec
858 2724 1004 2807 fallat).
1035 2725 1210 2792 Accedunt
1227 2726 1331 2791 codicis

192 2835 343 2917 vestigia,
378 2856 417 2898 ex
452 2835 572 2917 quibus
599 2833 811 2898 manifestum
841 2839 907 2910 est,
937 2835 985 2897 sic
1013 2834 1228 2899 scribendum
1259 2854 1330 2898 esse:

184 2965 310 3026 ‚quum
333 2944 372 3006 in
396 2943 628 3008 cervicibus
652 2965 790 3008 sumus
813 2964 886 3006 nec
903 2941 1050 3007 fallere
1075 2942 1177 3023 (cod.)
1201 2965 1269 3007 nos
1288 2943 1329 3004 in·

191 3052 327 3117 terdiu
351 3058 419 3115 aut
442 3059 561 3115 nocte
596 3051 781 3116 abeundo
806 3058 952 3134 potest
997 3050 1104 3127 Quid
1128 3059 1261 3115 antem
1280 3058 1328 3113 est

191 3160 309 3224 nobis
334 3161 529 3242 optatius
553 3181 669 3241 quarn
694 3169 736 3224 ut
760 3160 858 3240 cet.¹)

277 3267 356 3351 Cap.
379 3274 429 3337 41.
458 3275 471 3332 1
497 3273 571 3333 et2
607 3268 653 3348 (in
683 3269 904 3351 descriptione
938 3267 1055 3350 proelii
1091 3268 1136 3332 ad
1169 3266 1325 3352 Pydnaml:

191 3376 473 3454 Intervallum,
516 3377 621 3462 quod
660 3378 769 3441 inter
810 3382 992 3442 cetratos
1031 3383 1073 3440 et
1115 3376 1326 3460 phalanges

191 3483 305 3564 (Gron.
329 3485 584 3569 phalangem)
608 3491 706 3564 erat,
730 3486 916 3569 implevit
938 3484 1048 3567 legio
1069 3492 1195 3569 atque
1219 3485 1326 3549 aciem

190 3592 366 3658 hostium
399 3595 635 3676 interrupit.
680 3594 707 3656 A
740 3602 859 3676 tergo
893 3595 1068 3657 cetratis
1104 3602 1210 3671 erat,
1238 3591 1325 3655 fron·

190 3710 268 3766 tem
291 3701 487 3767 advorsus
511 3704 715 3785 clipeatos
738 3702 919 3768 habebat
941 3701 1195 3786 (aglaspides
1212 3695 1325 3784 appel·

219 4022 224 4048 ¹
231 4029 239 4083 J
260 4017 325 4085 Cap.
345 4020 387 4077 40.
406 4016 511 4071 anihil
530 4023 592 4068 erat
611 4013 686 4083 quod
704 4021 886 4083 sperneretur
908 4018 1007 4066 tenus
1032 4030 1096 4066 cum
1117 4014 1245 4083 genetivo
1260 4012 1322 4063 inne

38 4062 190 4511 7
259 4108 320 4156 tum
340 4117 457 4173 egenus
475 4102 588 4165 tenus)
606 4101 734 4169 exemplo
753 4101 838 4168 ipsius
857 4099 931 4152 Livii
949 4097 1067 4166 (XXVI,
1086 4101 1129 4164 24,
1153 4097 1195 4167 11)
1218 4105 1244 4153 et
1260 4093 1322 4148 eall

259 4188 298 4255 (in
322 4187 464 4241 Ciceronis
492 4188 573 4256 epist
599 4187 634 4239 sd
660 4184 737 4238 Fani
767 4183 845 4252 vm,
876 4188 900 4252 1,
927 4184 954 4249 2)
981 4190 1012 4237 et
1030 4182 1197 4250 Quintiliani
1223 4179 1321 4249 (XM

262 4275 312 4340 1⁷),
331 4281 362 4326 ut
380 4273 500 4327 Plinium
519 4271 565 4338 (II
584 4270 617 4324 N.
636 4270 763 4336 XXXIV,
780 4271 825 4335 58)
847 4276 877 4323 et
893 4275 992 4339 poetas
1016 4271 1197 4338 omittamns;
1224 4285 1281 4323 nam
1295 4264 1322 4317 dt

38 4564 100 4715 (l

258 4357 351 4412 forma
368 4359 493 4428 genetivi
511 4363 609 4411 nostro
628 4363 755 4426 tempore
772 4374 831 4411 non
850 4355 1003 4409 dubitatur.
1031 4355 1134 4422 (186t)
