2994 5108
698 443 760 506 239
1195 456 1258 511 Lib.
1276 456 1311 510 X.

150 626 249 708 vallo,
278 649 347 693 non
376 626 577 694 stationibus
607 627 750 694 firmata.
804 625 923 693 Omnia
944 635 1037 694 recta
1059 635 1155 694 erunt
1178 628 1311 695 sublato

151 737 383 821 conspecti,
411 742 450 802 ut
472 736 653 802 scribatur:
683 737 724 801 in
752 735 889 819 fugam
912 742 1238 802 consternantur
1260 737 1309 802 ab

150 843 376 929 equitibus,
400 845 469 927 qui
498 850 559 910 cet.
609 845 770 930 Apertum
792 850 844 910 est
866 850 991 925 autem,
1018 845 1106 910 unde
1129 852 1244 910 natum
1267 847 1311 911 sit

148 950 246 1018 huius
284 953 377 1019 vocis
415 951 576 1018 addendae
608 952 794 1019 consilium.
858 950 1016 1036 Sequitur
1049 954 1150 1031 enim,
1190 961 1311 1038 praeter
1351 1028 1357 1040 ¹

150 1061 276 1145 equites
298 1059 385 1141 illos,
414 1061 472 1145 qui
494 1061 528 1125 in
552 1059 717 1126 Samnites
740 1060 829 1126 visos
852 1061 1071 1140 incurrerunt,
1101 1062 1202 1127 etiam
1225 1062 1310 1128 alios

149 1167 332 1249 Romanos,
363 1187 465 1254 quum
493 1169 626 1235 eosdem
655 1189 695 1232 ex
716 1167 900 1252 Apolloniae
922 1170 1026 1234 muris
1049 1171 1308 1253 conspexissent,

151 1276 194 1341 ad
232 1298 289 1343 eos
328 1277 563 1362 opprimendos
603 1277 721 1342 exisse.
782 1276 923 1361 Propter
955 1276 1025 1342 haec
1057 1278 1158 1361 igitur
1191 1278 1304 1344 verba:
1324 1293 1395 1362 (198)

151 1380 382 1470 Conspecta
410 1392 449 1451 61
469 1419 513 1430 -
536 1406 582 1450 66
608 1384 851 1463 multitudo,
881 1406 955 1469 quae
983 1386 1073 1469 apud
1103 1386 1231 1451 Livium
1259 1408 1309 1451 re·

150 1492 316 1577 spondent
337 1493 419 1559 illis:
444 1495 574 1576 qni-
591 1492 783 1559 viderant
806 1500 878 1574 cet,
900 1493 1120 1578 interpolator
1142 1495 1208 1559 iam
1231 1502 1309 1560 ante

148 1601 228 1686 poni
252 1600 374 1667 debere
396 1602 527 1687 putavit
549 1602 772 1686 conspecti.

235 1706 315 1794 (lap.
345 1715 387 1775 44
421 1711 513 1795 piget
548 1730 640 1795 psene
675 1709 783 1774 dicere
812 1716 846 1774 et
873 1706 890 1792 ἓ
921 1714 940 1774 2
969 1708 1208 1774 emendandam
1236 1731 1308 1775 esse

147 1818 311 1883 orationis
353 1818 656 1903 interpunctionem
701 1818 778 1900 (hoc
817 1816 932 1882 modo:
980 1818 1204 1902 eodemque
1244 1818 1307 1885 die

146 1925 378 2008 Aquilonia
406 1932 446 1991 61
473 1924 704 1992 Cominium
732 1924 1020 2004 deflagravere
1048 1932 1088 1991 61
1116 1927 1307 1993 consules

145 2067 192 2078 -
214 2041 356 2100 castra
386 2033 656 2117 coniunxere)
686 2040 720 2100 et
750 2033 766 2117 ἓ
796 2039 814 2098 6
844 2031 1085 2116 (Consilium
1113 2034 1208 2099 inde
1237 2035 1307 2101 ha-

146 2140 289 2207 bitum.
354 2141 476 2221 Quum
517 2144 595 2209 ism
634 2150 797 2227 tempus
837 2147 947 2207 esset
986 2142 1218 2208 deducendi
1258 2145 1306 2210 ab

147 2247 308 2316 Samnio
331 2252 540 2318 exercitus
563 2259 632 2317 aut
653 2253 875 2335 utriusque
898 2256 968 2315 aut
990 2257 1100 2316 certe
1123 2251 1306 2332 alterius,

147 2359 349 2443 optimum
381 2360 510 2425 visum
538 2358 625 2442 cet).
681 2357 760 2441 (Sed
793 2359 828 2423 in
862 2359 913 2423 his
946 2360 1026 2443 ipsis
1059 2360 1167 2425 verbis
1194 2360 1307 2426 insoli-

145 2473 221 2532 tum
252 2489 325 2533 esse
358 2467 585 2533 deducendi
617 2466 665 2534 ab
694 2466 854 2533 Samnio
877 2467 1167 2534 Weissenbornius
1201 2471 1306 2535 anim·

147 2575 304 2641 advertit.
369 2576 445 2642 Non
484 2575 621 2641 dubium
661 2575 805 2655 videtur,
846 2577 924 2659 quin
970 2598 1031 2660 pro
1071 2578 1114 2639 ab
1161 2578 1307 2643 scriben-

147 2683 228 2750 dum
256 2685 302 2750 sit
328 2683 385 2765 16,
419 2704 487 2768 qua
519 2684 638 2749 vocula
670 2690 746 2768 post
780 2683 819 2748 di
854 2685 977 2749 extrita
1009 2684 1068 2749 illa
1101 2706 1201 2769 prave
1230 2707 1306 2767 sup·

146 2791 239 2877 plote
284 2799 347 2859 est.
402 2788 481 2877 (lap.
517 2796 574 2872 46,
617 2796 632 2855 l
669 2799 757 2857 recte
792 2792 963 2857 scribitur:
1004 2794 1226 2858 exercitum
1260 2794 1306 2858 de

148 2898 315 2966 Samnio
344 2899 524 2966 deduxit.
570 2897 652 2981 (lfa,
680 2921 753 2983 quae
782 2900 850 2965 dixi
873 2900 915 2965 ad
938 2899 1003 2966 Cic.
1026 2902 1097 2966 Fin.
1120 2900 1179 2982 IV,
1212 2907 1251 2966 56
1274 2925 1306 2986 p.

147 3011 222 3073 562.
270 3008 377 3093 1875.)
1229 3032 1233 3042 ’

235 3112 314 3201 Gap.
338 3121 394 3197 46,
423 3121 457 3182 6:
497 3123 701 3201 auctaque
729 3139 774 3183 ea
801 3117 958 3183 invidia
986 3116 1092 3201 (quod
1120 3119 1155 3183 in
1185 3117 1221 3182 L.
1244 3117 1306 3183 Pa-

144 3223 224 3308 pirii
260 3225 429 3309 triumpho
468 3225 552 3291 nihil
585 3246 625 3290 ex
658 3226 770 3311 praeda
802 3226 963 3291 militibus
992 3225 1105 3290 datum
1135 3225 1219 3307 erat)
1243 3231 1306 3291 est

145 3331 198 3398 ad
231 3332 408 3417 plebem,
441 3334 551 3419 quod
584 3333 790 3401 tributum
824 3334 950 3399 etiam
984 3334 1024 3398 in
1051 3333 1305 3419 stipendium

144 3438 326 3506 militum
365 3441 570 3508 collatum
614 3448 691 3524 est,
737 3460 870 3527 quum,
916 3443 950 3507 si
995 3447 1135 3527 spreta
1172 3441 1306 3526 gloria

146 3547 297 3615 fuisset
340 3550 514 3635 captirae
554 3551 738 3635 pecunie
778 3551 818 3616 in
856 3551 1041 3616 aerarium
1078 3550 1225 3631 illatae,
1267 3557 1305 3615 et

144 3654 277 3723 militi
306 3664 389 3723 tum
417 3658 509 3724 dari
535 3680 582 3725 ex
610 3659 748 3744 praeda
776 3666 816 3725 et
838 3658 1094 3743 stipendium
1116 3658 1304 3724 militare

144 3767 342 3851 prestari
368 3767 587 3852 potuisset.
643 3766 814 3833 Particula
840 3774 923 3832 tum
950 3767 1032 3831 nihil
1061 3766 1177 3847 habet,
1213 3765 1306 3850 quod

144 3881 241 3958 agat,
268 3875 426 3959 quoniam
454 3875 495 3941 de
518 3875 608 3942 nullo
631 3874 698 3942 alio
721 3882 870 3960 tempore
892 3874 1031 3957 eogitari
1051 3881 1181 3959 potest;
1215 3874 1305 3939 dari

145 3983 197 4048 sic
229 3981 395 4064 absolute,
435 3983 526 4050 nullo
566 3983 682 4050 addito
722 3984 870 4050 subiecto
911 3983 1052 4065 (militi
1090 4002 1136 4046 ex
1169 3982 1305 4065 praeda

144 4090 300 4173 datur),
331 4091 396 4156 dici
423 4093 546 4177 nequit.
602 4091 816 4158 Manifestum
844 4098 909 4172 est,
938 4093 972 4156 in
994 4098 1078 4155 tum
1101 4090 1204 4155 latere
1227 4089 1303 4155 sub·

143 4200 328 4265 stantivum
368 4201 569 4266 contrarium
604 4201 823 4286 stipendio.
886 4200 925 4265 Id
966 4205 1026 4265 sut
1064 4199 1212 4265 donum
1246 4203 1304 4262 aut
