2994 5108
697 490 757 552 113
1175 505 1238 560 Lib.
1256 503 1305 560 Ν.

142 674 368 743 discrimen
394 676 467 743 sub
497 676 661 743 dicione
689 676 778 741 eius
799 650 1133 760 magistratus-
1155 677 1304 759 (esset).

145 763 249 849 Recte
271 805 439 852 veronen
461 785 602 875 omniuo,
631 784 746 849 sedin
769 790 886 850 senatu
910 787 1122 872 equitumque
1146 786 1305 854 centuriis

144 891 277 958 decoris
307 893 545 976 dedecorisque
576 892 751 958 discrimen
782 914 883 978 penes
913 915 1067 960 censores
1090 894 1192 961 fuisse
1215 896 1305 976 dicit,

143 1021 249 1084 quum
280 1010 341 1068 aut
373 1008 490 1070 senatu
522 1008 695 1066 moverent
722 1009 781 1066 aut
808 1023 912 1085 equos
941 1003 1140 1085 adimerent,
1172 1025 1248 1070 nam
1270 1005 1306 1070 id

142 1128 322 1176 censorum
358 1111 447 1177 notis
481 1109 666 1194 agebatur,¹
699 1117 737 1175 ut
774 1111 809 1175 hi
848 1110 979 1176 ordines
1013 1111 1306 1195 (quemadmodum

145 1213 264 1284 Cicero
294 1219 426 1302 scribit)
456 1219 536 1286 vitio
565 1225 739 1299 vacarent3
773 1217 942 1286 hominum
970 1219 1010 1284 de
1033 1220 1130 1304 plebe
1152 1241 1217 1286 non
1240 1223 1306 1287 sin·

146 1325 287 1409 gulatim
312 1329 389 1394 vitae
417 1334 451 1395 et
472 1347 582 1394 mores
605 1348 626 1392 a
648 1328 840 1393 censoribus
864 1327 1123 1412 exquirebantur
1144 1331 1306 1397 notaban-

146 1440 257 1515 turve,
290 1436 358 1502 nisi
390 1438 419 1502 si
452 1436 533 1520 quid
562 1442 655 1501 extra
678 1436 828 1501 ordinem
850 1456 871 1500 a
892 1435 1004 1501 multis
1027 1443 1198 1520 peccatum
1221 1446 1307 1519 erat,

144 1541 193 1606 ad
215 1563 272 1609 eos
294 1545 488 1628 pertinebat
509 1545 697 1610 uuiversum
720 1543 817 1624 illud,
851 1545 942 1629 quod
966 1544 1077 1610 Livius
1105 1547 1211 1630 primo
1233 1545 1306 1614 loco

147 1652 274 1734 posuit,
308 1673 461 1720 morum
495 1652 810 1737 disciplinaque
843 1655 1040 1736 regimen,
1074 1654 1163 1738 quod
1191 1655 1307 1720 edictis

145 1779 321 1826 censorum
353 1761 595 1829 continebatur.
657 1760 775 1844 ltaque
813 1761 918 1827 multo
953 1762 1019 1827 iam
1052 1764 1176 1842 verius,
1215 1770 1308 1829 recta

148 1869 316 1953 scriptura
347 1871 519 1950 restituta,
552 1888 725 1935 censorum
759 1890 897 1935 munera
925 1891 945 1934 a
973 1869 1065 1935 Livio
1095 1871 1307 1954 comprehen-

145 1975 281 2043 duntur.
326 1976 577 2062 (Praepositione
600 1978 729 2058 omissa,
753 1986 926 2043 senatus
949 2000 1009 2063 pro
1033 1985 1180 2044 senatu
1204 1981 1307 2064 scrip-

148 2093 221 2151 tum
243 2086 388 2169 videtin,
415 2107 493 2152 nam
515 2086 643 2152 Livium
673 2087 713 2152 iu
737 2093 907 2152 senatus
931 2087 1193 2171 equitumque
1216 2108 1307 2153 cen·

149 2195 274 2260 turiis
315 2195 452 2275 dixisse,
494 2194 583 2278 quod
621 2201 807 2275 senatores,
848 2216 949 2279 quum
987 2195 1172 2278 antiquitus
1206 2217 1308 2279 equos

150 2303 304 2386 publicos
331 2303 507 2384 haberent,
543 2305 690 2389 equitum
719 2304 874 2369 centuriis
904 2304 1167 2384 continerentur,
1200 2311 1238 2370 ut
1260 2325 1308 2371 ere

147 2412 252 2477 etiam
274 2419 465 2479 senatorum
489 2418 616 2492 esseut,
648 2411 689 2476 de
718 2432 785 2495 qua
812 2433 848 2478 re
871 2411 939 2476 dixi
962 2412 1040 2477 olim
1063 2411 1183 2497 Opusc.
1206 2414 1307 2479 Acad.

150 2518 167 2584 1
188 2543 221 2605 p.
245 2522 286 2585 76
310 2542 392 2606 sqq,
421 2542 488 2586 non
511 2520 673 2599 adducor,
700 2526 738 2585 ut
760 2519 953 2602 credam.)¹)
997 2520 1102 2585 Paulo
1125 2528 1201 2605 post
1225 2520 1255 2604 (ἓ
1273 2520 1307 2603 6)

141 2627 269 2695 frustra
301 2628 528 2694 Alschefskius
568 2634 602 2693 et
634 2626 920 2694 Weissenboruius
954 2629 1110 2694 mirificas
1144 2631 1307 2714 interpre-

147 2736 241 2801 tandi
275 2737 445 2802 machinas
474 2736 650 2802 admovent
679 2736 829 2802 codicum
858 2739 1046 2821 scripturae,
1080 2759 1179 2820 quam
1207 2739 1308 2804 etiam

145 2842 302 2910 Hertaius
342 2846 444 2911 tacite
476 2846 600 2910 tenuit:
641 2844 814 2925 tribuni,
854 2845 893 2910 id
933 2845 1038 2928 quod
1076 2851 1170 2911 tunc
1204 2856 1307 2925 erat,

145 2954 276 3036 magis
304 2954 582 3019 necessarium
617 2973 734 3037 quam
762 2954 941 3038 speciosi
968 2953 1198 3019 ministerii
1219 2976 1307 3039 pro·

143 3062 412 3127 curationem
445 3063 668 3143 intuentes,
703 3068 740 3127 ut
773 3082 814 3127 ex
846 3082 886 3127 ea
918 3063 1117 3127 seutentiam
1150 3060 1304 3127 efficiant.
1324 3079 1376 3148 (94)

144 3167 228 3247 Quis
250 3171 338 3236 enim
359 3169 443 3236 talia
462 3170 598 3235 iuventa
619 3169 809 3254 redarguat,
839 3169 936 3254 quale
961 3170 1226 3236 Weissenbornii
1248 3178 1308 3251 est,

143 3279 324 3359 narrantis,
346 3278 391 3344 ad
412 3279 694 3345 necessarium
717 3278 825 3343 audiri
842 3279 1117 3344 ministerium
1135 3285 1194 3343 aut
1210 3299 1306 3361 gene·

143 3385 253 3451 ralem
281 3386 430 3472 aliquam
458 3387 648 3453 notionem?
683 3386 773 3472 (Ipse
802 3387 950 3472 quidem,
984 3409 1085 3471 quum
1116 3387 1164 3452 sic
1191 3388 1305 3454 vertit:

144 3493 223 3574 „die
245 3494 413 3561 Tribuucn
444 3495 548 3561 saheu
574 3496 609 3559 iu
637 3495 712 3559 dem
733 3497 830 3560 Amte
857 3496 950 3560 mehr
979 3497 1051 3561 eine
1081 3495 1308 3580 uothwendige

175 3682 199 3749 ¹)
219 3679 299 3750 [Quae
329 3688 469 3752 praeterea
493 3682 695 3737 Mommseuius
728 3687 834 3748 tentat,
867 3700 958 3751 neque
989 3685 1151 3737 necessaria
1183 3690 1249 3738 sunt
1280 3689 1309 3738 et

219 3768 367 3838 redarguit
398 3769 429 3823 iu
458 3768 611 3837 postremis
648 3769 800 3822 verborum
836 3768 923 3834 ordo,
960 3769 990 3822 in
1021 3769 1214 3836 superioribus
1246 3769 1308 3822 hoec

216 3852 381 3909 coniunctio
409 3859 554 3909 sanstus
581 3853 804 3921 equitumque
831 3853 1012 3908 centuriis.
1033 3851 1096 3921 §4,
1115 3854 1248 3922 quoniam
1274 3854 1308 3906 iu

217 3944 341 3994 senatu
374 3939 461 4008 louge
489 3938 623 4006 discedit,
651 3938 692 3992 ad
723 3944 878 3993 senatum
906 3938 1047 4006 (mentio
1076 3938 1191 4006 illata)
1219 3939 1306 3991 inusi-

217 4028 278 4080 tate
295 4024 412 4091 dicitur,
434 4029 524 4080 restat
541 4023 633 4094 apud
652 4029 824 4092 senatum,
846 4041 878 4077 eo
898 4025 1000 4092 magis,
1023 4023 1100 4091 quod
1117 4024 1147 4077 iu
1164 4023 1187 4077 P
1206 4028 1251 4077 est
1268 4024 1307 4077 ab

211 4117 380 4166 senatum
412 4108 439 4165 N
447 4128 493 4165 am
512 4109 622 4164 etiamsi
634 4108 790 4165 Niebuhrio
811 4109 892 4178 (Eiet
910 4110 990 4165 Rom.
1005 4109 1032 4163 11
1046 4127 1072 4179 p.
1088 4111 1138 4162 255
1153 4108 1195 4163 ed.
1212 4109 1237 4175 2)
1251 4125 1309 4162 cre-

218 4194 278 4264 dar,
295 4214 348 4251 suc
361 4195 445 4250 Livio
464 4200 624 4251 commenta
637 4195 807 4264 subiicienti,
826 4201 993 4251 nontamen
1007 4195 1114 4250 mentio
1129 4196 1163 4249 ab
1177 4195 1308 4248 universo

218 4287 319 4338 senatu
348 4279 450 4336 inferri
480 4281 538 4336 dici
562 4281 667 4351 possit,
699 4300 751 4337 nec
776 4281 889 4337 Livium
915 4282 957 4334 ita
982 4280 1100 4349 dixisse,
1131 4279 1309 4350 apertissime

214 4368 353 4437 ostendit,
370 4366 449 4438 quod
465 4368 606 4437 sequitur:
625 4373 658 4423 et
675 4373 794 4438 patres
872 4365 947 4421 lati
965 4383 1139 4436 accepere.
1177 4363 1262 4434 leot]
