2994 5108
226 493 288 548 Lib.
307 493 379 548 XLI.
769 482 830 543 616

226 687 326 743 mus,
351 665 650 744 consultantes,
685 672 756 744 cet,
778 667 841 732 uisi
874 666 964 750 quod
990 666 1152 732 violenter
1182 665 1319 732 fuisse
1340 668 1373 732 in

226 773 242 837 f
247 775 376 838 nimus
409 779 564 839 mutatur.
608 773 733 839 Eadem
764 775 883 839 lacuna
915 780 949 839 et
988 774 1168 858 superioris
1201 775 1373 841 sententie

226 881 324 947 finem
347 889 380 945 et
402 881 500 946 huius
521 882 652 947 initium
675 882 797 961 hausit,
819 881 889 946 haec
912 884 997 947 enirn
1014 883 1173 949 orationis
1195 881 1304 948 forme
1324 883 1372 948 in·

227 996 382 1056 ereb-nt
402 989 585 1073 Philippi
608 990 791 1069 iniurias,
815 991 848 1056 si
869 1012 953 1073 quae
975 990 1083 1055 forte
1105 989 1285 1070 fuerunt,
1309 990 1372 1055 ob·

227 1104 403 1165 scurent.
448 1097 705 1177 Meministis,
729 1119 846 1180 quum
868 1099 1017 1163 classis
1040 1099 1077 1163 R.
1102 1097 1133 1163 C.
1160 1103 1311 1177 steret,
1331 1133 1373 1144 —

226 1205 403 1271 triduum
436 1195 512 1271 nos'
532 1207 571 1273 in
600 1206 777 1271 concilio
807 1204 949 1284 fuisse,
978 1214 1039 1271 cet.
1074 1202 1242 1288 Sequitur
1264 1203 1295 1289 (ᾗ
1320 1206 1372 1286 14)

226 1335 318 1379 error
338 1335 373 1378 re
396 1335 528 1397 pervus,
551 1314 594 1378 ed
616 1315 785 1379 sententiae
808 1313 1040 1379 detrimentum
1061 1335 1125 1378 non
1155 1335 1295 1397 pervus;
1328 1315 1375 1380 sic

227 1423 313 1487 enim
337 1421 506 1500 scribitur:
539 1421 619 1487 fuit
652 1427 764 1487 certe
796 1428 928 1486 tamen
951 1421 1125 1506 aliquid,
1160 1421 1268 1504 quod
1296 1431 1380 1488 tem

225 1529 383 1612 longam
422 1529 761 1596 deliberationem
798 1528 953 1595 faceret
993 1530 1077 1611 (cod.
1111 1529 1301 1611 feceret),
1333 1529 1453 1595 io*

226 1637 330 1722 quod
364 1645 453 1703 eret
486 1645 649 1703 vetusta
671 1637 756 1719 (cod.
779 1639 1002 1719 vetustate)
1026 1638 1269 1704 coniunctio
1293 1659 1465 1705 cunm

225 1744 529 1825 Macedonibus,
564 1753 704 1812 vetere
737 1753 775 1811 et
797 1766 939 1828 magna
966 1746 1005 1809 in
1033 1766 1104 1809 nos
1127 1767 1266 1830 regum
1290 1746 1396 1827 (cod-
1421 1770 1469 1812 A.

225 1852 374 1935 rerum)
413 1855 569 1919 merita.
625 1853 821 1919 Pravissime
861 1874 935 1918 cum
974 1851 1103 1923 infinite
1140 1853 1474 1922 adfirmationae

226 1960 412 2043 (aliquid)
445 1983 505 2046 per
538 1962 577 2026 id
611 1961 715 2044 quod
748 1960 870 2045 (ipsum
896 1962 1012 2026 vitiose
1034 1963 1195 2044 positum,
1220 1965 1475 2045 quonism

225 2090 290 2136 non
314 2070 355 2136 ad
377 2070 593 2154 praedicatum
615 2077 758 2136 totumve
777 2070 973 2135 seutentiam
989 2068 1143 2150 refertur)
1161 2072 1476 2155 coniungitursr

229 2184 326 2242 certae
348 2179 398 2242 rei
420 2177 656 2244 demonstratio
687 2176 879 2260 (aliquid,
906 2177 941 2241 id
963 2176 1092 2261 quod).
1137 2177 1278 2256 Rectam
1302 2201 1367 2245 orn-
1385 2203 1473 2245 Δ·

224 2285 324 2350 tionis
346 2285 485 2351 formam
507 2285 628 2351 efficiet
647 2270 714 2351 ‘una
734 2287 848 2352 littera
876 2293 909 2350 ct
938 2285 1034 2350 simul
1056 2286 1281 2370 interpunctio
1304 2309 1357 2352 mu
1372 2310 1472 2351 m·

224 2399 308 2458 tate:
342 2393 469 2459 fuito.
491 2401 515 2459 t.
539 2395 712 2477 aliquid,
744 2393 850 2476 quod
879 2398 958 2458 tem
979 2393 1140 2476 longam
1163 2391 1370 2460 delibere-
1413 2424 1468 2458 ..ν

222 2501 371 2565 tionem
393 2500 560 2566 feceret.
605 2502 901 2586 quuideret?
935 2501 1390 2568 Vetusteconiuncti·
1452 2521 1466 2564 o

223 2626 250 2672 c.
273 2607 369 2672 Mac.
394 2609 491 2690 cet.¹)
1081 2587 1091 2627 '

134 2727 205 2795 (507)
309 2713 385 2799 Cap.
410 2720 459 2795 26,
485 2722 502 2781 3
526 2726 558 2782 et
581 2723 600 2781 4
624 2717 677 2799 (de
700 2718 854 2783 Romanis
873 2715 1053 2781 Celtiberos
1073 2724 1182 2781 castra
1200 2738 1350 2801 aggresso
1364 2734 1462 2776 <is

111 2863 115 2870 ·
220 2825 389 2906 eruptione
428 2824 517 2889 facta
556 2825 818 2908 repellentibus):
864 2824 1069 2907 Urgentes
1109 2824 1258 2890 deinde
1298 2819 1461 2890 aliiii

225 2930 309 3011 (cod.
333 2932 427 3012 alia)
450 2932 553 2997 alios
578 2935 712 2998 secuti
733 2941 954 2997 evaserunt
977 2931 1061 3009 (cod.
1091 2940 1460 2999 secuteevasee·

220 3039 325 3120 runt)
350 3048 466 3104 extra
487 3040 650 3113 vallum,
679 3050 720 3105 ut
744 3041 920 3124 pandere
950 3042 1075 3103 aciem
1099 3047 1137 3104 et
1160 3032 1459 3123 exsequar-‘Ji

221 3148 412 3212 cornibus
435 3149 519 3228 (cod.
544 3151 739 3232 exequari
763 3124 985 3229 circuibus)
1006 3149 1202 3227 hostibus
1226 3150 1344 3233 quibu
1364 3159 1459 3209 11³

245 3401 270 3466 ¹)
289 3401 304 3469 ξ
323 3403 339 3454 6
357 3403 536 3472 Kreyssigius
563 3420 656 3456 veram
683 3404 850 3471 scripturam
873 3402 996 3456 restituit
1025 3402 1080 3470 (Ao
1099 3404 1227 3457 scimus
1245 3402 1342 3458 Perse
1359 3402 1461 3450 ΕΒ

288 3503 399 3554 regno
419 3495 566 3557 eccepto
585 3505 701 3556 regem
724 3506 784 3557 ep.
805 3488 839 3541 R.
860 3488 1093 3557 appellatum,
1122 3489 1291 3555 audimus,
1315 3488 1460 3540 1⁸90·

288 3582 384 3642 gatos
411 3575 583 3628 Romanos
610 3575 749 3628 venisse
776 3573 816 3626 sd
842 3589 959 3641 regem
987 3579 1021 3628 et
1049 3590 1107 3628 eos
1136 3574 1461 3642 benigneexz'

288 3660 425 3728 coptos),
454 3667 580 3714 correcto
607 3659 714 3713 librarii
741 3675 843 3726 errore,
863 3659 910 3727 qui
928 3660 1013 3712 verbs
1031 3660 1168 3727 legatos
1196 3659 1341 3713 Romano
1365 3653 1463 3699 0⁸

288 3746 423 3798 venisse
449 3744 489 3797 sd
515 3761 629 3812 regem
655 3745 697 3798 bis
725 3744 851 3811 scripsit,
878 3744 999 3812 primurn
1018 3745 1110 3798 alieno
1130 3745 1193 3798 loco
1218 3745 1295 3814 (post
1311 3741 1462 3797 προ·

287 3831 403 3899 cepto),
430 3830 530 3883 deinde
563 3848 621 3884 suo.
658 3830 709 3897 Qui
733 3830 787 3882 elis
810 3834 969 3895 tentarunt,
985 3840 1081 3897 neque
1105 3831 1206 3884 erroris
1229 3831 1413 3898 origines!
1428 3822 1464 3858 ³¹⁰

287 3917 416 3970 viderunt
433 3931 522 3982 neque
542 3916 675 3969 orationis
693 3916 767 3968 inter
793 3914 848 3967 duo
867 3915 951 3970 verbe
979 3914 1116 3983 (scimus
1144 3921 1173 3969 et
1196 3915 1410 3969 sudium&
1444 3889 1464 3984 J)

287 4001 444 4054 distributae
464 4000 662 4066 aequslitetem.
700 3999 776 4052 Idem
794 3998 810 4068 ξ
829 4002 846 4053 8
864 4006 939 4054 recte
967 4000 1110 4068 subegit
1135 4018 1186 4070 pro
1214 3999 1340 4053 subieci
1376 3980 1464 4041 ἰή

279 4086 406 4154 ‘scripsit
433 4090 574 4152 postremo
602 4084 617 4153 ξ
639 4089 678 4151 18,
696 4090 853 4154 permutata
879 4085 996 4139 duarum
1018 4103 1121 4139 vocum
1145 4087 1211 4140 sede
1230 4085 1294 4153 (vid.
1314 4101 1343 4137 su
1364 4078 1458 4129 ῤ’

286 4188 336 4238 pra
354 4188 380 4237 p.
402 4168 474 4236 491):
495 4171 630 4224 etiamsi
654 4164 720 4224 non
743 4169 924 4223 finiuntur
950 4170 1039 4236 odia,
1063 4161 1454 4225 intermittentur‘a‘f·

286 4254 511 4308 Weissnbornius
538 4256 665 4309 omnibus
693 4255 735 4308 his
762 4255 830 4309 locis
856 4271 914 4307 non
940 4260 1015 4308 recte
1042 4253 1237 4325 Kreyssigium
1263 4245 1449 4308 dueentffl

286 4339 413 4393 deseruit.
