2994 5108
224 490 288 546 Lib.
306 489 390 547 XLV.
764 477 825 538 738

226 663 414 739 aberant;
439 660 486 724 ad
502 661 789 744 quemlitteris
805 640 952 739 missis,
973 683 1020 727 ne
1037 662 1136 746 quid
1153 660 1202 727 ad
1218 682 1275 741 ea,
1295 682 1378 743 qua

225 770 394 847 fierent,
418 777 663 850 moveretur,
687 776 872 834 senatum
894 770 1073 854 praedam
1095 770 1212 855 Epiri
1236 771 1377 835 civita·

225 885 316 957 tum,
339 897 422 959 quae
445 877 494 941 ad
511 876 663 942 Persea
681 876 945 957 defecissent,
968 879 1172 944 exercitui
1196 878 1376 956 dedisse;

226 986 444 1050 submissis
467 984 780 1050 centurionibus
802 987 842 1051 in
866 985 1050 1069 singulas
1072 986 1211 1063 urbes,
1242 987 1310 1070 qui
1338 1005 1377 1050 se

225 1095 411 1159 dicerent
434 1092 480 1156 ad
503 1091 694 1177 praesidia
716 1094 958 1159 deducenda
979 1095 1157 1173 venisse,
1186 1129 1230 1140 —
1252 1094 1379 1159 denos

224 1202 433 1286 principes
457 1221 502 1265 ex
525 1200 703 1283 singulis
726 1202 914 1266 evocarit
937 1203 1192 1268 civitatibus.
1237 1203 1377 1266 Prarum

227 1309 463 1386 submissis;
485 1315 600 1392 aperte
623 1310 709 1374 enim
732 1316 766 1374 et
787 1309 897 1394 palam
921 1312 1130 1377 centuriones
1153 1309 1378 1389 mittebantur,

225 1418 288 1483 etsi
310 1415 521 1481 fraudulento
544 1416 689 1481 consilio.
736 1413 815 1481 cod.
846 1439 940 1483 suos
969 1419 1117 1499 missis;
1151 1417 1378 1484 scribendum:

225 1526 428 1591 exercitui
461 1523 628 1590 dedisse
662 1543 747 1600 ιιο,
782 1526 921 1591 missis
944 1533 1006 1592 cet.
1052 1526 1152 1592 Paulo
1181 1534 1259 1611 post
1286 1524 1319 1609 (ᾖ
1343 1525 1377 1605 6)

225 1634 348 1699 editur:
372 1632 545 1697 Vendita
567 1633 700 1715 prada
722 1635 911 1714 omninm3
936 1633 983 1700 de
1007 1656 1052 1701 ea
1073 1656 1227 1701 summa
1249 1634 1377 1700 militi

224 1737 481 1808 numeratum
504 1747 577 1806 est.
612 1739 715 1805 Nimis
732 1740 859 1807 infinite
877 1748 910 1807 et
927 1742 1083 1807 inusitate
1101 1743 1223 1808 dicitur
1246 1741 1378 1827 praeda

225 1851 411 1927 omnium,
445 1869 516 1930 quae
544 1849 688 1914 omnium
709 1869 834 1926 rerum,
864 1851 968 1915 omnis
991 1852 1118 1933 gen'eris
1141 1859 1207 1931 est,
1241 1871 1380 1936 prorsus

223 1978 323 2042 prave
345 1958 548 2022 numerari
582 1956 872 2040 (impersonaliter)
905 1958 951 2022 de
979 1979 1025 2024 ea
1047 1978 1195 2025 summa
1217 1960 1296 2043 (hoc
1319 1966 1378 2035 est,

224 2065 265 2131 de
286 2065 422 2130 redacte
443 2063 608 2148 pecunia).
654 2064 718 2130 Sed
751 2066 785 2129 in
817 2065 929 2131 codice
963 2066 1117 2132 scribitur
1148 2074 1378 2133 numerata.

224 2172 376 2238 Efficitur
397 2174 512 2255 igitur:
536 2171 864 2257 Venditapraeda
886 2175 1026 2252 enlsa
1049 2175 1140 2239 lade
1157 2196 1203 2241 ea
1226 2197 1378 2241 summa

225 2281 312 2365 (quae
335 2287 411 2346 ante
430 2278 616 2364 significata
632 2287 690 2359 est,
713 2281 932 2365 quadringeni
949 2283 1074 2350 denarii
1090 2285 1125 2348 in
1142 2285 1299 2366 equitem,
1323 2306 1378 2368 pe-

224 2391 348 2456 ditibus
366 2387 497 2470 duceni)
510 2387 634 2453 militi
651 2398 863 2454 numerata
885 2397 958 2456 est.
982 2391 1064 2455 Tum
1081 2390 1129 2474 §7
1148 2392 1377 2458 scribendum:

225 2501 292 2585 qui
308 2533 352 2544 —
368 2504 559 2581 expertes
580 2498 698 2578 regiae
721 2498 861 2581 praedae
885 2519 927 2564 se
944 2520 1032 2565 esse
1048 2500 1381 2582 indignabantur

225 2609 299 2689 (aut
331 2611 518 2691 expertes
551 2625 592 2669 se
624 2603 776 2688 regiae);
809 2607 843 2670 in
871 2606 942 2672 cod.
967 2615 1000 2673 et
1024 2608 1096 2673 edd.
1126 2630 1167 2673 se
1197 2609 1375 2684 omittitur3

225 2717 281 2782 sed
314 2735 421 2798 neque
455 2712 650 2794 indignor
688 2734 832 2797 expers
874 2736 964 2779 esse
998 2716 1045 2796 (in
1079 2737 1178 2799 prosa
1211 2716 1379 2796 oratione)

223 2847 329 2909 neque
369 2823 559 2904 indignor
600 2829 806 2903 expertem
841 2844 929 2887 esse
966 2823 1081 2887 Latine
1121 2824 1257 2903 dicitur3
1305 2825 1374 2907 [cfr.
1441 2856 1445 2867 ·

223 2958 253 3018 p.
279 2938 337 2997 341
363 2955 393 2995 n.
417 2931 447 2994 h.
472 2927 546 3011 ed.].
592 2927 624 3010 (ἓ
648 2934 666 2992 9
689 2939 779 2994 recte
801 2929 970 2994 Dukerus:
996 2935 1161 2996 senatui
1191 2954 1375 2997 reserva·

94 3087 99 3095 ·
222 3043 309 3122 rat.)
333 3040 371 3104 In
389 3039 496 3103 altera
513 3043 609 3120 parte
627 3036 724 3101 huius
744 3038 860 3121 capitis
879 3038 918 3103 de
931 3039 1084 3103 Eumenis
1102 3047 1135 3104 et
1153 3040 1325 3106 Gallorum
1343 3043 1375 3104 in

221 3151 301 3216 Asia
323 3145 556 3213 certaminibus
580 3154 613 3209 et
635 3145 753 3228 legatis
772 3146 929 3211 Romanis
952 3168 990 3212 eo
1010 3150 1117 3212 missis
1134 3157 1301 3213 narratur.
1326 3150 1374 3213 lbi

221 3260 360 3343 primum
386 3254 415 3337 (ξ
442 3255 492 3335 11)
516 3254 585 3317 haec
608 3253 808 3318 scribuntur:
834 3254 908 3318 l'er
930 3258 1099 3338 primum
1118 3277 1162 3319 ex
1181 3257 1296 3321 domo
1316 3280 1376 3322 ex·

133 3380 205 3449 (615)
226 3369 337 3442 civit,
360 3367 519 3445 iamque
544 3361 730 3444 Synnada
752 3371 1039 3444 pervenerant,
1069 3384 1154 3427 cum
1176 3365 1372 3429 Eumenes

219 3475 268 3539 ad
292 3472 441 3537 Sardes
464 3469 643 3552 undique
667 3471 893 3534 exercitum
917 3480 1193 3536 contraxerat.
1231 3474 1304 3537 Non
1323 3495 1367 3536 so·

218 3583 287 3647 lum
310 3587 424 3645 contra
447 3599 539 3641 usum
560 3578 718 3641 sermonis
736 3575 1056 3661 plusquamperfecto
1074 3600 1134 3662 per
1156 3602 1276 3664 quum
1300 3602 1374 3665 par·

218 3691 354 3755 ticulam
387 3688 526 3751 alterum
551 3685 911 3768 plusquamperfectum
941 3686 1130 3766 subiicitur,
1165 3687 1224 3752 sed
1259 3696 1374 3754 contra

214 3821 326 3864 rerum
349 3802 516 3871 naturam,
540 3814 646 3876 neque
670 3794 756 3857 euim
778 3793 919 3857 alterum
936 3795 1002 3858 iam
1018 3794 1144 3860 factum
1167 3803 1251 3874 erat,
1274 3817 1372 3879 quum

217 3906 356 3972 alterum
379 3901 473 3984 (iam)
496 3901 619 3965 factum
649 3908 735 3971 erat.
770 3902 827 3965 sed
857 3922 955 3982 quum
990 3903 1130 3967 alterum
1158 3903 1283 3968 factum
1312 3913 1370 3969 est.

217 4013 339 4096 (Longe
352 4012 449 4076 aliter
468 4009 587 4074 dicitur
605 4009 834 4072 Germanicum
850 4010 1033 4075 wahrend
1052 4010 1373 4095 [gleichzeitigll

217 4121 326 4186 Livius
351 4120 521 4203 scripsisse
538 4117 681 4180 videtur:
705 4118 863 4199 iamque
887 4117 1074 4201 Synnada
1096 4128 1370 4202 pervenerant

215 4235 254 4293 et
282 4229 479 4292 Eumenes
508 4261 551 4269 —
580 4232 862 4301 contraxerat3
893 4228 1012 4291 extrito
1041 4234 1078 4291 et
1107 4235 1185 4310 post
1206 4236 1228 4305 t,
1263 4237 1369 4293 ortum

215 4342 267 4400 est
300 4356 385 4399 cum
420 4354 460 4398 ex
493 4333 605 4416 primis
640 4332 761 4397 litteris
791 4335 932 4398 nominis
955 4335 1155 4400 Eumenis.
1200 4337 1240 4400 In
1264 4338 1369 4401 exci-
