2994 5108
567 480 628 542 365
1008 493 1071 548 Lib.
1089 493 1174 549 XXV.

37 668 180 752 criptum
220 673 324 733 asset:
364 676 617 750 nequaqnam
648 652 813 759 Ι1111111111
851 662 1031 730 fructum
1070 687 1174 746 esse,

35 774 126 858 laod
154 795 302 860 capere
332 773 556 859 Syracusas
584 774 775 854 potuerit,
810 780 1002 854 quantu,
1031 773 1065 836 sl
1092 793 1174 836 aer·

40 901 106 945 ure
137 885 356 967 potuisset.
419 883 530 948 Livius
570 883 691 967 ubique
723 881 917 948 Marcellum
948 882 1077 948 inducit
1110 883 1175 948 cle-

35 996 147 1056 1111111
169 990 374 1074 loquentem3
397 1013 433 1055 re
455 990 588 1072 quidem
611 992 685 1074 ipsa
708 993 791 1055 satis
814 991 994 1056 crudeliter
1015 992 1050 1055 in
1071 992 1175 1056 victos

36 1099 193 1165 onsuluit.
221 1100 259 1164 In
281 1100 440 1184 proximis
463 1097 572 1163 verbis
595 1097 626 1182 (ἓ
639 1098 673 1179 8)
696 1120 762 1164 non
784 1105 897 1183 potest
918 1121 995 1164 vera
1017 1121 1091 1166 osse
1106 1099 1176 1166 baec

35 1206 203 1292 opulatio:
244 1213 423 1292 quaestor
456 1206 505 1272 ad
538 1205 685 1272 Nasum
719 1214 759 1272 et
792 1208 1075 1292 accipiendam
1107 1231 1175 1293 pe·
1248 1273 1251 1278 .

35 1315 179 1381 :uniam
211 1316 365 1398 regiam
399 1315 797 1398 custodiendamque
831 1316 997 1395 missus,
1033 1338 1093 1382 nac
1129 1319 1175 1383 ad

35 1421 166 1488 lasum
188 1425 297 1490 mitti
321 1423 362 1489 dc
384 1430 479 1507 parte
502 1424 605 1503 urbis,
628 1445 726 1507 quam
749 1425 823 1508 quis
846 1424 1037 1507 ingreditur,
1060 1427 1175 1492 Latine

35 1531 151 1598 licitur.
202 1531 415 1598 Soribendum
444 1531 588 1597 videtur:
618 1532 800 1610 Quaestor
822 1531 969 1597 Nasum
997 1533 1046 1599 ad
1069 1537 1175 1600 acci·

35 1639 208 1705 dandam
230 1641 445 1724 pecuniam
468 1646 530 1706 cet.
565 1639 668 1727 Paulo
691 1647 767 1724 post-
783 1638 814 1723 (ξ
829 1639 881 1722 11)
900 1640 1069 1706 scribitur:
1093 1643 1176 1709 Hoc

35 1749 188 1813 naxime
218 1748 333 1813 modo
363 1747 574 1832 Syracusae
603 1755 746 1832 capta,
782 1749 821 1812 in
857 1748 1005 1830 quibus
1033 1752 1175 1834 praedae

37 1861 176 1921 antam
208 1855 302 1937 luit,
338 1863 531 1940 quantum
566 1858 629 1922 vix
663 1863 785 1941 capta
813 1855 1060 1940 Carthagine
1093 1866 1175 1925 tum

39 1965 188 2047 uisset,
229 1985 315 2030 cum
354 1985 433 2049 qua
469 1964 631 2031 uiribus
665 1965 790 2048 aequis
824 1965 1072 2032 certabatur.
1132 1969 1176 2034 Et

35 2072 219 2138 »erobsoure
258 2072 380 2138 dicitur
418 2080 500 2138 tum
540 2072 610 2154 (illo
643 2075 716 2157 ipso
750 2072 913 2157 tempore)
947 2080 980 2138 et
1013 2075 1176 2141 inutiliter

35 2178 191 2246 1111111111
223 2180 297 2246 illa:
338 2203 423 2247 oum
457 2202 536 2265 qua
568 2181 727 2246 viribus
762 2181 885 2263 aequis
919 2182 1176 2264 certabatur,

34 2309 167 2373 empore
205 2289 273 2354 iam
306 2287 499 2371 significato.
561 2290 687 2373 Aperta
727 2291 790 2354 erit
828 2291 993 2355 sententia
1031 2298 1175 2376 aptaque

35 2398 141 2478 ratio,
175 2397 308 2463 sublato
337 2396 580 2462 additamento:
617 2404 813 2480 quantum
840 2399 905 2463 vix
933 2408 1055 2484 capta
1083 2400 1176 2467 Car-

38 2502 190 2590 hagine
230 2511 311 2570 tum
350 2504 518 2584 fuisset,
560 2525 646 2569 cum
679 2504 827 2589 (quum)
861 2506 1019 2573 viribus
1053 2512 1176 2596 aequis

35 2613 278 2693 artabatur,
312 2613 375 2678 hoc
409 2619 473 2678 est:
514 2614 542 2678 si
575 2613 632 2678 illo
660 2619 824 2698 tempora,
858 2636 959 2699 quum
982 2618 1177 2702 etiamtum

35 2721 144 2787 iribus
168 2723 269 2803 aequis
291 2720 413 2786 bellum
436 2720 572 2803 gerebat
594 2720 770 2805 stabatque
794 2723 929 2807 opibus,
959 2732 1058 2809 capta
1080 2733 1178 2807 esset,

35 2835 238 2914 ron'postca‚
268 2851 369 2913 quum
391 2827 499 2894 fracta
520 2830 587 2893 iam
611 2836 644 2894 et
666 2828 780 2895 multis
804 2829 953 2896 cladibus
976 2833 1177 2916 tributisque

35 2936 183 3003 ahausta
204 2939 239 3002 in
261 2936 485 3002 Romanorum
507 2942 708 3021 potestatem
731 2939 830 3004 venit.

107 3042 188 3129 Cap.
213 3049 269 3124 32,
300 3050 318 3110 3
343 3045 532 3129 (postquam
557 3045 597 3111 de
619 3045 655 3110 P.
679 3052 713 3110 11
735 3044 792 3111 On.
817 3046 1006 3131 Scipionum
1029 3049 1174 3114 consiliis
1193 3054 1264 3122 (199)

35 3152 101 3220 elli
140 3155 175 3219 in
207 3153 372 3238 Hispania
405 3153 540 3218 finiendi
575 3154 699 3218 dictum
723 3154 802 3237 est):
849 3162 888 3220 et
921 3157 1024 3220 satis
1058 3156 1105 3220 ad
1139 3156 1179 3222 id

35 3263 169 3329 ’1111111
205 3260 428 3328 credebant
463 3264 690 3327 accessisse
718 3265 869 3345 viginti
899 3265 1029 3329 millia
1052 3261 1178 3331 Celti·

35 3391 211 3437 rerorum
233 3391 279 3435 ea
299 3369 430 3435 hieme
453 3369 500 3434 ad
523 3391 634 3435 arma
657 3373 800 3437 excita.
846 3373 938 3438 Tum
961 3378 1048 3438 tros
1072 3394 1180 3439 exer·

35 3480 134 3545 :itus
163 3485 287 3543 erant.
338 3477 571 3544 Hasdrubal
596 3479 789 3560 Gisgonis
812 3479 932 3545 silius
956 3488 1019 3546 cet.
1063 3481 1181 3567 Inepta

35 3594 76 3653 111
102 3588 138 3653 in
165 3587 309 3652 transitu
338 3587 381 3651 ad
398 3587 542 3651 alteram
567 3593 696 3669 partem
718 3588 873 3670 (Poenos)
897 3591 1055 3674 temporis
1078 3591 1180 3674 parti-

35 3694 100 3762 1111
121 3694 240 3778 (tum).
295 3695 413 3779 Itaque
441 3696 475 3759 in
502 3695 694 3777 vulgaribus
724 3695 925 3762 editionibus
954 3719 1014 3782 pro
1042 3698 1181 3761 excita

35 3825 105 3870 ,11111
134 3803 291 3869 scribitur
319 3805 518 3880 excitata,
548 3804 647 3868 verbo
676 3823 742 3868 non
769 3810 870 3869 recto.
927 3803 992 3870 Sed
1019 3811 1182 3889 praetarea

35 3910 330 3978 nanifestissimum
352 3918 418 3991 est,
452 3911 499 3975 111
521 3909 584 3975 hoc
607 3911 688 3976 dici:
723 3918 806 3977 tres
830 3914 1041 3977 exercitus
1064 3919 1181 3977 erant

35 4020 122 4102 aire:
156 4027 238 4086 tum
266 4027 351 4085 tres
380 4041 436 4084 ex.
460 4018 539 4101 aa),
574 4026 611 4084 ut
638 4042 705 4085 non
734 4021 840 4103 possit
862 4021 926 4084 nisi
950 4020 993 4084 ad
1015 4021 1181 4085 Romano·

35 4148 112 4209 um,
146 4128 186 4193 de
209 4128 328 4212 quibus
350 4128 510 4199 hactenus
533 4127 659 4193 dictum
681 4134 747 4207 est,
781 4126 1047 4193 distributionem
1071 4129 1182 4210 copia·

35 4258 100 4302 ,111
122 4236 355 4302 declarandam
378 4236 594 4320 (perbreviter
617 4235 750 4318 quidem
773 4242 806 4302 ot
828 4235 982 4320 abrupte)
1005 4235 1181 4318 pertinere.

35 4343 71 4409 ut
103 4352 216 4412 tamen
249 4344 359 4412 subito
394 4345 596 4411 obiiciuntur
622 4343 814 4410 Hasdrubal
843 4350 982 4427 uterque
1011 4348 1044 4407 et
1072 4340 1181 4425 Mago.
