3000 5116
178 500 240 558 Lib.
258 497 359 556 XLIII.
723 488 784 550 672

180 695 221 741 ea
242 694 278 739 re
302 673 402 739 aetio·
419 672 477 753 sit,
511 672 580 737 sine
610 693 677 756 qua
708 694 780 739 mos
812 672 1105 761 intellegi-nequit.
1152 673 1335 740 Admodum

178 803 294 850 vereor
315 801 356 846 ne
379 779 514 846 verbum
537 779 702 846 exciderit.
743 780 811 846 Nec
832 780 916 847 bene
939 779 1050 847 bello
1075 783 1193 866 capti
1215 788 1250 848 et
1271 781 1332 848 ho-

179 898 267 958 stes
288 897 458 972 tamquam
476 886 539 954 duo
558 908 679 972 genera
696 888 902 973 copulantur.
936 887 1070 954 Fuitne:
1095 888 1205 973 quod
1227 890 1331 957 bello

180 999 318 1084 captis
341 996 535 1064 hostibus
557 995 702 1078 impul
722 1018 804 1062 mos
827 996 961 1062 esset?

265 1105 344 1191 Cap.
370 1109 419 1185 le,
443 1108 462 1167 2
485 1103 555 1185 (ubi
578 1105 762 1188 exponitur,
786 1126 859 1189 quse
877 1124 984 1169 causae
1000 1103 1126 1170 Persea
1144 1106 1332 1191 impulerint

179 1214 221 1280 ad
265 1211 508 1298 expeditionem
551 1212 585 1276 in
629 1211 796 1297 Illyricum
835 1211 1107 1297 suscipiendam):
1144 1249 1188 1261 —
1223 1216 1330 1283 iran-

180 1321 299 1406 gendi
321 1319 591 1387 finitimorum
614 1340 703 1404 spes
727 1321 972 1404 animosque,
994 1341 1040 1386 ne
1065 1322 1174 1406 quid,
1196 1344 1331 1392 averso

180 1430 265 1513 (cod.
290 1426 622 1515 quidinadverso)
645 1448 683 1493 se
711 1428 750 1493 in
780 1429 994 1495 Romanum
1023 1428 1192 1512 bellum,
1228 1435 1330 1517 peri·

98 1528 102 1552 '
180 1539 261 1605 culi
289 1536 490 1603 subesset.
536 1533 613 1602 Ood.
647 1535 825 1620 periculi
853 1536 1027 1617 abisset,
1057 1557 1097 1602 ex
1121 1559 1192 1622 quo
1216 1540 1331 1606 Forob-

180 1647 328 1712 hammer
350 1650 440 1710 reete
458 1642 580 1709 effecit:
603 1644 782 1727 periculi
805 1645 852 1709 ab
874 1646 928 1709 iis
952 1651 1070 1711 esset.
1106 1645 1235 1728 (Minus
1256 1648 1332 1715 bene

180 1754 404 1838 Kreyssigius:
437 1752 611 1836 periculi
638 1751 824 1836 adesset.)
870 1750 1025 1836 Sequitur
1059 1751 1108 1834 (in
1142 1754 1261 1820 eadem
1283 1777 1331 1821 ex·

181 1860 372 1947 positione):
407 1860 536 1925 solum
568 1859 763 1926 infestum
802 1881 889 1927 esse
922 1860 1176 1927 Macedoniae
1210 1863 1332 1942 latus,

182 1969 288 2056 quod
311 1969 359 2035 ab
382 1967 556 2053 Illyrico
584 1976 763 2052 pateret,
793 1990 980 2048 cernens3
1004 1968 1125 2034 codex:
1160 1971 1174 2035 i
1204 1973 1332 2050 solum,

183 2100 222 2144 ex
244 2101 309 2164 quo
331 2076 383 2144 fit:
407 2076 446 2141 id
470 2075 598 2143 solum
618 2111 662 2123 —
684 2076 801 2143 latus.
836 2076 1029 2161 [Vahlenius
1052 2084 1168 2143 tamen
1187 2077 1199 2141 Ι
1216 2087 1331 2164 puncto

181 2193 333 2254 notatum
363 2182 500 2267 scribit]
541 2182 572 2267 [ἓ
603 2189 622 2248 7
655 2184 828 2250 videndum
861 2207 902 2253 ne
935 2186 969 2252 in
996 2186 1063 2273 his:
1100 2207 1333 2273 oppugnare

183 2303 243 2362 est
277 2294 441 2360 adortus
469 2291 627 2359 exciderit
653 2292 803 2373 urbem,
836 2294 925 2378 quod
953 2295 1171 2379 praecessisse
1195 2295 1332 2363 ostendit

183 2424 267 2468 eam
289 2421 469 2487 pronomen
493 2399 546 2482 (et
569 2421 722 2467 corona
749 2421 833 2466 eam
862 2422 1008 2487 capere
1039 2411 1221 2472 conatus
1255 2404 1330 2487 est).

186 2508 293 2592 1864]
797 2567 799 2571 1

269 2616 348 2702 Cap.
370 2622 419 2697 19,
445 2621 498 2682 14:
521 2616 578 2682 Iis
602 2616 733 2699 (legatis
755 2616 798 2682 ad
816 2616 971 2684 Gentium
987 2616 1144 2701 Perseus)
1165 2621 1332 2701 mandat,

184 2732 227 2791 ut
249 2730 501 2810 exponerent
523 2725 680 2791 aestatis
699 2725 785 2790 eius
803 2724 1029 2808 hiemisque
1047 2733 1144 2793 acta
1162 2751 1237 2795 sua
1255 2728 1331 2812 (cod

185 2856 263 2900 suae
296 2839 388 2899 acta
426 2834 508 2914 sua)
548 2832 744 2897 adversus
783 2833 984 2899 Romanos
1025 2833 1330 2920 Dardanosque,

184 2943 417 3007 adiicerent
439 2941 624 3005 recentia
646 2941 684 3003 in
708 2940 875 3025 Illyrico
899 2941 1078 3024 hibernae
1108 2946 1332 3029 expeditio

183 3053 245 3116 nis
274 3070 410 3134 opera,
445 3048 713 3113 hortarentur
738 3048 924 3114 Gentium
956 3051 994 3114 in
1019 3052 1256 3119 amicitiam
1278 3074 1331 3117 se·

95 3155 169 3224 (⁶5⁷)
187 3179 270 3223 eum
301 3193 338 3202 —
363 3156 613 3238 iungendam.
660 3156 745 3221 hlale
768 3178 819 3222 me
841 3156 965 3223 habent
986 3157 1044 3222 illa
1068 3162 1236 3226 aestatis
1257 3160 1331 3226 hie·

183 3268 339 3347 misque
368 3272 458 3328 aeta
487 3263 643 3329 adversus
666 3265 830 3330 Romanos
852 3265 1092 3349 Dardanosque
1118 3275 1276 3352 separata
1295 3267 1330 3331 ab

182 3373 321 3438 hiberna
345 3373 566 3456 expeditione,
595 3373 647 3436 cui
675 3374 797 3437 rectius
821 3374 946 3438 aestatis
969 3381 1046 3439 acta
1069 3378 1244 3442 contraria
1264 3376 1330 3460 poni

184 3481 342 3545 videntur.
389 3480 495 3564 Supra
531 3485 569 3560 (c.
597 3486 635 3545 18
658 3480 744 3560 init.)
769 3480 879 3546 Livius
903 3481 1024 3547 diserte
1054 3485 1186 3566 posuit,
1211 3485 1329 3562 Persea,
1350 3536 1352 3541 .

183 3589 344 3673 principio
368 3587 484 3652 hiemis
507 3588 700 3653 Macedonia
728 3609 792 3653 non
822 3610 1002 3673 egressum,
1038 3590 1099 3655 sub
1130 3591 1258 3658 bruma
1284 3593 1328 3657 de·

183 3716 271 3758 mum
293 3702 423 3780 tempus
447 3696 687 3780 expeditionem
710 3717 796 3777 eam,
826 3719 923 3779 quam
951 3697 1004 3762 hic
1026 3697 1207 3765 hibernam
1229 3699 1327 3787 appel·

181 3803 239 3883 lat,
262 3805 459 3887 suscepisse,
488 3803 663 3870 Dardanos
686 3806 753 3869 iam
775 3813 852 3870 ante
876 3805 955 3885 (ibd.
974 3804 989 3888 ᾖ
1009 3806 1042 3886 2)
1066 3805 1255 3889 domuerat,
1276 3809 1325 3873 hoc

183 3917 243 3990 est,
268 3916 344 3976 ante
367 3913 562 3996 principium
585 3911 711 3976 hiemis.
757 3913 874 3995 Itaque
897 3912 991 3977 valde
1014 3935 1147 3996 vereor,
1179 3940 1221 3984 ne
1254 3917 1324 3982 hie·

182 4020 338 4104 misque
372 4041 392 4083 a
424 4019 512 4084 mala
539 4041 639 4084 manu
669 4021 713 4084 sit
734 4020 910 4103 Liviusque
941 4022 1127 4106 scripserit:
1162 4043 1323 4110 expone·

183 4134 274 4191 rent
297 4130 455 4192 aestatis
480 4129 566 4192 eius
589 4132 680 4192 acta
703 4151 774 4194 sua
795 4154 855 4209 -3
890 4129 1128 4197 adiicerent
1150 4133 1322 4200 recentis

44 4320 53 4327 .
183 4271 225 4281 -
247 4234 426 4300 hibernae
450 4235 727 4319 expeditionis
752 4258 884 4320 opera.
920 4236 1071 4318 [Deinde
1096 4242 1161 4305 etsi
1181 4233 1321 4306 ethirius

183 4350 218 4405 et
240 4341 353 4408 Cicero
383 4363 447 4407 non
475 4364 551 4408 raro
580 4345 803 4427 praepositioni
826 4347 864 4408 in
887 4346 1118 4413 accusatiium
1142 4342 1321 4416 substantivi
