2994 5108
213 448 282 509 nie,
295 451 327 506 V.
763 440 824 500 146

212 626 325 690 lentur
343 624 429 707 (Λάοι
450 630 496 687 καὶ
511 623 658 705 Aestima).
705 622 895 689 Libicorum
917 630 1030 690 autem
1053 624 1142 709 apud
1160 624 1306 692 Plinium
1327 625 1375 693 H.

212 734 251 799 N.
264 733 322 813 III,
346 738 404 797 124
422 731 708 798 suntVereellae
726 753 770 796 ex
784 731 917 816 Salyis
938 739 1044 799 ortae.
1078 733 1197 817 Itaque
1215 734 1305 820 apud
1315 735 1377 802 Li·

212 843 300 906 vium
318 842 350 906 h.
368 842 388 906 l.
408 847 498 906 recte
517 862 592 905 cum
609 840 714 924 Salyis
735 842 987 925 coniunguntur.
1032 840 1249 908 Scribendum
1265 844 1377 927 igitur

211 956 269 1016 aut
285 951 396 1034 potius
409 951 515 1016 oratio
528 950 575 1014 sie
587 949 834 1032 distinguenda:
852 949 945 1014 Alia
962 949 1133 1016 subinde
1151 972 1290 1017 manus
1303 950 1375 1019 Ge·

211 1080 474 1124 nomanorum
501 1094 558 1138 —,
593 1057 661 1122 ubi
689 1079 792 1123 nunc
819 1057 963 1123 Brixia
990 1079 1035 1123 ac
1057 1058 1219 1126 Verona
1245 1061 1374 1127 urbes

210 1174 319 1247 sunt,
354 1167 469 1232 locos
504 1171 673 1231 tenuere
703 1165 755 1248 (ut
777 1163 794 1249 ξ
818 1171 836 1229 3
861 1167 901 1231 de
931 1165 1132 1232 Senonibus:
1165 1167 1274 1234 fines
1302 1168 1371 1235 ha·

209 1275 358 1357 buere).
394 1275 512 1340 Libui
536 1273 757 1339 considunt
779 1282 872 1358 post
889 1275 959 1339 hos
979 1273 1373 1359 Salluviiqucproptcr

209 1385 420 1467 antiquam
454 1390 610 1466 gentem
645 1383 782 1447 Laevos
814 1382 1003 1465 Ligures,
1037 1384 1271 1450 incolentes
1300 1391 1367 1452 eet.

208 1492 380 1575 Propter
415 1492 601 1574 significant
629 1489 739 1556 MRh.
763 1490 888 1555 Nomen
922 1492 956 1556 in
983 1491 1018 1555 M
1045 1491 1194 1558 Salluii
1230 1498 1297 1575 est,
1331 1495 1369 1559 in

208 1600 265 1665 PH
290 1600 482 1665 Salluuii.
528 1598 651 1681 (1861.)

295 1707 373 1793 Cap.
398 1713 452 1789 36,
485 1714 539 1773 10:
578 1729 624 1772 ne
653 1729 774 1791 penes
804 1709 916 1791 ipsos
945 1708 1064 1793 culpa
1092 1716 1203 1775 esset
1231 1708 1370 1776 cladis

206 1816 313 1881 forte
333 1817 494 1882 Gallico
516 1816 627 1881 bello
651 1821 839 1899 acceptae,
864 1818 1142 1899 cognitionem
1159 1816 1205 1882 de
1222 1824 1367 1902 postu·

206 1925 304 1990 latis
339 1925 548 1990 Gallorum
589 1924 636 1988 ad
671 1924 867 2008 populum
900 1925 1104 1991 reiiciunt.
1166 1925 1368 2008 Tanaquillo

206 2034 314 2098 Fabro
339 2034 520 2110 dubitanti,
548 2039 681 2097 rectene
710 2040 881 2116 accepta
904 2033 1015 2099 clades
1039 2033 1215 2099 defutura
1237 2034 1369 2100 dicere·

206 2149 275 2221 tur,
303 2142 454 2225 exempla
480 2122 646 2224 participii
675 2141 772 2206 simili
794 2141 957 2206 brevitate
981 2141 1021 2206 de
1045 2141 1238 2208 condicione
1261 2143 1367 2227 positi

206 2252 363 2334 opposuit
384 2249 692 2327 Drakenborehius,
725 2256 892 2333 praeeunte
915 2248 939 2314 Ι.
963 2249 998 2312 F.
1024 2249 1200 2330 Gronorio,
1234 2251 1280 2315 ad
1301 2250 1365 2331 IX,

208 2363 256 2437 18,
280 2364 309 2421 4.
356 2357 421 2422 Sed
443 2358 510 2423 alic
534 2363 586 2422 est
608 2358 768 2422 orationis
790 2357 965 2423 insolentia
988 2377 1008 2421 a
1030 2356 1139 2422 Fabro
1162 2380 1228 2424 non
1251 2359 1360 2424 anim-

205 2466 361 2546 adversa,
411 2466 518 2531 forte
564 2487 623 2549 pro
663 2465 848 2530 fortasse
887 2467 1046 2550 positum3
1091 2488 1169 2531 nam
1217 2465 1366 2533 clades

204 2572 313 2639 forte
337 2580 506 2658 accepta
527 2574 607 2656 quid
630 2574 748 2638 Latino
772 2579 806 2638 et
828 2575 965 2656 antiquo
990 2574 1119 2640 dicendi
1142 2595 1221 2654 usu,
1251 2595 1272 2638 a
1294 2596 1366 2660 quo

206 2682 316 2746 Livius
339 2704 501 2764 nusquam
525 2683 684 2759 discessit,
709 2682 880 2765 significet,
904 2683 1041 2747 dubium
1062 2689 1211 2747 nonest.
1240 2681 1364 2767 Itaque

205 2792 233 2855 si
269 2792 342 2873 quis
372 2813 528 2855 excusare
556 2791 657 2861 volet,
692 2790 801 2855 forte
836 2791 889 2855 hic
923 2791 988 2855 dici
1018 2792 1165 2876 potuisse
1194 2788 1361 2872 defendet,

203 2901 291 2983 quod
315 2900 410 2983 plone
434 2899 606 2964 dicendum
628 2898 743 2963 fuerit:
767 2900 799 2963 si
821 2899 928 2963 forte
952 2900 1221 2982 acciperetur.
1257 2899 1363 2982 Atqui

201 3009 279 3074 hinc
302 3009 381 3072 alibi
404 3009 442 3072 fit
464 3031 528 3073 non
557 3007 664 3072 forte
693 3013 879 3090 accepta,
912 3007 969 3072 sed
994 3006 1152 3087 clades,
1183 3008 1217 3072 si
1238 3005 1361 3089 forte,

202 3125 375 3201 accepta
405 3116 536 3199 (idest,
560 3121 750 3199 accepta,
782 3117 815 3180 si
837 3114 944 3181 forte
969 3115 1254 3199 acciperetur),
1277 3122 1363 3183 noto

200 3225 356 3306 loquendi
389 3246 523 3306 genere,
560 3225 600 3289 de
633 3245 697 3306 quo
726 3230 951 3308 exposuerunt
980 3224 1182 3288 Garatonius
1216 3223 1259 3288 ad
1288 3222 1360 3290 cic.

200 3354 259 3415 pro
289 3333 355 3396 llil.
387 3338 442 3407 88,
481 3338 539 3396 104
568 3333 613 3417 (p.
644 3337 704 3396 329
735 3333 785 3397 ed.
815 3332 885 3413 Or.)
916 3338 949 3396 et
976 3331 1128 3396 Handius
1156 3331 1294 3397 Tursell.
1325 3332 1361 3398 II

200 3462 231 3523 p.
255 3445 327 3519 736,
350 3443 405 3522 qui
428 3442 548 3505 iniuria
571 3443 602 3505 in
625 3441 682 3505 lib.
696 3441 728 3503 ll
752 3442 791 3505 de
815 3440 876 3505 Off.
891 3444 940 3519 20,
966 3443 1006 3502 70
1030 3438 1175 3504 oblatam
1198 3460 1219 3504 a
1241 3439 1360 3508 codice

199 3570 215 3610 c
248 3569 358 3612 voram
393 3552 590 3634 scripturam
625 3551 757 3632 sprevit.
820 3548 988 3632 Exemplis
1029 3548 1070 3613 ab
1104 3547 1170 3614 illis
1205 3548 1362 3616 collectis

199 3656 277 3722 addi
305 3664 416 3739 potest
446 3658 588 3722 Lucretii
618 3659 650 3720 in
679 3658 764 3722 libro
794 3658 836 3737 V,
872 3661 950 3731 720,
984 3677 1081 3740 quem
1108 3655 1220 3722 locum
1247 3655 1359 3723 Lach-

198 3786 337 3829 mannus
360 3767 427 3829 sinc
453 3766 521 3829 ulle
543 3787 643 3830 censa
666 3773 699 3830 et
719 3766 970 3830 numerationis
990 3764 1228 3848 sententiaque
1249 3764 1356 3831 detri-

198 3880 308 3938 mento
337 3876 485 3939 mutarit.
542 3873 646 3951 Quam
676 3872 773 3939 facile
802 3876 835 3938 si
865 3879 941 3958 post
964 3872 1096 3938 cladis
1119 3873 1270 3938 excidere
1293 3895 1355 3959 po-

196 3984 307 4061 tuerit,
332 3990 390 4066 pat
412 3991 434 4049 t.

283 4089 360 4175 Cap.
396 4097 450 4171 39,
487 4096 534 4155 11.
597 4090 738 4155 Parvum
773 4098 835 4172 est,
869 4091 959 4176 quod
994 4089 1177 4169 adnotabo,
1211 4110 1273 4155 nec
1308 4090 1356 4157 ab

197 4199 284 4263 omni
318 4206 413 4282 parte
443 4205 577 4264 certum.
634 4199 750 4276 Quaero
780 4200 882 4279 enim,
918 4219 976 4263 cur
1003 4198 1114 4263 Livius
1142 4197 1355 4265 flaminem
