3000 5116
670 459 732 521 269
1121 473 1184 528 Lib.
1203 473 1277 527 XXI.

124 643 178 721 (ot
201 644 365 726 apricos
388 664 462 708 oum
485 642 641 708 Cantabr.
660 651 693 708 et
715 643 791 708 Lov.
812 643 861 725 3);
885 644 964 708 mihi
987 645 1182 728 quosdam
1204 666 1280 730 pro·

123 772 245 817 nomen
272 752 306 816 in
332 751 483 818 locorum
511 751 617 817 forma
643 751 794 816 universe
823 751 1040 817 describenda
1067 759 1136 817 tam
1157 753 1279 818 incom-

122 859 258 924 modum
274 859 410 939 videtur,
427 866 466 925 ut
483 859 757 925 considerandum
768 860 927 938 videatur,
946 861 1158 944 scripseritne
1169 860 1281 926 Livius

124 967 367 1052 apricosque
402 970 524 1033 etiam
557 969 704 1033 colles:
754 968 792 1032 ln
821 968 882 1032 hac
911 967 1065 1032 inferiore
1093 975 1188 1052 parte
1216 969 1280 1052 ipsi
1316 1010 1324 1022 ·

123 1074 226 1141 colles
249 1074 421 1158 (contrarii
434 1075 669 1141 „cacuminibus
690 1076 757 1140 illis
780 1075 928 1158 summis)
952 1077 1055 1160 aprici
1079 1083 1166 1142 sunt.
1216 1077 1280 1142 Sed

123 1184 247 1249 certius
272 1190 338 1264 est,
372 1204 393 1247 a
415 1184 508 1249 Livio
536 1205 602 1248 non
625 1189 899 1249 commemoratos
923 1205 995 1249 asse
1018 1185 1127 1249 rivos
1150 1206 1280 1269 prope

122 1289 268 1371 silvas,
301 1313 374 1376 quae
408 1293 640 1377 propinquitas
675 1291 717 1356 ad
750 1313 820 1356 rem
848 1291 931 1355 nihil
960 1293 1092 1357 omnino
1120 1294 1280 1376 pertinet3

123 1419 184 1463 neo
206 1399 268 1463 rivi
289 1399 400 1484 Alpini
422 1421 524 1484 prope
547 1401 661 1479 silvas,
691 1400 749 1464 sed
771 1421 831 1482 per
853 1401 943 1483 ipsas
967 1400 1066 1465 silvas
1090 1399 1278 1464 decurrunt.

122 1506 230 1571 Recta
263 1506 341 1572 haec-
368 1516 475 1587 erunt,
510 1509 537 1572 si
571 1509 812 1591 scripserimus:
852 1509 1044 1590 rivosque
1085 1513 1123 1571 et
1155 1529 1279 1591 prope

96 1613 261 1680 ·silvas.
317 1616 392 1681 Non
427 1616 528 1681 audet
554 1616 666 1681 Livius
694 1616 831 1681 arbores
859 1617 1000 1699 primum
1021 1636 1114 1680 raras
1136 1623 1170 1680 et
1191 1615 1276 1680 diffi-
1296 1625 1365 1693 (219)

123 1722 232 1788 culter
259 1724 486 1807 provenientes
515 1724 613 1789 silvas
643 1724 829 1808 appellare,
861 1723 918 1787 sed
946 1745 1049 1807 prope
1073 1724 1180 1788 silvas.
1230 1723 1280 1787 Et

123 1836 298 1914 postque
321 1831 443 1896 excidit
464 1832 580 1912 XXVI,
606 1836 654 1912 19,
676 1837 695 1895 2
719 1838 753 1897 et
775 1837 825 1908 46,
848 1836 878 1894 4.

209 1937 309 2022 *Cap
334 1943 383 2020 38,
408 1945 436 2003 5.
482 1940 576 2018 Quod
604 1939 701 2005 huius
729 1940 794 2004 loci
823 1938 1044 2004 constituendi
1066 1939 1196 2003 initium
1219 1947 1278 2019 est,

120 2052 160 2111 ut
193 2053 284 2111 recte
313 2068 367 2128 ea,
403 2069 477 2131 quae
510 2048 550 2114 de
584 2069 720 2113 numero
756 2048 925 2131 copiarum
954 2047 1151 2111 Hannibalis
1179 2046 1279 2130 Alpes

120 2154 355 2219 traducturum
378 2155 547 2235 dicuntur,
582 2162 780 2240 separentur
807 2155 849 2219 ab
878 2155 944 2218 alia
973 2176 1106 2238 prorsus
1129 2177 1279 2238 novaque

122 2262 348 2346 disputatione
383 2264 423 2329 de
456 2266 614 2329 transitus
647 2265 736 2344 loco,
769 2285 869 2348 quam
897 2263 1008 2326 Livius
1037 2284 1057 2326 a
1085 2284 1279 2329 commemo·

112 2371 254 2435 ratione
283 2372 380 2454 primi
409 2371 521 2455 populi
543 2372 793 2437 Hannibali-ab
816 2370 957 2455 Alpibus
986 2371 1198 2435 descendenti
1221 2371 1279 2436 ob-

122 2479 202 2543 iecti
226 2479 363 2560 orditur,
384 2480 419 2544 id
441 2487 516 2563 post
537 2481 619 2545 alios
641 2501 760 2562 meque
782 2479 884 2563 (apud
906 2479 1152 2562 Ingerslevium)
1176 2480 1279 2544 Weis-

123 2586 322 2652 senbornius
355 2593 487 2652 secutus
521 2594 585 2666 est,
620 2593 658 2652 ut
691 2588 731 2652 de
760 2608 797 2652 eo
826 2588 923 2670 plura
950 2588 1058 2652 dicere
1087 2588 1169 2651 nihil
1197 2609 1280 2670 opus

123 2695 176 2760 sit.
233 2696 339 2759 Huius
368 2702 479 2760 autem
508 2717 598 2760 novae
628 2696 798 2760 sententiae
825 2696 955 2759 initium
977 2697 1012 2759 in
1035 2697 1166 2778 optimis
1189 2698 1279 2774 codi-

125 2802 220 2868 cibus
261 2804 309 2867 sic
349 2803 522 2868 scribitur:
564 2804 917 2886 Taurinisnegalli
957 2803 1020 2884 (Μ;
1061 2804 1095 2867 in
1130 2801 1154 2868 C
1192 2806 1280 2868 inter

123 2910 321 2976 Taurinis
355 2918 389 2977 et
418 2911 527 2978 Galli
562 2912 686 2995 aliquid
722 2933 853 2977 erasum
881 2911 943 2992 est)
972 2912 1156 2994 proxima
1184 2933 1279 2994 gens

125 3021 297 3084 eratin
329 3019 494 3085 ltaliam
533 3020 730 3103 digresso.
793 3020 839 3084 ld
878 3041 962 3084 cum
1001 3020 1111 3083 inter
1145 3041 1279 3083 omnes

124 3133 291 3192 constet
324 3134 386 3192 cet.
442 3127 493 3208 (In
522 3126 547 3191 C
576 3127 690 3193 eadem
724 3149 857 3207 manuS,
891 3148 963 3209 quae
997 3128 1103 3209 prima
1136 3129 1278 3209 scripsit,

124 3236 248 3302 dicitur
277 3236 395 3301 deinde
429 3235 549 3319 gallie
576 3235 716 3317 fecisse.)
772 3236 834 3299 Pro
863 3235 1217 3318 Taurinisnegalli
1245 3238 1280 3299 in

124 3344 239 3408 codice
280 3341 558 3428 cantabrigiensi,
604 3365 621 3408 e
660 3343 866 3423 melioribus,
912 3344 971 3408 sed
1016 3365 1102 3426 sape
1143 3344 1280 3408 licenter

124 3451 308 3531 aberranti,
337 3457 387 3517 est
408 3451 600 3517 Taurinis
623 3473 707 3533 quac
732 3452 883 3529 Galliae,
905 3453 939 3515 in
964 3453 1082 3516 ceteris
1105 3452 1280 3536 multiplici

124 3580 238 3626 errore
262 3565 448 3643 conatuque
470 3560 610 3625 factum:
639 3559 884 3624 Taurinisne
909 3558 1050 3638 Gallis,
1073 3560 1279 3624 Taurinis·

123 3690 201 3752 que
225 3666 370 3748 Gallis,
399 3668 473 3733 alia.
524 3668 594 3732 Iam
618 3667 725 3733 forma
746 3669 821 3752 ipsa
844 3670 1025 3746 sententiae,
1050 3668 1184 3733 dubium
1208 3691 1279 3734 esse

122 3777 255 3859 nequit,
284 3777 364 3860 quin
386 3775 455 3841 baec
476 3775 586 3856 fuerit,
615 3797 713 3859 quam
736 3782 770 3840 et
793 3798 852 3859 ego
877 3777 1098 3843 demonstravi
1121 3783 1155 3840 et
1176 3778 1279 3841 Weis-

123 3884 320 3949 senbornius
348 3885 470 3949 tenuit:
505 3884 674 3949 Taurini
701 3921 743 3929 -
771 3886 955 3968 proxima
988 3905 1083 3968 gens
1118 3890 1207 3948 erat
1240 3885 1280 3948 in

123 3990 289 4056 Italiam
324 3992 533 4075 degress03
568 3992 741 4075 quaeritur,
775 3992 854 4075 quid
887 3993 993 4057 lateat
1024 3993 1058 4056 in
1091 3990 1156 4055 illis
1191 4012 1280 4056 sue-

123 4097 224 4181 galli
259 4097 351 4181 (nam
385 4097 530 4164 Galliae
565 4099 607 4164 ob
642 4100 828 4183 proxima
856 4100 1015 4182 scriptum
1044 4105 1111 4179 est3
1146 4119 1210 4162 non
1240 4098 1306 4162 do¹

124 4205 242 4272 Galliae
265 4207 512 4291 propinquitate
535 4208 656 4291 agitur,
685 4207 742 4272 sed
765 4208 844 4289 quid
867 4208 1052 4291 proximum
1073 4208 1279 4291 primumque

123 4313 306 4380 Hannibali
346 4315 552 4397 occurrerit).
612 4315 656 4380 lit
695 4316 785 4399 ipsas
821 4316 950 4380 litteras
991 4316 1214 4380 consideranti
1247 4321 1281 4394 et
