3000 5116
705 459 765 521 159
1184 475 1247 530 11.
1265 476 1312 533 vr

157 642 203 707 ad
246 643 322 709 hoc
368 650 553 711 serratos
598 666 643 709 ex
692 643 882 710 hostibus
921 646 1030 710 cives
1069 646 1311 728 (commemo-

155 752 300 834 rasse),
336 753 445 818 inter
478 775 579 836 quos
609 750 643 816 0.
674 751 889 818 Servilium
922 775 1016 836 mag.
1047 776 1132 839 equ.
1163 756 1311 822 absen-

156 866 233 926 tem
270 861 460 925 nominatim.
516 862 612 926 Hunc
640 861 800 944 dignitate
830 868 1058 946 praestantem,
1094 866 1211 928 ceteris
1239 867 1311 929 uni·

155 989 246 1033 verse
270 971 543 1050 commemoratis,
567 971 763 1035 nominatim
786 992 852 1035 suae
875 972 1006 1036 virtutis
1029 977 1148 1037 testem
1165 973 1310 1039 Manlius
1408 995 1412 1002 ·

155 1079 430 1144 commemoravit.
478 1078 583 1160 1861.)

237 1183 317 1270 (lap.
343 1190 399 1266 24,
431 1192 479 1251 10.
530 1187 688 1251 Romanis
717 1186 904 1270 legionibus
938 1189 1004 1252 iam
1027 1188 1223 1254 Volscorum
1251 1190 1310 1254 im·

153 1299 228 1378 petn
262 1294 406 1361 turbatis
440 1301 474 1359 et
505 1315 610 1378 prope
642 1295 677 1359 in
709 1294 820 1378 fugam
853 1298 972 1375 versia,
1006 1297 1083 1360 duur
1116 1297 1159 1361 M.
1190 1297 1309 1362 Furius

154 1423 294 1486 pugnam
324 1409 357 1469 et
385 1403 534 1487 peditum
563 1403 667 1467 aciem
688 1405 851 1484 restituit,
886 1404 971 1468 alter
992 1405 1145 1469 tribunus
1168 1405 1310 1470 militum

152 1512 280 1595 equites
317 1533 357 1576 ex
391 1510 499 1576 altera
527 1516 622 1594 parte
651 1514 790 1577 arcessit
819 1512 862 1576 ad
890 1534 986 1596 opem
1013 1512 1194 1577 ferendam:
1230 1512 1309 1597 Op·

151 1619 288 1684 timum
310 1620 440 1685 visum
464 1624 526 1684 est
548 1619 587 1683 in
610 1618 881 1684 fluctuantem
904 1622 1030 1685 aciem
1051 1621 1164 1686 tradi
1182 1643 1308 1705 equos

152 1732 190 1792 et
217 1727 403 1812 pedestri
431 1748 563 1811 pugna
591 1727 781 1792 invadere
808 1728 976 1793 hostem.
1027 1728 1101 1795 Non
1131 1730 1307 1812 disputabo
1430 1819 1432 1823 Ι

148 1836 276 1916 multis;
301 1842 475 1902 senserunt
497 1836 583 1900 enim
606 1836 673 1899 iam
695 1836 761 1913 alii,
796 1858 915 1920 equos,
951 1859 1033 1920 quos
1058 1838 1185 1920 equites
1208 1837 1306 1901 relin-

148 1949 267 2027 quant,
296 1945 469 2028 perinepte
500 1944 564 2009 dici
586 1944 714 2022 tradi,
743 1945 807 2008 nisi
831 1945 988 2023 addatur,
1018 1945 1136 2028 quibus
1160 1946 1306 2037 custodis

65 2046 68 2052 ’
147 2052 223 2115 endi
251 2051 443 2132 tradantur,
477 2053 622 2136 ineptius
652 2053 751 2117 etiam
779 2053 890 2117 tradi
918 2053 958 2116 in
987 2054 1111 2117 aciem
1135 2059 1169 2117 et
1196 2054 1306 2118 tradi

143 2158 184 2223 iu
218 2159 492 2226 fluctuantem
524 2160 665 2240 aciem,
706 2182 805 2243 quam
838 2161 1046 2226 vehementer
1080 2161 1306 2244 perturbatori

143 2273 258 2348 eraut,
293 2274 327 2333 et
354 2269 503 2335 nonnihil
530 2268 690 2334 hactenus
713 2269 756 2333 ab
780 2291 835 2349 eo,
870 2269 927 2333 ubi
951 2269 1144 2352 pugnabant
1165 2270 1304 2352 pedites,

140 2371 218 2441 loco
249 2378 378 2460 equites
408 2377 530 2443 afuisse
554 2377 665 2442 Livius
696 2378 777 2442 satis
801 2384 913 2461 aperte
938 2377 1134 2460 significavit
1163 2384 1196 2442 et
1218 2399 1305 2442 nunc

144 2483 278 2549 demum
316 2486 349 2549 in
389 2506 462 2551 eam
501 2491 630 2568 partem
670 2491 703 2549 et
742 2486 776 2549 in
814 2486 957 2569 primum
996 2486 1104 2549 locum
1138 2486 1303 2569 progredi.

143 2591 265 2676 Itaque
289 2614 401 2677 equos,
424 2615 442 2658 e
466 2593 585 2676 quibus
609 2594 863 2673 descendebant,
892 2595 1079 2659 necessario
1102 2601 1177 2677 post
1200 2596 1304 2659 aciem

138 2701 355 2784 reliquerunt.
411 2701 565 2783 Omnino,
601 2703 629 2767 si
645 2702 732 2767 nibil
755 2702 845 2767 aliud
867 2708 1023 2767 narratur
1047 2701 1298 2783 significaturve,

141 2809 207 2873 nisi
242 2829 344 2892 equos
377 2809 527 2891 relictos,
568 2816 642 2876 tota
675 2809 866 2875 fluctuantis
900 2812 982 2875 aciei
1017 2811 1139 2874 mentio
1174 2832 1303 2893 perrer-

143 2917 276 2982 sissima
304 2923 363 2983 est.
421 2917 486 2984 Sed
520 2940 559 2984 ea
590 2940 656 2984 non
687 2919 825 2984 obscure
854 2919 895 2983 ad
925 2918 1024 2982 aliam
1053 2939 1122 2981 rem
1151 2919 1303 3000 pertinet,

142 3025 237 3090 euius
265 3027 333 3090 iam
359 3027 394 3091 111
423 3026 531 3091 verbis
562 3028 756 3110 optimum
784 3028 909 3091 visum
932 3034 996 3091 est
1019 3025 1217 3106 significatio
1241 3032 1301 3090 est.

141 3130 253 3199 Causa
280 3136 367 3200 enim
395 3135 576 3215 indicatur,
610 3157 667 3200 cur
703 3136 831 3219 equites
860 3134 1006 3218 pedestri
1035 3154 1147 3216 pugna
1169 3133 1301 3198 hostem

142 3241 332 3323 invaserint,
356 3265 416 3308 suo
440 3244 559 3309 omisso
583 3244 750 3328 pugnandi
773 3265 901 3327 genere.
943 3243 988 3306 Ut
1011 3244 1097 3306 enim
1121 3242 1164 3306 ad
1180 3241 1302 3320 hostes

143 3350 342 3432 quibuscum
369 3351 479 3416 adhuc
509 3353 572 3417 soli
594 3352 723 3436 pedites
747 3352 886 3416 Romani
909 3351 1117 3436 pugnabant,
1152 3352 1301 3435 perveni·

140 3466 229 3538 rent,
263 3459 352 3525 inter
382 3460 530 3544 peditum
564 3460 696 3526 ordines
731 3466 764 3525 et
800 3461 886 3524 circa
921 3482 976 3525 eos
1006 3460 1154 3539 angustis
1184 3460 1302 3542 spatiis

140 3568 382 3651 penetrandum
403 3574 492 3648 erat,
515 3568 550 3632 id
573 3569 601 3633 si
624 3570 718 3653 equis
741 3569 920 3633 insidentes
940 3568 1095 3646 facerent,
1119 3568 1302 3651 periculum

141 3680 222 3755 erat,
247 3696 288 3740 ue
310 3677 398 3742 acies
421 3697 528 3760 nuper
551 3676 688 3742 turbata
709 3676 847 3741 necdum
870 3676 1008 3741 firmiter
1030 3676 1186 3740 restituta
1209 3675 1302 3755 (fluc-

140 3783 253 3866 tuans)
294 3805 453 3866 equorum
490 3786 581 3869 ipsos
616 3784 749 3849 ordines
783 3786 971 3871 urgentium
1005 3783 1151 3849 motibus
1185 3805 1300 3847 rursus

139 3891 403 3980 perturbaretur.
461 3891 648 3976 Scripserat
677 3892 804 3957 Livius:
840 3894 1042 3976 Optimum
1072 3893 1201 3956 visum
1230 3897 1299 3968 est,

139 4017 200 4063 nen
227 4000 267 4065 in
291 3999 564 4067 fluctuantem
586 4002 713 4066 aciem
738 4000 821 4063 trudi
844 4023 968 4085 equos
992 4007 1030 4064 et
1048 4000 1125 4081 (hoc
1142 4004 1201 4077 est,
1225 4003 1301 4081 post

137 4108 366 4192 negationem:
402 4109 483 4191 sed)
514 4109 703 4194 pedestri
737 4130 870 4193 pugna
904 4108 1099 4173 invadere
1132 4106 1299 4171 hostem.

137 4216 273 4281 Excidit
294 4239 373 4283 non
397 4217 439 4284 ob
463 4219 520 4299 in;
543 4218 679 4283 alterius
702 4218 811 4282 mendi
835 4217 957 4299 (tradi
976 4238 1035 4301 pro
1055 4215 1180 4295 trudi)
1200 4235 1302 4278 causa

136 4346 204 4391 nou
229 4326 396 4409 quaeritnr.
451 4326 599 4410 Apparet
621 4333 748 4407 autem,
783 4346 842 4391 our
876 4325 984 4390 oratio
1015 4324 1062 4388 sic
1090 4324 1218 4388 variata
1247 4323 1300 4403 sit,
