2994 5108
87 520 89 524 >
217 495 278 549 Lib.
297 492 396 547 XXIV.
765 480 826 541 346

216 666 354 732 codem
398 684 558 749 quoque
598 669 765 745 eventu,
812 662 874 728 hoc
915 671 978 742 est,
1025 670 1174 729 eventu
1214 682 1374 747 quoque

217 775 362 840 eodem.
426 774 565 837 Frustra
602 771 751 836 homines
785 770 875 836 docti
907 773 942 836 in
975 771 1232 855 comparationis
1265 770 1374 836 forma

215 881 389 948 efficienda
422 881 650 958 elaborarunt,
692 900 712 944 a
746 900 846 963 prauo
885 880 979 945 initio
1021 880 1144 961 (sicut
1177 899 1218 944 ex
1249 880 1372 961 sique

213 989 311 1055 effect
297 990 345 1071 to)
378 1011 438 1073 pro
440 989 529 1054 fecti.
585 988 712 1066 Livius,
751 988 785 1051 ni
818 987 931 1067 fallor,
972 989 1019 1053 sic
1052 988 1245 1071 scripserat:
1288 987 1371 1053 Alii

212 1097 402 1182 plerique
430 1098 537 1161 milit
523 1103 601 1175 t,es
637 1096 786 1179 quippe
821 1117 891 1201 pro
921 1103 1015 1180 part
1023 1118 1040 1161 e
1068 1097 1226 1161 totiens
1255 1095 1372 1160 intra

213 1225 366 1287 paucos
395 1199 482 1270 dies
506 1206 587 1269 vict
596 1226 630 1283 a,
661 1203 803 1268 iisdem
826 1204 987 1281 animis,
1017 1204 1166 1287 quibus
1187 1204 1368 1288 priores,

211 1313 429 1394 eodemque
465 1320 611 1378 eventu
639 1333 880 1396 pugnavere.
936 1311 1026 1376 Nihil
1055 1311 1146 1377 aliud
1175 1317 1369 1395 exspectan·

212 1419 288 1485 dum
321 1420 421 1486 luisse
455 1421 619 1503 signifieat
647 1420 727 1485 illud
757 1421 819 1505 ipsi
840 1421 889 1485 rei
912 1421 1116 1504 praemissum
1138 1421 1309 1504 quippe;
1337 1421 1369 1485 ei

211 1529 381 1611 particule
411 1530 526 1594 leviter
554 1535 717 1611 corruptae
746 1528 866 1612 (ique)
895 1527 1077 1617 adhaesits
1100 1548 1140 1592 ex
1166 1529 1367 1612 precedenti

142 1618 145 1624 ’
211 1656 303 1715 voce;
337 1658 396 1719 pro
425 1660 479 1720 pr.
504 1643 596 1703 orta
624 1638 778 1702 restituto
806 1637 986 1720 priores,
1020 1635 1111 1720 quod
1139 1636 1204 1700 ianr
1226 1656 1247 1700 a
1270 1635 1367 1701 Valla

209 1745 376 1809 inventum
411 1752 445 1810 et
478 1765 497 1808 a
531 1744 641 1810 multis
675 1745 851 1829 probatum
884 1752 972 1822 erat,
1007 1751 1118 1808 cetera
1144 1765 1163 1809 e
1194 1742 1366 1810 codicibus

210 1853 321 1916 omnia
344 1853 443 1917 tenui.

225 2043 228 2047 ⁴
294 1959 373 2044 Cap.
396 1964 453 2040 43,
485 1966 512 2025 3.
569 1962 606 2025 ln
635 1962 697 2026 hac
721 1962 880 2027 orationis
903 1961 1023 2026 forma:
1048 1958 1298 2024 censoribus
1320 1993 1365 2005 -

207 2066 293 2132 dies
321 2069 435 2134 dicta
464 2070 511 2134 ad
536 2070 727 2153 populum
750 2077 810 2134 est
831 2105 875 2114 —
898 2069 969 2134 sed
991 2103 1034 2114 —
1056 2069 1177 2133 vetiti
1200 2087 1364 2132 causam

205 2210 248 2219 -
271 2175 408 2242 dicere
438 2177 675 2261 dimissique
699 2177 866 2242 fuerant
887 2185 976 2242 recte
999 2175 1171 2259 Ussingius
1194 2174 1364 2240 fuerant

205 2282 386 2348 tollendum
403 2286 568 2350 iudicavit.
598 2286 767 2350 Librarius
790 2286 935 2363 verbum,
959 2285 1047 2366 quod
1071 2304 1110 2348 ex
1134 2290 1193 2348 est
1216 2262 1360 2360 auditdr,

205 2390 369 2473 supplevit
390 2413 491 2475 pravo
514 2401 673 2477 tempore,
695 2394 759 2458 nisi
782 2394 853 2475 ipse
876 2394 1064 2476 scripserat,
1088 2389 1361 2474 quodCrererins

201 2497 359 2562 substitui
383 2499 521 2576 volebat,
544 2501 710 2566 suerunt
726 2502 842 2567 vitiose
860 2523 920 2585 pro
937 2507 1041 2565 sunt.
1060 2499 1182 2581 (1862.)
1218 2498 1278 2582 §tt
1303 2498 1360 2563 ubi

202 2605 324 2670 editur:
347 2607 547 2673 Praetores
570 2609 678 2675 fiunt
701 2610 743 2674 M.
767 2610 920 2674 Atilius
943 2615 997 2687 et,
1022 2608 1196 2691 quitum
1219 2605 1361 2671 aediles

200 2714 362 2779 curules
403 2722 532 2796 erant,
577 2717 611 2781 P.
646 2716 906 2800 Sempronius
946 2716 1173 2781 Tuditanus
1217 2721 1258 2780 et
1295 2712 1359 2779 Cn.

202 2822 367 2887 Fulvius
403 2824 665 2889 Centumalus
695 2832 732 2889 et
762 2824 804 2888 M.
834 2824 1016 2888 AEmilius
1045 2823 1236 2906 Lepidus,
1266 2823 1302 2886 in
1333 2822 1358 2885 P

200 2930 372 2995 scribitur:
406 2941 601 3014 praetores
636 2932 745 2998 fiunt
772 2934 854 2997 cito
884 2933 952 3013 qui
982 2940 1062 2996 tum
1091 2931 1245 3010 aediles3
1282 2931 1360 2995 hinc

201 3038 358 3104 efficitur:
392 3040 593 3106 Praetores
622 3039 732 3104 fiunt
760 3040 852 3118 due,
882 3041 951 3124 qui
982 3048 1129 3104 tum—
1152 3046 1291 3116 erant,
1320 3038 1356 3102 P.

200 3146 323 3231 Semp.
354 3148 446 3212 Tud
476 3155 516 3213 et
502 3148 610 3213 t.Cn
639 3148 749 3212 Fulv.
774 3148 901 3226 Ceut
934 3147 1038 3212 et!
1069 3147 1209 3209 ltlllrs
1243 3152 1277 3209 et
1313 3145 1356 3211 M.

198 3254 288 3317 AEm.
301 3256 389 3337 Lep.
418 3256 468 3319 Ad
482 3263 556 3321 orat
556 3258 639 3321 ionis
651 3256 791 3320 formam
804 3256 943 3320 conferri
957 3262 1068 3339 potest
1054 3253 1225 3333 XtXVIII,
1239 3258 1292 3331 38,
1307 3259 1356 3319 ll.

198 3360 241 3424 M.
262 3361 353 3425 Atilii
377 3385 494 3427 nomen
518 3372 596 3429 ante
618 3364 661 3428 M.
683 3364 804 3428 AEmilii
828 3365 988 3429 excidisse
1012 3371 1159 3447 apparet.
1191 3362 1316 3444 (1862.)

284 3468 361 3552 Cap.
382 3476 431 3549 44,
458 3473 527 3534 lo
519 3495 552 3536 m
575 3472 624 3536 bis
648 3472 768 3536 uerbis:
797 3480 841 3536 ut
864 3472 1002 3536 consul
1027 3473 1356 3537 animadvertere

197 3577 421 3657 proximum
449 3578 526 3643 liet
513 3586 640 3644 torem
664 3581 791 3645 iussit
815 3587 864 3657 e
917 3581 987 3644 tis
1010 3579 1287 3645 descenderet
1309 3603 1356 3646 ex

195 3704 310 3765 equo,
339 3685 578 3751 inclamauit
605 3685 892 3752 manifestumt
843 3694 892 3752 est
921 3687 1174 3753 uttollendum
1198 3708 1288 3769 esse,
1318 3698 1356 3756 ut

195 3792 230 3854 is
266 3813 446 3873 pronomen
482 3794 645 3859 referatur
681 3795 724 3858 ad
753 3797 901 3860 lictorem
930 3802 1048 3860 notata
1076 3795 1216 3861 subiecti
1246 3804 1356 3865 muta·

195 3900 301 3975 tione;
335 3900 489 3965 librarius
512 3903 672 3967 orationis
695 3902 889 3968 brevitatem
913 3902 1198 3983 (descenderet
1219 3906 1355 3973 incla-

194 4006 329 4085 mavit)
354 4009 510 4091 explevit3
545 4009 578 4072 id
606 4010 869 4093 supplementum
897 4033 996 4092 prave
1028 4019 1104 4076 ante
1133 4014 1166 4077 is
1190 4014 1356 4081 insertum

195 4122 254 4178 est.
301 4116 423 4196 (1862.)
503 4125 507 4132 ’

281 4223 358 4306 Cap.
382 4229 432 4288 45.
489 4226 526 4288 In
560 4225 622 4290 hoo
655 4228 763 4310 capite
797 4227 892 4315 plura
927 4229 1008 4292 satis
1037 4230 1211 4311 insigniter
1240 4251 1356 4298 emen·

193 4330 305 4395 danda
337 4339 427 4411 sunt,
467 4333 525 4398 sed
564 4355 676 4398 eorum
710 4336 838 4400 initium
872 4356 892 4399 a
925 4357 960 4399 re
995 4356 1155 4418 perparva
1189 4339 1354 4429 capietur.
