2994 5108
573 495 633 559 sas
918 452 923 460 ’
1008 508 1071 565 nra.
1089 509 1177 565 xnn.

35 665 124 760 Q'uod
148 683 299 765 Sigonius
323 682 457 765 scripsit
479 680 526 745 ad
549 681 704 760 Delum,
728 680 871 747 debebat
891 682 980 747 Deli
1009 682 1089 762 dioi3
1122 704 1178 749 ne·

35 811 90 875 pre
113 789 147 854 id
169 790 434 873 augustissimum
458 810 529 854 esse
553 788 711 873 templum
730 790 841 855 Livius
864 791 967 874 magis
985 790 1179 857 adnotasset

35 919 128 982 uuam
152 898 192 963 de
214 897 367 982 Delphis,
401 919 509 979 neque
541 898 672 963 omnino
696 897 865 981 probabile
888 906 940 964 est
961 907 1080 982 praeter
1101 899 1178 964 Del·

35 1006 113 1092 phos
136 1008 259 1071 vicinos
282 1015 375 1071 extra
392 1006 564 1072 Boeotiam
587 999 731 1090 positum
752 1005 854 1071 fuisse
876 1006 1002 1072 foedus.
1037 1007 1101 1073 Sed
1123 1029 1179 1072 ne·

35 1136 93 1201 que
117 1115 333 1180 Ismenium
357 1114 491 1179 subesse
515 1121 634 1198 potest,
658 1113 745 1197 quod
762 1113 884 1179 Thebis
908 1121 989 1194 erat,
1012 1115 1180 1198 multoque

35 1224 135 1289 minus
158 1225 318 1288 incertum
341 1223 452 1287 neseio
476 1222 565 1306 quod
582 1220 758 1291 Posideum
776 1223 842 1286 sive
861 1222 1082 1289 Posidonium.
1117 1225 1179 1289 Re·

35 1332 203 1416 linquitur,
237 1330 324 1413 quod
351 1351 468 1394 nomen
499 1331 659 1395 elitteris
694 1329 837 1395 denum
868 1331 1023 1397 facillime
1046 1333 1180 1413 eruitur,

35 1440 202 1518 Delium,
226 1438 465 1503 nobilissimum
487 1460 553 1502 non
576 1438 672 1521 longe
695 1457 716 1502 a
737 1438 857 1505 finibus
880 1440 998 1505 Atticae
1021 1440 1064 1505 ad
1086 1440 1181 1505 Euri·

35 1570 109 1634 pum
141 1546 303 1631 Apollinis
336 1547 496 1630 templum
532 1552 565 1612 et
599 1545 765 1631 oppidum.
809 1546 979 1631 Templum
1002 1547 1121 1614 Strabo
1149 1554 1182 1613 et

35 1656 213 1722 Pausanias
235 1675 296 1720 sua
318 1663 449 1738 quoque
473 1662 570 1720 aetate
594 1655 726 1718 stetisse
750 1654 936 1720 ostendunt.
977 1656 1137 1737 (1864.)¹)

117 1762 195 1847 Gap.
223 1767 270 1842 14,
293 1768 329 1826 6:
352 1764 552 1829 Miserunt
575 1762 780 1846 pleraeque
804 1763 1013 1839 civitatee,
1039 1763 1121 1829 alia
1143 1764 1183 1828 in

35 1873 209 1957 speciem
232 1872 506 1954 praeferentes
526 1870 610 1951 (cod.
628 1867 913 1953 praeferentis),
930 1871 1100 1954 legatos.
1134 1871 1183 1936 Et
1299 1949 1302 1953 ,

35 1980 186 2064 legatio
212 1978 457 2045 Rhodiorum
481 1985 570 2045 erat
593 2000 638 2043 ac
658 1978 832 2062 Satyrus
852 1981 1055 2063 princeps,
1079 1977 1183 2043 haud

35 2087 192 2166 dubius,
217 2089 314 2170 quin
331 2087 534 2153 Eumenes
558 2088 766 2152 civitatem
790 2108 950 2171 quoque
967 2108 1076 2152 suam
1094 2085 1183 2152 Per·

35 2198 91 2262 sei
114 2195 358 2261 criminibus
381 2197 595 2261 iunxisset.
640 2194 746 2259 Prusa
768 2215 840 2260 esse
863 2195 936 2261 illa:
961 2195 1009 2259 Et
1030 2194 1183 2278 legatio

35 2302 282 2369 Rhodiorum
316 2310 405 2378 erat
434 2305 519 2387 (quae
549 2302 735 2385 significare
764 2301 899 2367 debent:
934 2302 1185 2368 Rhodiorum

35 2432 198 2495 quoque
232 2410 390 2492 legatio
424 2411 593 2493 aderet),
627 2411 740 2495 plures
768 2417 955 2492 senserunt3
989 2412 1022 2475 in
1045 2410 1115 2476 cod.
1139 2412 1186 2476 sic

35 2520 207 2586 scribitur:
231 2518 282 2583 Et
304 2519 462 2601 legatio
481 2519 724 2585 Rhodiorum
742 2526 830 2584 erat
846 2518 920 2585 hac
937 2519 1185 2585 falsaiturus

35 2630 235 2714 princeps.
283 2626 500 2693 Scribendum
533 2627 677 2692 videtur:
711 2626 915 2710 Elegatis
938 2628 1186 2693 Rhodiorum

35 2744 125 2801 erat
158 2734 477 2801 Andranodorus
511 2735 854 2818 (Athenodorusl)
887 2736 1080 2819 princeps
1115 2744 1187 2816 cet,

35 2845 97 2910 etsi
118 2844 272 2908 usitatius
303 2851 374 2908 erat
400 2844 560 2909 futurum:
597 2844 837 2926 Legationis
866 2832 992 2908 ahod.
1038 2843 1186 2925 (Utrum-

35 2973 98 3035 que
119 2972 237 3016 nomen
261 2952 295 3015 in
316 2952 444 3016 Dorioae
468 2953 579 3034 stirpis
607 2951 793 3016 hominibus
818 2952 994 3035 reperitur,
1016 2952 1187 3016 Andrano·

35 3060 108 3126 dori
131 3080 233 3143 supra
254 3059 338 3124 libro
362 3059 468 3125 XXIV
492 3060 633 3143 sapius.)
681 3057 744 3123 Sed
766 3079 895 3138 vereor,
916 3079 957 3124 ne
981 3059 1073 3124 aliud
1095 3080 1184 3124 men·

35 3168 114 3242 dum
136 3168 254 3246 lateet3
279 3188 355 3231 narn
379 3167 495 3232 deinde
518 3169 552 3232 in
575 3168 688 3233 codice
711 3166 878 3231 scribitur:
911 3188 1023 3250 quern
1047 3166 1187 3231 Eume·

36 3297 108 3342 nes
144 3276 332 3341 civitatis
366 3297 524 3360 quoque
558 3298 628 3341 sua
660 3275 801 3340 Persei
824 3295 850 3339 c.
875 3275 906 3354 i.‚
945 3275 1033 3359 quod
1062 3295 1103 3340 ne
1135 3274 1189 3338 hic
1263 3334 1265 3338 ,

35 3383 171 3467 quidem
192 3383 348 3449 librarius
371 3405 411 3448 ex
434 3386 648 3449 civitatem
673 3403 781 3448 suam
804 3382 933 3461 videtur
949 3382 1122 3448 effecturus
1139 3382 1188 3448 fu-

38 3493 113 3558 isse.
160 3491 350 3575 Suspicere,
378 3514 496 3558 nomen
519 3492 655 3575 aliquod
678 3491 835 3557 excidisse
865 3491 1069 3585 (cisitatis
1093 3512 1189 3575 quo·

39 3621 114 3683 que
138 3620 216 3665 suae
240 3600 578 3680 insectationem
601 3621 679 3665 nem
702 3600 876 3665 crimina
899 3621 938 3665 ex
961 3621 1009 3678 eo,
1035 3599 1123 3684 quod
1142 3621 1191 3664 se·

40 3708 161 3790 quitur,
187 3709 425 3774 criminibus
449 3709 554 3774 audiri
578 3709 706 3791 nequit3
740 3715 873 3791 poterat
904 3709 968 3773 dici
1002 3708 1191 3773 ciuitatis

42 3837 120 3881 suae
143 3818 319 3882 crimina
341 3817 482 3882 Persei
504 3815 639 3897 iunx.);
674 3816 732 3881 sed
754 3838 808 3881 res
830 3817 955 3882 incerta
977 3823 1035 3881 est.
1080 3815 1192 3879 Proxi-

41 3945 96 3989 ma
117 3925 250 4009 quidem
274 3923 304 4007 l}
328 3925 371 4006 8),
399 3947 464 3990 non
494 3925 629 3989 dubium
663 3932 728 4003 est,
763 3926 841 4006 quin
873 3926 988 3990 vitium
1021 3925 1191 4002 traxerint,

43 4054 114 4116 quae
139 4034 186 4098 sic
210 4033 414 4099 scribuntur:
451 4033 560 4111 Quod
591 4032 641 4113 (ut
669 4031 804 4097 Rhodiae
833 4033 1005 4115 legationis
1038 4033 1191 4116 princeps

68 4286 92 4354 ¹)
111 4285 139 4357 [ἕ
158 4289 175 4341 7
194 4289 329 4343 orationis
348 4288 395 4342 lex
412 4288 541 4358 (propter
560 4289 641 4355 sint)
657 4289 742 4342 scribi
756 4288 833 4341 iubet
850 4288 971 4357 possit,
989 4304 1047 4341 non
1065 4291 1194 4356 posset·

118 4370 204 4442 rsa]
931 4443 966 4498 40
