2994 5108
728 470 770 533 29

168 663 277 723 atres
299 663 524 738 restantes;
546 657 594 722 IX
611 677 754 744 quoque,
779 660 828 737 30,
852 661 870 722 3
893 656 1034 740 primam
1056 656 1166 722 mendi
1187 656 1326 722 formam

168 765 298 850 praebet
336 764 577 848 (duosieria‚
612 786 632 831 a
659 787 760 831 manu
789 788 855 850 pr.,
889 766 990 830 ceteri
1019 765 1219 850 interpolate
1248 765 1325 830 duo

168 875 358 959 imperia,
387 874 477 960 quod
497 875 532 940 in
554 874 588 940 M
611 875 757 941 secunda
778 863 896 939 manus
920 872 1124 958 adscripsit),
1148 873 1187 953 X,
1210 878 1260 953 45,
1285 876 1324 937 12

92 1064 96 1071 Ι
168 983 281 1066 ipsum
312 1003 424 1048 rarum
457 982 543 1065 (nec
577 983 739 1050 obsidio
773 981 842 1048 sed
875 981 1042 1061 bellum,
1076 982 1177 1046 ceteri
1210 982 1326 1047 vitiose

169 1111 245 1156 nec
273 1090 435 1157 obsidio
463 1112 535 1157 nec
557 1090 732 1172 bellum).
785 1090 903 1156 Omnia
931 1097 1042 1156 temen
1070 1089 1166 1154 facile
1191 1097 1328 1173 superet

170 1199 299 1279 merita,
322 1199 411 1284 quod
423 1198 509 1279 VIII,
532 1204 584 1280 23,
609 1204 648 1265 10
672 1222 757 1264 unus
778 1198 936 1264 indicium
958 1197 1040 1264 facit
1061 1199 1197 1278 lacunae,
1221 1199 1327 1264 verbis

168 1308 221 1388 iis,
244 1307 365 1391 quibus
388 1308 422 1373 in
444 1309 562 1374 ceteris
584 1308 736 1375 omnibus
759 1307 927 1374 occultata
949 1314 1008 1387 est,
1030 1313 1160 1372 tantum
1182 1307 1216 1372 in
1237 1327 1323 1373 mar·
1342 1322 1394 1391 (27)

170 1416 247 1499 gine
270 1415 447 1496 adnotatis,
468 1415 745 1500 quemadmodum
767 1417 800 1481 in
823 1417 935 1482 codice
958 1417 1135 1500 archetypo
1158 1415 1328 1500 adscripta

169 1523 276 1590 fuisse
296 1525 464 1606 ridentum
493 1526 594 1591 ceteri
616 1525 745 1590 librarii
768 1527 802 1590 in
824 1530 1010 1590 contextam
1033 1526 1215 1589 orationem
1237 1546 1327 1590 rece-

171 1637 302 1717 perunt.
315 1633 345 1715 ¹)
402 1631 467 1699 Sed
495 1633 529 1698 in
557 1633 610 1699 his
633 1635 736 1699 tantIs
759 1634 886 1699 meritis
909 1641 1020 1698 tamen
1042 1632 1133 1698 haud
1155 1654 1230 1698 raro
1251 1655 1326 1717 pro-

170 1741 248 1826 pria
274 1741 393 1807 menda
421 1763 617 1829 erroresque
645 1742 776 1808 inscitia
804 1748 895 1808 ortos
923 1741 1025 1806 habet
1053 1740 1105 1823 (ut
1132 1741 1179 1820 11,
1210 1746 1266 1821 24,
1297 1747 1325 1819 6,

170 1870 251 1932 quo
283 1850 414 1916 minus
444 1871 486 1916 se
513 1851 552 1915 in
582 1852 711 1918 omnis
740 1849 910 1916 sedendi
937 1870 997 1935 pro
1026 1871 1102 1932 quo
1132 1851 1262 1914 minus
1291 1850 1326 1914 ei

170 1959 347 2024 nominis
369 1957 560 2042 edendi2),
589 1963 641 2038 42,
666 1965 684 2024 6
708 1981 782 2024 cum
805 1959 834 2024 R
855 1979 1045 2042 perversum
1068 1957 1151 2022 illud
1173 1957 1326 2023 favoris

77 2068 85 2079 '
171 2066 213 2130 in
232 2066 547 2148 multitudinem,
559 2068 648 2152 quod
659 2074 780 2153 praeter
790 2065 1033 2133 Alschefskium
1045 2067 1146 2130 miror
1156 2066 1326 2131 Hertzium

172 2181 325 2240 secutum
355 2196 443 2255 esse,
471 2196 532 2260 pro
559 2174 715 2241 furoris
744 2176 783 2240 in
811 2175 1096 2254 multitudine,
1126 2196 1327 2258 quamquam

171 2281 329 2348 favoris
357 2284 391 2348 in
414 2283 590 2369 archetypo
612 2282 715 2349 finisse
738 2282 839 2349 etiam
861 2283 957 2348 LlHl
985 2290 1159 2362 testantur,
1188 2283 1245 2362 ΙΙΙ,
1277 2288 1326 2364 13,

171 2397 195 2456 4
218 2392 282 2456 oui
310 2412 370 2475 pro
392 2392 456 2457 oui
478 2393 547 2472 rei,
577 2413 603 2457 c.
628 2396 678 2472 35,
710 2395 749 2456 10
772 2413 846 2456 cum
868 2392 898 2456 R
920 2391 1152 2476 improbant
1174 2414 1233 2475 pro
1255 2393 1326 2457 im-

173 2498 419 2584 probabant,
448 2499 612 2583 quomodo
634 2500 926 2566 innocentissimis
950 2500 1076 2583 aliquot
1098 2501 1217 2565 iterum
1239 2522 1327 2566 erra-

173 2615 246 2674 tum
275 2615 339 2689 est,
372 2629 398 2673 c.
429 2612 485 2688 36,
520 2613 539 2672 6
568 2629 652 2691 quae
681 2610 745 2674 sui
773 2610 921 2674 iudicii
949 2630 1033 2691 quae
1061 2609 1207 2688 videri,
1240 2610 1326 2676 male

172 2717 317 2801 repetito
339 2737 433 2800 quae,
462 2720 512 2796 37,
536 2721 555 2782 6
578 2717 835 2783 obsedebant
856 2739 916 2801 pro
940 2716 1202 2798 obsederant,
1225 2740 1251 2782 c.
1275 2724 1326 2799 44,

171 2829 290 2889 6cum
312 2825 342 2889 R
368 2825 653 2892 tabernaculis
683 2847 742 2910 pro
770 2825 974 2905 tabernis,
1010 2846 1036 2890 c.
1063 2831 1122 2906 46,
1159 2830 1177 2888 3
1201 2828 1327 2892 cumR

173 2933 286 2997 iusto
315 2932 378 2997 die
400 2955 460 3017 pro
482 2935 546 2999 ius
569 2955 614 2999 eo
636 2934 716 3014 die,
745 2936 777 2998 in
800 2955 897 3019 quem
920 2955 1064 2999 errorem
1088 2935 1189 2998 etiam
1211 2934 1326 3000 incidit

174 3039 329 3106 librarius
358 3040 384 3105 L
410 3041 456 3125 1),
490 3043 525 3106 in
550 3043 727 3127 postremis
759 3043 892 3127 quidem
920 3042 1014 3107 libris
1043 3041 1169 3126 plures,
1204 3043 1328 3125 opinor,

173 3150 406 3233 gravioresque
428 3171 528 3235 quam
540 3150 575 3230 P,
599 3173 741 3235 quorum
763 3172 864 3235 supra
886 3150 1034 3233 exempla
1056 3151 1121 3215 tria
1142 3152 1247 3235 posui,
1270 3152 1329 3217 ad·

175 3256 253 3322 dam
274 3280 384 3336 unum,
408 3259 496 3344 quod
518 3259 761 3325 recentissimos
780 3258 923 3325 editores
941 3259 1079 3343 decepit,
1096 3259 1183 3341 VIII,
1199 3265 1246 3340 18,
1260 3261 1325 3342 7.³)

179 3415 404 3422 --------..

205 3495 229 3561 ¹)
246 3495 280 3549 In
296 3495 348 3563 IX,
375 3498 421 3563 39,
448 3495 571 3550 ietiam
589 3495 651 3550 Phr
676 3502 706 3551 et
729 3514 800 3552 unus
826 3502 855 3551 et
873 3496 945 3551 alter
962 3501 1104 3567 praeterea
1122 3503 1218 3553 carent
1236 3500 1328 3553 verbis

246 3581 384 3649 insiticiis,
401 3582 458 3635 nisi
475 3583 553 3650 quod
571 3581 592 3635 P
610 3583 639 3637 in
658 3583 784 3652 margine
802 3582 947 3651 adscripta
965 3599 999 3636 ea
1015 3582 1109 3637 habet.

204 3666 269 3732 211>
292 3684 309 3720 a
331 3684 399 3722 vcro
421 3673 534 3723 tantum
555 3686 612 3725 una
633 3669 733 3723 littera
755 3667 897 3738 geminata
919 3669 1042 3721 aberrat:
1075 3685 1139 3737 quo
1162 3668 1272 3721 minus
1297 3668 1329 3723 ei

246 3753 393 3808 nominis
411 3753 569 3810 sedendi.

206 3839 230 3905 ³)
248 3838 413 3894 Rectissime
432 3840 471 3894 ibi
489 3841 519 3894 in
532 3840 648 3908 reliquis
662 3839 791 3893 omnibus
805 3838 949 3893 codicibus
965 3838 1112 3892 scribitur:
1132 3844 1166 3894 et
1183 3856 1326 3907 coquen-

248 3930 297 3979 tes
330 3926 493 3994 quasdam
516 3926 775 3981 medicamenta
801 3929 835 3978 et
862 3923 1048 3978 recondita
1075 3924 1146 3977 elia
1172 3925 1245 3992 (quae
1272 3925 1328 3978 iam

247 4017 329 4066 cocta
351 4011 442 4079 erant)
464 4011 680 4066 invenerunt.
721 4010 754 4064 In
771 4009 814 4076 M,
836 4013 1025 4079 preterquam
1048 4009 1125 4078 quod
1148 4015 1264 4078 propter
1280 4008 1326 4061 lit·

247 4104 322 4152 teras
346 4115 396 4151 am
415 4097 459 4152 bis
476 4096 582 4165 positas
601 4098 739 4166 scriptum
757 4101 802 4149 est
819 4094 1114 4163 quasdammenta,
1138 4094 1328 4162 geminatione

249 4183 406 4238 litterarum
428 4183 480 4236 ita
501 4182 605 4237 factum
628 4187 673 4238 est
689 4180 797 4248 (addito
816 4196 829 4231 r
848 4181 885 4235 ad
902 4179 1036 4234 Latinum
1054 4180 1222 4234 vocabulum
1241 4177 1327 4233 effici·

249 4268 362 4336 endum)
379 4268 565 4323 recondita
580 4268 720 4333 vitalia,
744 4265 820 4335 quod
837 4283 925 4334 quum
943 4271 1001 4318 tam
1020 4269 1095 4320 esset
1113 4264 1274 4329 absurdum,
1297 4269 1330 4319 ut

248 4355 297 4408 nni
320 4352 496 4409 Alschebkio
523 4354 637 4425 probari
663 4357 774 4422 posset,
801 4351 1009 4406 substituerunt
1031 4367 1121 4420 nuper
1142 4350 1330 4404 recondita
