2994 5108
238 504 300 558 Lib.
318 504 432 559 XXXII.
787 494 849 558 482

240 676 341 758 sigius
371 675 416 741 de
444 675 564 740 rebus
593 679 631 741 iu
660 676 797 742 Gallia
823 697 1024 760 prospere
1053 676 1182 758 gestis
1214 673 1393 757 scripsit¹l

239 784 282 848 Et
303 783 484 848 modestius
507 791 541 848 et
561 786 684 849 rectius
706 785 778 850 fiet:
813 784 857 849 de
885 784 1006 848 rebus
1035 786 1073 847 in
1096 781 1237 848 Gallia
1264 782 1394 864 gestis

239 911 353 972 prope
387 891 460 956 sub
489 890 591 955 idem
620 899 776 975 tempus
806 893 844 956 R.
868 912 897 956 a.
954 892 1028 956 Non
1063 891 1131 955 fere
1160 890 1267 954 minus
1296 888 1393 953 facile

240 1003 483 1063 commutantur
529 1020 724 1083 prospere
764 1006 797 1064 et
837 1020 963 1083 prope
1008 1019 1107 1080 quam
1147 1017 1320 1081 propere
1361 1001 1394 1061 et

154 1121 225 1188 (384)
243 1127 380 1188 prope,
414 1126 553 1189 quorum
580 1114 843 1189 permutatorum
866 1107 1015 1189 exempla
1036 1104 1328 1170 Drakenborchius
1351 1103 1395 1168 ad

240 1211 388 1291 XXXIX,
419 1217 468 1291 31,
498 1219 518 1276 4
540 1213 688 1297 collegit3
722 1236 924 1298 quamquam
947 1213 1105 1297 exemplis
1128 1214 1162 1276 in
1185 1211 1247 1276 tali
1269 1232 1305 1277 re
1327 1232 1396 1304 nou

240 1319 335 1384 valde
359 1341 441 1402 opus
464 1318 562 1399 est.²)

327 1425 406 1511 Cap.
430 1432 480 1506 40,
507 1431 538 1490 1:
572 1428 627 1493 De
650 1429 767 1512 Argis
790 1447 950 1510 quoque
974 1428 1229 1510 disceptatio
1253 1426 1396 1491 abac·

241 1535 326 1600 talo
355 1555 449 1617 rege
478 1542 538 1600 est
560 1543 681 1614 mota,
716 1557 835 1619 quum
857 1536 1000 1602 fraude
1022 1533 1225 1600 Philoclis
1254 1532 1396 1617 prodi-

241 1649 321 1706 tam
351 1641 486 1707 urbem
516 1644 552 1706 vi
580 1642 627 1708 ab
657 1664 700 1708 eo
730 1642 886 1724 (Nabide)
915 1645 1050 1708 teneri
1078 1647 1288 1725 argueret,
1323 1639 1396 1705 ille

241 1749 288 1814 ab
317 1750 420 1832 ipsis
449 1750 623 1832 Argivis,
652 1758 695 1815 ut
725 1772 765 1816 se
794 1751 1047 1829 defenderet,
1077 1750 1265 1813 accitum.
1318 1747 1396 1813 Per·

242 1877 339 1938 quam
380 1856 460 1920 dure
495 1878 534 1921 ex
569 1866 763 1938 argueret
802 1859 937 1923 auditur
971 1859 1130 1923 diceret
1163 1855 1252 1936 (cum
1286 1854 1397 1921 defen·

241 1961 363 2042 sione);
398 1985 498 2047 prave
521 1955 663 2047 'prorsus
694 1966 787 2030 deest
809 1965 992 2030 subiectum
1015 1964 1184 2048 participii
1207 1964 1397 2039 accitum,

241 2091 341 2152 quum
375 2073 557 2153 praesertim
592 2073 678 2136 inter
711 2094 746 2137 se
780 2074 948 2138 contraria
980 2072 1049 2136 haec
1063 2119 1065 2122 -
1081 2068 1197 2135 reterri
1226 2070 1398 2147 deberent,

240 2178 376 2242 urbem
409 2179 611 2261 proditam
644 2188 677 2244 et
707 2200 748 2244 se
781 2180 967 2244 accitum.
1023 2178 1149 2262 Neque,
1182 2185 1222 2242 ut
1255 2179 1397 2260 Argivos

241 2284 446 2363 defenderet,
481 2307 516 2350 se
544 2288 684 2351 accitum
713 2287 821 2351 dicere
843 2286 947 2351 Nabis
975 2293 1108 2370 poterat
1135 2285 1310 2367 (quoniam
1332 2286 1398 2349 iam

241 2393 274 2455 in
298 2392 513 2457 Macedonum
536 2399 703 2476 potestate
727 2392 845 2473 erant),
869 2393 927 2458 sed
949 2399 987 2457 ut
1009 2393 1174 2457 liberaret.
1228 2391 1293 2457 Sed
1318 2390 1398 2476 quid

243 2501 442 2580 argumentis
465 2505 556 2579 utor,
589 2521 687 2581 quum
716 2521 792 2565 vera
821 2502 987 2584 scriptura
1017 2499 1168 2565 omnibus
1191 2499 1345 2582 apicibus
1367 2500 1401 2563 iu

242 2605 269 2669 B
293 2611 409 2682 exstet,
433 2627 538 2688 neque
562 2608 595 2671 in
618 2608 674 2672 illo
699 2608 814 2686 solum,
839 2608 953 2672 sedin
977 2607 1145 2690 plerisque
1170 2604 1279 2686 (Pall,
1303 2606 1400 2671 Low.

243 2712 661 2793 tribus,Harl.,Meadianis
675 2714 871 2796 ambobus)?
888 2713 942 2778 Sic
954 2716 1041 2778 enim
1052 2713 1116 2777 illi:
1135 2713 1209 2777 ille
1228 2713 1275 2777 ab
1294 2713 1402 2797 ipsis

242 2821 401 2901 Argivis
425 2841 465 2884 se
490 2821 728 2885 defenderet
752 2822 935 2898 accitum,
958 2819 1021 2885 hoc
1045 2830 1104 2899 est,
1128 2822 1402 2903 pervagatissimo

242 2927 333 2991 verbi
357 2949 434 3004 usu,
470 2928 663 2991 defendendi
693 2949 792 2992 causa
820 2928 953 2992 diceret.
1010 2928 1084 3009 (lis,
1119 2946 1192 3011 quae
1223 2930 1256 2991 in
1287 2928 1403 2991 lexicis

271 3147 294 3211 ¹)
314 3146 356 3198 W.
376 3147 405 3199 iu
424 3145 512 3199 altera
530 3146 653 3198 editione
673 3148 827 3214 comparari
846 3148 926 3202 iubet
944 3148 1023 3200 locos
1042 3164 1157 3216 prorsus
1176 3146 1342 3199 dissimiles.

271 3230 294 3291 ²)
314 3230 341 3283 C.
361 3233 407 3296 32,
432 3233 448 3283 6
467 3231 662 3283 abstinendum
681 3236 724 3283 est
742 3233 920 3285 coniecturis.
967 3231 1119 3284 Gravate
1142 3246 1199 3284 non
1219 3230 1256 3284 ad
1276 3232 1400 3285 animum

312 3314 434 3380 Quinctii
458 3316 593 3383 pertinet,
621 3316 669 3368 sed
695 3316 730 3368 ad
754 3317 890 3384 speciem,
918 3333 1001 3382 quam
1024 3335 1083 3384 prae
1108 3333 1138 3369 se
1162 3313 1280 3368 serebat.
1328 3315 1399 3369 Con·

312 3400 396 3452 cessit
413 3399 488 3451 enirn
507 3401 576 3467 regi,
595 3405 625 3451 ut
643 3401 878 3466 colloquerentur,
898 3404 1013 3468 gravate
1033 3405 1061 3454 et
1080 3400 1159 3467 quasi
1177 3399 1289 3468 nolens,
1308 3417 1404 3468 quam·

313 3499 397 3550 quam
420 3501 517 3552 reapse
540 3485 713 3551 colloquium
738 3485 805 3537 satis
828 3485 881 3552 ipsi
901 3483 1001 3549 adea,
1031 3501 1092 3551 quae
1111 3485 1276 3552 cogitabat,
1305 3489 1403 3554 aptum

312 3568 467 3621 videbatur.
514 3567 557 3621 Ea
588 3569 629 3620 vis
662 3574 705 3620 est
736 3569 938 3636 particularum
970 3586 1036 3622 nou
1065 3570 1162 3636 quin,
1195 3569 1276 3623 nullo
1305 3569 1405 3624 addito

313 3651 403 3704 altero
423 3653 556 3705 orationis
575 3653 709 3705 membro.
746 3650 773 3719 [ᾗ
795 3655 839 3706 15:
862 3652 961 3706 Istuc
980 3653 1126 3720 quidem,
1147 3654 1198 3707 ait
1215 3653 1406 3719 Romanus,

313 3752 372 3804 par
401 3737 554 3789 omnibus
585 3737 776 3803 periculum
801 3743 852 3790 est
873 3765 920 3803 -,
951 3737 981 3789 si
1008 3737 1106 3790 nulla
1133 3737 1225 3792 fides
1255 3740 1310 3793 sit
1359 3737 1405 3792 Sic

312 3820 353 3871 W.
373 3837 407 3872 ex
432 3822 461 3872 B.
507 3819 561 3872 Sed
587 3836 678 3886 neque
709 3822 904 3874 coniunctivus
932 3826 1025 3874 rectus
1054 3827 1098 3875 est
1120 3828 1150 3875 et
1172 3828 1237 3876 tota
1260 3824 1407 3879 sententia

313 3904 516 3958 condicionalis
548 3921 642 3972 prava,
674 3905 830 3972 periculum
857 3904 981 3974 perfidiae
1010 3923 1081 3971 esse,
1110 3907 1133 3959 si
1151 3907 1231 3961 nulla
1259 3906 1332 3962 fides
1360 3910 1403 3962 sit.

313 3989 443 4042 Gelenius
462 3987 581 4055 („lege“l
601 3994 638 4041 ut
656 3989 753 4042 nulla
771 3989 788 4041 f.
808 4008 837 4055 s.,
858 3990 939 4043 codd.
959 3990 1066 4058 aliquot
1084 4007 1156 4044 recc.
1175 3997 1214 4045 ut
1236 3993 1274 4047 in
1297 3994 1405 4047 nullo.

314 4071 402 4125 Credo
429 4089 510 4140 prone
536 4071 633 4125 luisse:
666 4090 705 4124 ue
736 4074 832 4126 nulla
864 4073 954 4126 lidos
982 4076 1041 4139 sit,
1076 4077 1238 4144 omissoque
1272 4095 1312 4132 ne
1341 4082 1407 4132 ants

313 4157 409 4209 nulla
428 4157 462 4208 ab
482 4156 542 4208 aliis
561 4162 605 4221 ut,
625 4157 659 4208 ab
679 4156 740 4209 aliis
760 4158 789 4209 si
808 4157 948 4211 adiectum
968 4176 1037 4213 esse.
1066 4159 1132 4228 Cap.
1151 4163 1194 4227 39,
1214 4164 1230 4214 2
1249 4162 1409 4232 repetenda

314 4241 471 4294 necessario
500 4241 665 4308 praepositio
694 4247 760 4294 ante
785 4242 940 4295 Attalum
969 4243 1020 4307 (ad
1049 4245 1236 4313 Attalum),
1272 4249 1408 4315 quoniam
1484 4278 1493 4290 ι

315 4323 528 4392 distinguuntur
546 4324 673 4377 homines
693 4325 809 4379 diversis
828 4327 897 4380 locis
918 4334 1042 4396 agentes.
1082 4327 1169 4398 1863]
