2994 5108
711 484 772 546 205
1189 501 1251 556 nu.
1269 501 1316 556 nc

166 669 297 751 cumbit,
321 670 543 736 coniunctioni
566 673 793 755 praepositum,
822 694 898 736 nam
921 674 1004 737 siin
1027 676 1201 739 contrariis
1225 675 1317 740 lude·

165 788 270 860 retur,
305 780 394 863 quod
424 782 534 864 inepte
563 802 641 844 sane
670 781 765 846 fieret
787 783 820 845 in
844 804 879 846 re
903 783 1110 863 gravissima,
1144 784 1317 848 (licendum

166 896 252 955 crat:
293 911 501 973 equosque
535 888 622 953 dum
658 898 850 965 onerant,
884 892 996 974 ipsos
1037 891 1150 956 caede.
1215 893 1318 956 Recta

167 1001 275 1063 omnia
309 1004 407 1063 erunt
439 999 612 1080 geminatis
646 998 775 1063 duabus
809 999 943 1064 litteris:
970 1036 1014 1044 —
1041 1001 1244 1078 invenies;
1279 1021 1317 1062 se

167 1129 370 1190 equosque
396 1105 483 1170 dum
506 1105 643 1191 praeda
667 1117 857 1187 renerent,
888 1108 992 1172 cade
1016 1115 1077 1172 cet.
1128 1109 1228 1173 Recte
1252 1110 1316 1173 iam

168 1216 200 1280 in
223 1217 295 1300 ipso
314 1216 484 1280 sententiae
503 1215 597 1279 initio
616 1216 811 1281 admonetur
831 1218 961 1295 Fabius,
980 1240 1044 1280 non
1062 1218 1169 1280 miuus
1189 1218 1317 1299 equites

168 1325 256 1408 ipsos
279 1347 379 1407 quam
401 1345 504 1407 equos
529 1326 658 1387 onerari
681 1331 714 1388 et
736 1326 932 1408 impedires)

643 1517 733 1600 nu
767 1519 838 1601 rx,
1223 1579 1251 1632 ‚·
1331 1559 1401 1627 oo

253 1651 330 1737 Cap.
355 1657 390 1732 3,
420 1656 438 1714 3
466 1650 513 1732 (in
542 1651 746 1716 sermonibus
776 1659 809 1716 et
836 1652 977 1735 querelis
1004 1653 1144 1718 militurn
1170 1654 1317 1717 Furculis

167 1761 323 1826 Caudinis
352 1758 566 1840 inclusorum)
598 1766 685 1824 recte
716 1761 748 1823 in
772 1761 883 1824 codice
906 1763 1028 1825 recenti
1051 1767 1085 1825 et
1107 1762 1315 1845 interpolato,

167 1870 410 1947 Gaertneriano,
450 1867 620 1932 scribitur:
666 1869 760 1932 Dum
800 1869 879 1933 haec
913 1870 1179 1935 imminebunt
1212 1873 1315 1950 iuga,

164 2000 243 2062 qua
271 1985 313 2042 tu
342 1977 390 2042 ad
417 1976 577 2041 hostem
606 1978 769 2042 venias?
802 2000 862 2061 pro
886 1979 1031 2043 venies.
1082 1978 1197 2062 Neque
1221 1981 1315 2056 eninr,

164 2089 222 2173 qui
244 2087 382 2170 loquens
403 2085 587 2162 inducitur,
623 2107 697 2149 vere
721 2108 760 2149 ex
783 2087 889 2151 altero
912 2086 974 2150 hoc
998 2088 1125 2170 «urserit,
1160 2088 1217 2151 sed
1239 2088 1317 2151 ficta

163 2196 328 2262 communi
373 2215 514 2279 persona
560 2195 791 2277 interrogando
831 2195 873 2259 ad
912 2195 1039 2259 hostem
1079 2197 1180 2259 veniri
1221 2218 1316 2279 posse

162 2310 280 2387 negat,
315 2303 429 2368 eadem
465 2304 643 2380 sententia,
678 2322 744 2385 qua
778 2304 846 2368 hmo
880 2304 976 2369 dicit:
1018 2305 1100 2382 Quo
1135 2310 1205 2369 aut
1239 2326 1316 2386 qna

162 2414 324 2479 eamus?
359 2411 457 2476 Certa
486 2417 535 2475 est
564 2413 596 2475 in
626 2411 687 2475 hoc
711 2431 828 2492 genere
852 2415 1012 2477 sermonis
1036 2414 1097 2477 lex.
1148 2411 1218 2493 (tir.
1244 2413 1315 2477 Lat.

162 2522 181 2607 ξ
207 2526 286 2601 370,
319 2519 568 2603 Bemerkuugen
597 2520 680 2585 iiber
708 2521 814 2602 einige
842 2521 971 2586 Punkte
1001 2522 1059 2585 der
1083 2522 1152 2586 lat.
1177 2521 1316 2605 Sprach-

160 2631 258 2697 lehre
280 2653 311 2714 p.
336 2628 401 2710 73.)
448 2627 540 2710 [adv.
566 2627 644 2693 crit.
669 2628 700 2692 II
722 2652 752 2712 p.
778 2628 900 2710 542.]²)

191 2841 217 2907 ¹)
237 2839 270 2892 In
296 2838 433 2908 proximis
460 2839 553 2891 verbis
581 2838 651 2907 (cop.
679 2840 725 2905 39,
757 2839 779 2903 l)
807 2840 877 2892 scire
904 2840 1001 2905 velim,
1029 2840 1175 2893 dicaturne
1203 2840 1315 2894 Latine:

234 2926 341 2991 scies,
359 2924 469 2993 qualis
488 2941 561 2992 quae
581 2942 655 2976 osse
674 2925 1101 2994 instructissimopotest3
1120 2927 1317 2993 exspectabam

235 3012 323 3065 cuim:
343 3011 456 3079 (qurulis
475 3027 549 3063 esse
568 3011 843 3065 instructissima
860 3017 990 3080 potest,
1008 3017 1039 3065 ιιι
1058 3011 1171 3064 dicitur:
1192 3017 1318 3078 quanta

233 3115 309 3151 esse
336 3097 483 3150 maxima
507 3100 635 3165 potest.
683 3097 781 3164 Longo
809 3097 882 3150 enim
911 3098 993 3150 aliter
1022 3098 1135 3150 dicitur:
1168 3102 1234 3149 tam
1262 3097 1315 3149 in-

236 3189 372 3237 structa
403 3200 499 3250 quam
531 3198 602 3250 quae
633 3182 920 3248 instructissima3
951 3200 1002 3236 uec
1033 3183 1077 3235 hae
1110 3182 1205 3234 formes
1237 3182 1317 3234 facile

235 3269 373 3324 confundi
391 3272 529 3337 poterant.
570 3267 662 3321 Haesit
681 3269 763 3321 etiam
781 3269 1032 3323 Weissenbornius.
1073 3269 1136 3333 Cap.
1156 3271 1202 3333 40,
1225 3271 1242 3321 4
1261 3286 1317 3322 non

233 3361 305 3426 puto
324 3359 400 3408 recte
419 3354 488 3407 dici:
507 3354 642 3407 familia
664 3354 704 3407 ad
723 3372 755 3407 se
774 3353 1113 3423 qumque—trahunt.
1140 3353 1228 3408 Recte
1244 3355 1316 3408 cuim

233 3443 383 3510 quisque
408 3439 478 3509 (pro
501 3457 534 3493 se
557 3440 716 3507 quisque,
739 3439 802 3506 cet.)
826 3441 1003 3509 appositione
1021 3440 1184 3521 adiungitur
1202 3440 1237 3493 ad
1256 3440 1317 3494 sub
1361 3454 1366 3465 ·

234 3528 339 3581 ieotnm
363 3526 479 3596 pluralis
501 3526 610 3579 numeri
635 3526 692 3579 sive
716 3543 879 3594 expressum
897 3528 955 3579 sive
974 3544 1008 3580 ex
1026 3526 1171 3594 superiore
1190 3527 1317 3580 oratione

235 3613 363 3667 auditum
391 3616 420 3665 et
445 3612 475 3665 iu
503 3612 588 3664 verbo
615 3612 719 3679 lateus,
747 3619 779 3665 ut
802 3617 831 3666 et
852 3613 1008 3665 communis
1033 3613 1156 3665 omnium
1175 3617 1202 3665 et
1221 3613 1314 3665 unius·

232 3699 368 3766 cuiusque
392 3697 465 3750 actio
489 3697 742 3765 comprehendatur
766 3697 831 3765 (quo
856 3699 1000 3766 pertinent
1018 3698 1145 3766 exempla
1163 3715 1179 3749 a
1196 3697 1317 3750 Draken-

234 3783 353 3837 borchio
385 3782 420 3836 ad
442 3782 482 3845 11,
510 3785 555 3850 22,
578 3783 738 3849 7laudatu3
766 3785 819 3837 etsi
846 3783 913 3850 quid
940 3784 1036 3836 notius
1064 3787 1112 3836 ant
1139 3783 1316 3850 pervogntius

233 3869 318 3936 cst2),
347 3868 396 3921 sed
422 3868 556 3921 familia
581 3886 723 3936 quaeque
746 3869 889 3923 trahunt
907 3873 937 3921 et
953 3875 1062 3922 naturae
1081 3867 1208 3920 vocabuli
1228 3868 1315 3933 quis·

233 3972 296 4023 que
320 3960 349 4008 et
372 3955 507 4008 sermonis
526 3953 582 4022 legi
601 3971 757 4023 repugnare
776 3955 888 4008 videtur
905 3972 957 4007 uec
975 3955 1103 4022 exemplo
1121 3953 1177 4005 ullo
1197 3951 1315 4004 ‹lesendi

232 4040 320 4094 Recte
338 4041 369 4093 iu
386 4041 479 4094 tribus
497 4040 643 4094 codicibus
660 4041 820 4094 recentibus
839 4040 972 4094 scribitur
985 4040 1157 4093 coniectura:
1175 4036 1316 4089 familiae

234 4125 274 4180 ad
293 4142 327 4179 se
345 4142 490 4193 quaeque
507 4153 540 4163 ·-
560 4125 711 4179 trahunt.

188 4212 216 4278 ἰ
235 4209 331 4279 [Libet
362 4211 490 4280 exemplo
518 4211 675 4273 ostendere,
708 4211 944 4278 quemadmodum
970 4210 1130 4277 redarguar.
1172 4207 1317 4261 Adscribit

233 4296 480 4351 Weissenboruiuc
497 4296 551 4351 Cic.
562 4296 660 4350 Parad.
670 4299 712 4362 26,
727 4297 776 4351 ubi
791 4295 887 4350 Cicero
906 4302 1022 4361 contum,
1040 4312 1157 4362 quocum
1174 4295 1315 4360 colloqua-

232 4388 293 4453 tur,
315 4383 458 4437 hominem
476 4382 586 4438 induxit
604 4381 632 4452 (ἓ
651 4385 695 4438 23:
719 4382 784 4437 Sed
806 4388 917 4437 tamen
940 4398 1055 4451 quaero
1076 4397 1115 4434 ex
1138 4379 1193 4449 te),
1218 4380 1253 4434 de
1271 4380 1315 4440 Or.
