2994 5108
218 478 280 533 Lib.
299 477 373 532 VIII.
767 464 828 527 190

219 657 330 715 tamen
359 650 484 715 leviora
511 649 714 732 attingenda.
770 649 855 714 Nam
885 648 902 733 ἓ
925 649 1021 714 4111
1052 669 1281 733 sexagenos
1308 648 1377 712 mi·

220 759 334 839 lites,
370 758 470 824 duos
505 759 788 836 centuriones,
823 758 882 823 sed
916 758 1033 824 binos
1067 757 1202 823 recitari
1233 756 1378 823 voluisse

218 868 355 948 videtur,
386 889 487 951 quum
508 872 588 931 nota
609 865 759 931 fortasse·
773 866 981 932 scriberetur.
1018 867 1139 949 (1861.)
1184 864 1201 949 5
1225 869 1244 930 6
1267 886 1377 949 neque

218 978 349 1061 prima
375 974 489 1041 frons
515 975 555 1040 in
584 975 670 1040 acie
697 973 771 1060 (pro
799 974 916 1057 aciei)
939 975 1049 1060 placet
1071 996 1178 1059 neque
1199 973 1313 1040 frons
1336 974 1379 1039 in

219 1087 308 1151 acie
344 1118 381 1128 -
416 1082 594 1148 habebat
633 1082 684 1164 (ut
715 1084 754 1147 in
788 1085 872 1148 acie
906 1104 980 1148 cum
1011 1083 1112 1148 verbo
1140 1080 1375 1164 coniungatur)

218 1190 390 1258 ferendum
417 1191 555 1270 videtur,
580 1197 613 1256 et
636 1190 726 1255 aliud
749 1191 853 1257 latere
875 1191 1006 1257 ridetur
1028 1176 1202 1257 ostendere
1225 1189 1378 1256 codicum

218 1303 381 1367 bonorum
403 1299 579 1383 scriptura:
607 1299 700 1364 Haec
722 1301 852 1383 prima
874 1300 979 1366 foris
1001 1300 1041 1365 in
1063 1300 1198 1366 aciem.
1237 1298 1380 1383 Aptissi-

220 1431 308 1474 mum
332 1413 435 1474 esset:
469 1407 561 1472 Haec
588 1409 724 1491 primae
746 1405 896 1473 frontis
918 1410 1043 1489 acies3
1077 1408 1137 1475 sed
1159 1407 1290 1490 longius
1313 1406 1380 1472 hoc

221 1517 409 1598 evestigiis
432 1515 563 1580 traditae
587 1516 757 1600 scripturae
781 1514 929 1581 discedit.
953 1513 1075 1598 (1875.)
1109 1516 1281 1582 Postremo
1299 1511 1317 1597 ἐ
1337 1518 1375 1577 11

219 1626 376 1691 inusitate
405 1624 539 1708 ponitur
565 1621 854 1688 referebantur
882 1623 923 1689 de
951 1623 1109 1690 militibus
1137 1630 1226 1689 retro
1251 1621 1378 1687 ceden-

220 1735 318 1814 tibus,
349 1734 563 1816 suspicorque
587 1731 746 1815 scriptum
769 1753 789 1796 a
810 1731 901 1797 Livio
924 1731 1045 1797 fuisse:
1069 1732 1116 1797 ad
1139 1732 1316 1796 triarios
1339 1748 1380 1792 ae

222 1843 368 1908 sensim
402 1840 641 1919 referebant,
676 1838 789 1927 addito
812 1841 1014 1924 pronomine.
1061 1840 1184 1922 (1875.)
1230 1837 1296 1904 Sed
1320 1859 1378 1904 ex·

135 1963 205 2032 (160)
224 1957 330 2015 tremo
354 1949 479 2032 capite,
512 1948 569 2012 ubi
596 1947 683 2013 redit
704 1947 813 2012 Livius
842 1948 885 2013 ad
912 1947 1128 2028 narrandum,
1161 1947 1233 2012 fieri
1256 1952 1382 2032 potest,

221 2066 258 2124 ut
296 2078 441 2123 errorem
473 2056 565 2120 Livio
605 2055 824 2138 antiquiorem
864 2077 925 2122 uec
963 2057 997 2120 in
1031 2057 1101 2122 eius
1133 2056 1255 2122 verbis.
1277 2057 1382 2121 situm

135 2185 205 2254 (161)
224 2168 399 2248 attingam3
434 2163 492 2228 sed
520 2164 739 2247 suspicionem
766 2185 914 2248 premere
941 2164 1115 2229 nonlicet.
1171 2165 1384 2248 Quamquam

222 2277 308 2341 enim
342 2271 579 2337 incredibiliter
614 2268 750 2336 confusa
777 2271 899 2337 fabulis
928 2279 961 2336 et
989 2272 1147 2356 augendis
1174 2272 1275 2338 rebus
1305 2293 1384 2356 per·

223 2381 453 2463 mutandisque
484 2386 535 2444 est
563 2380 667 2443 omnis
688 2378 767 2443 belli
789 2379 899 2443 Latini
921 2386 955 2445 et
978 2379 1138 2465 Campani
1160 2380 1303 2446 historia
1326 2378 1384 2463 (de

221 2512 286 2574 quo
316 2489 398 2553 satis
427 2487 458 2551 h.
482 2488 502 2552 l.
527 2487 589 2552 erit
618 2493 811 2571 argumenta
840 2489 1046 2572 requirentes
1074 2489 1118 2555 ad
1146 2509 1187 2554 ea
1208 2487 1384 2573 ablegare,

221 2619 293 2682 quie
321 2597 380 2660 Th.
404 2595 634 2660 Mommsenius
662 2595 745 2660 Hist.
774 2596 867 2660 Rom.
896 2597 958 2661 vol.
988 2597 1003 2661 I
1031 2620 1062 2681 p.
1092 2601 1154 2662 358
1184 2595 1233 2661 ed.
1263 2595 1295 2660 V
1325 2617 1384 2662 ex-

220 2703 360 2790 posuit),
394 2710 504 2767 tamen
526 2724 693 2786 nunquam
716 2705 859 2768 animum
882 2704 1035 2770 inducere
1058 2705 1167 2788 potui,
1201 2703 1298 2768 utin
1322 2725 1384 2768 an·

220 2813 350 2878 nalibus
372 2812 428 2891 iis,
464 2810 582 2894 quibus
604 2810 714 2874 Livius
736 2833 815 2876 usus
839 2819 897 2890 est,
928 2813 1087 2877 traditum
1109 2812 1211 2877 fuisse
1234 2810 1384 2893 credam,

220 2943 361 3007 pugnam
390 2941 479 2999 eant,
513 2920 546 2982 in
575 2941 641 3001 qua
663 2918 698 2982 P.
722 2920 842 2984 Decius
864 2919 937 2984 Mus
960 2920 1127 2986 devovisse
1150 2942 1185 2985 se
1208 2926 1383 3000 narratur,

218 3036 400 3115 pugnatam
428 3049 500 3092 esse
528 3025 636 3090 haud
666 3028 809 3110 procul
837 3027 1051 3093 radicibus
1074 3028 1240 3093 Vesuvii
1269 3049 1384 3094 mon·

219 3139 288 3216 tis;
321 3138 456 3220 ipseque
491 3135 574 3199 adeo
602 3134 712 3199 Livius
747 3135 825 3219 quid
855 3137 1036 3221 scripserit,
1072 3136 1236 3202 dubitatio
1266 3136 1384 3201 animo

218 3245 315 3329 pulsa
349 3243 487 3309 subinde
521 3244 675 3321 recurrit3
716 3249 842 3307 ceteros
875 3245 1069 3328 scriptores,
1104 3245 1251 3322 Veseris,
1288 3244 1382 3309 unde

218 3373 328 3436 pugna
351 3350 553 3435 appellatur,
583 3349 640 3414 ubi
667 3348 781 3429 fuerit,
811 3350 893 3415 adeo
922 3373 1085 3435 nusquam
1108 3350 1297 3436 significare
1320 3373 1385 3417 no·

218 3467 287 3522 tum
311 3466 376 3538 est,
410 3465 462 3536 ut,
496 3456 627 3521 fiuviine
651 3478 694 3521 an
717 3458 830 3541 oppidi
851 3459 886 3523 id
908 3481 1028 3524 nomen
1050 3458 1159 3539 fuerit,
1193 3459 1381 3542 ignoretur.

216 3567 261 3631 Ut
285 3567 370 3629 enim
395 3567 553 3639 omittam,
577 3563 656 3646 fingi
680 3566 787 3630 animo
811 3567 863 3630 rix
886 3589 994 3649 posse,
1018 3588 1084 3650 qua
1107 3569 1162 3631 ria
1183 3587 1223 3631 ac
1245 3567 1383 3633 ratione

217 3674 358 3738 Romani
389 3671 451 3736 hoc
486 3679 649 3755 tempore,
690 3682 805 3737 contra
838 3674 975 3739 Latinos
1011 3673 1264 3760 Campanosque
1300 3695 1381 3740 con-

216 3783 345 3845 iunctos
383 3779 505 3844 bellum
545 3787 695 3862 gerentes
734 3788 801 3844 tam
840 3780 936 3865 longe
976 3783 1019 3847 ad
1058 3782 1231 3848 meridiem
1264 3804 1381 3848 versus

216 3888 435 3971 processerint
470 3888 503 3951 in
538 3908 577 3951 ea
610 3887 697 3967 loca,
738 3910 811 3971 quae
844 3889 972 3973 aliquot
1006 3890 1137 3955 demum
1170 3898 1247 3974 post
1282 3892 1381 3957 annis

216 3996 259 4076 (a.
303 3995 378 4076 327)
418 3993 620 4078 Campanum
660 4016 774 4078 agrum
814 4004 929 4061 contra
962 3998 1201 4081 Neapolitanos
1240 4006 1379 4066 tuentes

216 4103 367 4184 attigisse
395 4103 548 4166 videntur
571 4101 651 4183 (Lir.
675 4102 768 4182 IIII,
802 4102 873 4185 22),
908 4126 1008 4189 quum
1036 4108 1222 4188 praesertim
1244 4106 1380 4174 ad-Ca·

215 4231 315 4294 puam
343 4231 399 4273 eos
422 4231 496 4273 cum
519 4208 720 4274 Samnitibus
743 4213 924 4276 accurrisse
947 4220 1146 4296 congregato
1169 4213 1218 4279 ibi
1239 4214 1380 4281 Latino·

215 4339 288 4380 rum
316 4324 349 4381 et
372 4315 613 4400 Campanorum
636 4318 793 4383 exercitui
814 4319 924 4385 Livius
947 4320 1017 4403 ipse
1039 4321 1165 4387 scribat
1187 4321 1229 4405 (0.
1256 4322 1307 4406 6),
1335 4358 1382 4371 -
