3000 5116
690 475 749 536 291
1132 489 1194 544 Lib.
1214 489 1302 543 XXII.

139 661 286 746 plurium
319 660 421 727 etiam
452 658 627 724 verborum
661 680 687 724 c.
718 662 758 722 32
788 660 884 725 initio
915 680 936 724 a
964 660 1128 725 Frobenio
1158 682 1186 725 a.
1220 665 1299 724 1531

140 774 327 835 correctum
361 773 426 847 661,
460 788 558 851 quem
590 787 703 832 omnes
733 774 932 851 sequuntur,
966 774 1122 851 quartum
1151 770 1185 832 in
1213 768 1299 832 libro

139 875 290 955 XXVIII,
321 879 349 955 7,
378 879 397 938 3
420 873 653 940 animadvertit
676 872 860 954 Creverius,
892 876 1043 958 quintum
1067 896 1245 958 coarguam
1268 877 1302 939 in

138 984 225 1050 libro
236 983 339 1063 XXX,
364 986 413 1061 12,
437 985 472 1064 3,
495 984 530 1046 16
552 982 659 1065 prima
681 973 803 1048 decade
826 982 1064 1049 eiusdemmodi
1087 984 1301 1067 transpositio

139 1091 438 1158 661616661111666
461 1089 554 1169 VIII,
586 1094 641 1169 10,
672 1094 710 1153 12
734 1095 770 1155 61
794 1093 843 1168 13,
872 1091 931 1155 ubi
955 1092 1057 1156 etiam
1081 1112 1098 1155 6
1123 1098 1245 1174 666616
1270 1097 1302 1155 61

75 1218 83 1228 ·
140 1201 258 1285 quinta
276 1197 427 1282 exempla
441 1197 564 1282 posui.)
598 1196 669 1263 Hoc
685 1198 786 1280 igitur
804 1198 906 1263 misso
926 1198 1086 1263 minorem
1104 1219 1173 1263 rem
1194 1220 1300 1281 agam.

140 1307 227 1375 Nam
255 1306 346 1392 quod
373 1297 621 1371 sic'soribitur:
656 1304 791 1370 datum
825 1305 968 1370 donum
1002 1306 1104 1386 duit,
1139 1307 1301 1390 quidquid

141 1415 328 1482 Gronovius
355 1413 505 1493 molitur,
539 1413 637 1497 plane
671 1434 860 1496 perversum
895 1420 948 1477 est
981 1413 1120 1478 datum
1155 1414 1301 1480 donum

141 1524 242 1589 dare
275 1521 531 1604 longissimeque
566 1521 702 1600 distant,
736 1542 809 1603 quae
838 1529 1085 1604 comparantur,
1118 1523 1153 1586 in
1183 1523 1301 1606 quibus

141 1637 200 1697 aut
230 1631 423 1714 simpliciter
449 1630 592 1713 repetita
620 1629 707 1694 66116
737 1628 941 1711 significatur
964 1628 1015 1710 (61
1037 1651 1139 1711 quum
1161 1629 1298 1714 perdi·
1316 1641 1387 1708 (231)

140 1746 223 1804 tum
251 1739 317 1803 iam
346 1738 466 1820 aliquis
488 1739 609 1802 iterum
631 1736 804 1819 perdere
827 1736 961 1818 dicitur)
985 1744 1043 1801 aut
1065 1744 1154 1802 recte
1177 1737 1301 1820 gradus

141 1846 283 1912 66116616
306 1845 554 1926 distinguuntur
577 1842 628 1925 (ut
650 1865 749 1927 quum
773 1845 894 1925 aliquis
917 1845 1058 1928 primum
1080 1846 1300 1929 prolapsus

141 1954 261 2020 deinde
282 1974 420 2037 prorsus
443 1952 642 2017 cecidisse
666 1951 819 2033 dicitur);
842 1952 922 2035 quid
946 1953 987 2017 de
1010 1973 1049 2019 6ο
1073 1952 1189 2033 dicam,
1213 1954 1302 2037 quod

142 2061 329 2128 Gronovius
363 2060 497 2125 datum
532 2061 627 2125 dare
661 2060 732 2125 vult
762 2080 834 2125 6666
863 2082 967 2125 6666
994 2069 1128 2125 votum
1154 2068 1301 2144 666166

141 2169 264 2236 dare?
298 2174 356 2234 661
389 2168 477 2251 quod
506 2167 794 2233 Weissenbornius
830 2165 968 2232 datum
1002 2168 1174 2250 (donum)
1203 2170 1299 2234 dare

141 2283 315 2362 comparat
342 2297 415 2341 cum
445 2297 500 2356 eo,
534 2276 623 2358 quod
656 2275 777 2340 dicitur
809 2273 970 2340 facinus
998 2275 1156 2341 Iacere?
1187 2277 1299 2342 Simile

141 2386 230 2451 enim
253 2391 355 2464 66661,
389 2385 417 2448 61
440 2383 607 2449 (116666166
629 2382 782 2447 factum
805 2382 965 2448 facinus
988 2382 1133 2449 facere,
1178 2385 1300 2450 Verum

136 2514 204 2559 non
227 2492 335 2557 solum
358 2490 495 2556 datum
518 2512 654 2575 pravum
678 2496 737 2568 661,
762 2489 820 2554 sed
842 2497 875 2555 61
897 2492 930 2555 16
952 2492 1087 2574 vulgata
1109 2495 1212 2558 totius
1235 2494 1300 2559 loci

138 2601 306 2683 scriptura
338 2604 372 2663 61
399 2600 504 2663 multo
533 2600 637 2682 magis
670 2598 826 2663 restituto
855 2605 947 2664 recto
978 2602 1216 2665 sententiarum
1246 2623 1299 2665 66-

138 2707 214 2772 dine
249 2707 367 2773 deesse
400 2705 525 2791 aliquid
559 2706 720 2771 admoniti
754 2708 897 2771 sentient
928 2709 1043 2790 periti;
1076 2729 1152 2773 nam
1185 2711 1218 2772 in
1246 2709 1298 2773 his

135 2822 299 2894 votorum,
322 2815 403 2879 iuris
428 2815 569 2894 iurandi,
592 2815 819 2897 precationum
835 2813 995 2893 formulis,
1019 2816 1130 2897 posita
1148 2815 1298 2898 pluribus

135 2922 247 2988 verbis
270 2921 478 3002 condicione,
513 2923 615 3006 166166
642 2924 709 2987 voti
740 2943 911 3005 precumve
940 2923 1070 2986 initium
1093 2944 1168 2986 cum
1191 2924 1298 3005 gravi·

136 3035 208 3096 1616
237 3030 381 3114 quadam
409 3037 443 3094 et
472 3030 684 3113 simplicitate
715 3036 851 3095 notetur
880 3029 1043 3113 particula
1070 3037 1168 3108 tum,
1202 3032 1297 3095 utin

135 3137 202 3203 hoo
224 3138 298 3221 ipso
320 3136 406 3202 libro
430 3158 456 3202 6.
484 3143 533 3217 53,
559 3142 608 3216 10,
633 3139 696 3202 6161
719 3137 766 3202 ibi
789 3139 958 3221 perbrevis
982 3144 1034 3202 661
1057 3138 1216 3217 condicio,
1240 3138 1296 3202 lib.

135 3244 167 3323 l,
196 3249 252 3324 24,
281 3248 301 3308 8
325 3252 358 3309 et
382 3248 436 3323 32,
467 3248 495 3324 7,
525 3244 672 3324 XXXVI,
702 3249 731 3325 2,
760 3252 789 3325 4,
818 3247 874 3328 qui
896 3246 989 3311 16666
1011 3245 1088 3309 huic
1112 3246 1297 3310 simillimus

137 3358 198 3417 est.
249 3351 300 3415 Ex
327 3350 385 3416 1116
407 3351 572 3435 particula
593 3357 708 3417 natum
732 3360 783 3418 661
806 3353 1030 3436 participium
1060 3351 1171 3417 Livius
1194 3355 1297 3436 scrip·

136 3465 242 3525 serat:
271 3493 316 3504 —
338 3461 407 3543 qui
430 3461 488 3524 cis
510 3459 637 3543 Alpes
661 3467 768 3540 sunt,
798 3467 874 3522 tn
897 3461 1039 3525 donum
1064 3462 1162 3540 duit,
1191 3463 1297 3546 quod

136 3586 209 3631 ver
229 3571 299 3630 cet.
351 3565 472 3649 [Quam
501 3568 536 3631 in
565 3566 581 3648 ᾖ
610 3572 628 3630 6
653 3589 680 3631 6.
708 3572 789 3631 1862
820 3569 1126 3633 commendaveram
1156 3567 1296 3634 Strothii

136 3675 361 3740 coniecturam
396 3694 441 3738 ao
473 3676 735 3759 transponentis‚
770 3696 856 3739 nunc
890 3682 923 3740 61
944 3674 1229 3741 Weissenbornius
1265 3683 1299 3740 61

136 3778 345 3846 Woelfflinus
369 3789 562 3864 sequuntur.
611 3781 755 3865 1875.]¹)

165 3997 191 4066 ¹)
209 3998 276 4068 Cap.
303 4001 347 4066 12,
374 4001 392 4053 8
419 3999 464 4068 (et
489 4001 713 4069 prudentiam
737 4002 892 4070 quidem,
919 4020 986 4057 non
1007 4004 1075 4056 6166
1100 4003 1292 4057 dictatorio

206 4083 384 4152 extemplo
414 4085 549 4152 1166611,
586 4087 826 4141 constantiam
861 4088 1031 4142 hauddum
1064 4092 1227 4155 expertus
1261 4115 1296 4125 -

132 4180 135 4185 “
205 4173 345 4237 tentare
363 4169 508 4224 animum
526 4199 560 4209 -
578 4172 702 4240 coepit)
722 4177 799 4226 certa
817 4179 859 4226 est
877 4172 1013 4226 Gronovii
1031 4173 1195 4226 coniectura
1213 4173 1294 4225 novi

206 4269 259 4322 pro
286 4269 353 4308 666
378 4254 452 4308 vim.
497 4254 570 4309 Nam
597 4259 653 4311 vis
676 4256 758 4310 Fabii
781 4259 877 4326 inepte
900 4259 1049 4326 excipitur,
1077 4257 1211 4324 quoniam
1236 4257 1295 4309 6166

206 4354 299 4406 noque
327 4337 385 4392 nlla
412 4343 474 4393 6661
502 4341 578 4409 apud
599 4340 787 4396 Hannibalem
814 4343 987 4410 exspectatio
1014 4358 1106 4409 neque
1134 4342 1192 4395 6116
1222 4340 1296 4411 apud

1018 4445 1065 4497 19*
