2994 5108
737 465 797 528 369
1157 566 1160 572 ¹
1178 482 1240 538 Lib.
1259 483 1344 539 XXV.

185 650 303 715 addito
344 648 597 727 discurrunt,
636 651 760 716 inserta
798 654 979 735 putaverit,
1020 674 1137 736 parurn
1178 654 1344 738 probabili

186 764 301 823 utetur
323 757 562 837 coniectural)

274 863 354 948 Cap.
378 869 436 944 40,
466 869 500 928 2:
535 866 627 930 inde
654 866 883 933 -initium
910 868 1092 933 mirandi
1116 867 1345 935 Graecarum

185 976 337 1040 artium
374 993 498 1056 opera
524 972 792 1058 lioentiaeque
821 975 917 1040 huie
946 996 1062 1040 sacre
1090 978 1345 1060 profanaque
1395 1026 1400 1035 .

185 1079 464 1168 -spoliandi
491 1079 645 1145 factum
673 1088 747 1147 est.
798 1083 912 1165 Neque
935 1104 994 1166 per
1018 1105 1053 1148 se
1076 1085 1199 1150 usitate
1224 1085 1346 1150 dieitur

186 1192 317 1257 initium
353 1188 583 1255 consuetudini
611 1188 781 1270 (licentiae)
808 1189 936 1255 iactum
966 1211 1038 1256 esse
1065 1213 1171 1275 neque
1195 1191 1265 1256 ulla
1287 1213 1345 1276 ap·

180 1306 282 1385 paret
309 1318 413 1364 eausa
439 1299 572 1362 variatae
601 1297 775 1362 durissime
804 1303 978 1363 structure
1005 1299 1040 1363 in
1067 1298 1129 1364 heo
1152 1299 1345 1383 equalitate

176 1414 222 1474 et
253 1407 417 1471 brevitate
449 1404 617 1470 orationis.
663 1405 781 1489 Itaque
814 1411 904 1470 recte
933 1405 1107 1488 Ussingius
1141 1408 1224 1471 vidit
1253 1407 1345 1473 huie

180 1521 304 1581 natum
327 1533 400 1579 esse
424 1512 526 1577 semel
542 1513 667 1596 scripta
683 1512 797 1577 littera
814 1512 1097 1595 s(huiusaera).
1130 1513 1253 1596 (1862.)
1289 1514 1345 1581 Se·

169 1618 675 1708 quuntu158heeo:1taque
703 1621 856 1686 inclusi
885 1622 931 1685 ad
956 1627 1112 1705 tempus
1137 1622 1344 1688 moenibus

178 1728 398 1815 Agrigenti
431 1727 510 1791 dux
537 1727 694 1792 Poenus
724 1727 1109 1813 Syracusanusque,
1144 1750 1219 1794 uon
1250 1750 1344 1796 oon·

168 1838 285 1904 <silio
324 1836 518 1901 Muttinis
559 1856 673 1917 quam
713 1836 870 1901 fiducia
909 1838 1034 1918 magis
1074 1839 1165 1902 ausi
1205 1837 1345 1919 egredi

176 1951 305 2011 extra
326 1964 456 2008 muros
480 1943 530 2007 ad
553 1942 813 2008 Himeram—
829 1951 1057 2027 posuerunt
1081 1953 1228 2009 eastra.
1278 1944 1344 2029 Ap·

172 2058 300 2138 paret,
333 2051 538 2116 contrariam
571 2050 657 2115 hano
685 2049 841 2115 fiduciam
872 2053 950 2134 poni
980 2053 1157 2136 superioris
1186 2053 1344 2136 temporis

163 2160 315 2239 timori,
349 2159 384 2222 iu
418 2180 486 2241 qua
514 2158 754 2242 significatione
782 2160 976 2224 mutationis
1005 2159 1101 2224 factae
1130 2181 1266 2243 pravum
1294 2166 1345 2225 est

153 2269 235 2333 ad
264 2275 427 2352 tempus
450 2266 694 2348 (oinstweilen),
721 2267 904 2350 requiritur
926 2267 977 2331 ad
999 2267 1039 2330 id
1061 2274 1230 2351 tempus.
1276 2266 1345 2350 [Sic

166 2374 388 2457 Creverius]
438 2374 512 2439 Non
541 2375 657 2458 paucis
685 2373 766 2439 locis
795 2376 829 2439 in
851 2376 923 2457 ipso
946 2374 971 2438 P
995 2375 1045 2438 hee
1068 2375 1141 2440 duee
1163 2396 1259 2441 voees
1283 2375 1344 2456 (ad

156 2482 240 2565 id)
264 2484 448 2549 ooniunotae
470 2484 557 2547 inter
580 2502 615 2547 se
637 2489 831 2563 nocuerunt,
861 2483 952 2547 velut
974 2482 1061 2562 XXI,
1092 2488 1142 2562 55,
1169 2488 1217 2562 ll,
1240 2482 1344 2562 XXII,

141 2597 214 2672 4,
246 2596 277 2672 2,
306 2590 422 2671 XXVI,
449 2595 502 2671 40,
532 2595 561 2671 8,
585 2590 717 2669 XXVII,
742 2594 791 2668 37,
816 2595 845 2654 8.
903 2589 972 2672 (Ad
996 2592 1127 2674 ipsum
1150 2613 1210 2674 pro
1233 2592 1281 2655 ad
1304 2590 1344 2656 id

149 2699 318 2783 ipsum
351 2720 393 2764 ne
420 2698 495 2782 quis
525 2705 620 2782 putet
647 2697 725 2763 ferri
751 2696 894 2765 fortasse
923 2720 1034 2780 posse,
1067 2705 1158 2764 reete
1187 2698 1345 2763 scribitur

213 2884 239 2952 ¹)
260 2884 327 2955 Gap.
336 2886 379 2951 38,
398 2888 497 2939 lroete
511 2883 751 2940 IaePerizonius:
771 2885 961 2939 subitores
976 2889 1214 2939 etnooturnus
1229 2888 1344 2938 terror

257 2975 292 3025 et
313 2971 378 3025 iam
401 2970 462 3039 (pro
482 2969 594 3036 etiam)
613 2987 682 3025 non
701 2987 766 3025 snae
785 2969 937 3025 fortuna
956 2970 1141 3025 eonsilium
1160 2969 1343 3036 (nominativo

257 3056 342 3122 casn).
384 3054 401 3125 ᾖ
418 3058 436 3110 4
453 3057 523 3110 mire
540 3055 697 3109 Weissenb.
714 3060 898 3124 pervagatum
917 3055 1023 3109 codicis
1041 3054 1173 3108 mendum
1192 3051 1344 3108 defendens

258 3146 336 3196 reeta
355 3141 412 3196 diei
429 3141 524 3196 docet:
548 3158 695 3210 quonam
713 3141 810 3195 modo
829 3157 1025 3210 -possem,
1044 3138 1270 3207 rogitandum
1292 3142 1344 3192 est

257 3226 321 3296 (pro
345 3227 504 3297 possim),
517 3231 561 3281 .et
586 3229 616 3281 in
633 3242 672 3280 ea
692 3243 723 3280 re
746 3242 805 3280 non
832 3226 943 3280 dubitat
969 3226 1012 3279 uti
1040 3223 1177 3280 eiusmodi
1201 3223 1344 3292 exemplis,

258 3312 342 3381 qualo
358 3311 415 3367 hoo
433 3317 478 3367 est
495 3311 652 3367 Ciceronis:
678 3317 716 3365 ut
737 3313 881 3380 possint
905 3329 976 3365 eam
999 3312 1117 3377 uttam,
1142 3326 1214 3377 quse
1233 3313 1344 3363 tanuen

257 3397 296 3463 (si
322 3414 381 3451 non
406 3413 458 3467 pro
485 3398 579 3467 petria
600 3397 777 3465 redderetur,
805 3397 861 3451 elio
885 3395 1021 3465 tempore)
1049 3400 1144 3449 esset
1170 3393 1344 3448 reddenda

256 3487 405 3549 naturae,
426 3499 488 3552 pro
506 3483 624 3553 patria
641 3481 792 3536 reddere.
833 3481 1013 3550 Adiungitur,
1038 3485 1070 3533 ut
1086 3478 1146 3534 fieri
1166 3480 1246 3546 solet,
1264 3480 1344 3534 loeus

257 3584 331 3622 nnus
348 3573 377 3623 et
395 3568 467 3622 alter
485 3568 581 3635 exiis,
600 3568 630 3622 in
647 3567 748 3636 quibus
767 3569 796 3621 in
815 3568 943 3621 oratione
959 3566 1073 3634 obliqua
1089 3583 1106 3618 a
1120 3566 1262 3634 praeteriti
1275 3570 1345 3619 tem·

258 3654 337 3722 poris
354 3653 441 3708 verbo
459 3670 596 3723 suspensa
614 3653 709 3722 aliqua
726 3658 770 3708 est
786 3652 985 3718 inconstantia,
1003 3655 1064 3704 tum
1082 3668 1117 3705 ex
1134 3651 1178 3716 iis,
1196 3652 1226 3705 in
1244 3651 1345 3719 quibus

257 3737 356 3793 forme
378 3757 436 3795 una
456 3738 548 3794 voonli
573 3738 711 3793 distentos
733 3755 886 3809 possem,
913 3737 1056 3807 possim,
1080 3741 1209 3804 posset,
1232 3736 1345 3804 possit

258 3828 399 3894 perpetuo
416 3841 510 3880 erroro
527 3828 731 3895 permutantur.
771 3823 870 3893 Itaque
888 3824 973 3877 etiam
992 3823 1120 3892 proximo
1140 3822 1212 3874 libro
1232 3819 1344 3888 (XXVI)

260 3925 282 3963 o.
301 3910 348 3977 29,
371 3908 610 3976 IsWoissenb.,
633 3910 735 3964 esteris
759 3926 825 3963 sane
848 3908 1021 3973 tacentibus,
1045 3911 1165 3976 posset
1183 3905 1213 3959 in
1231 3905 1284 3959 hoo
1302 3905 1345 3958 rei

258 3992 334 4049 fietne
353 4000 382 4049 et
399 3996 469 4061 eius,
492 4012 556 4064 quse
573 4011 638 4049 vere
657 3996 703 4061 sit,
721 3995 940 4063 comparatione:
960 3994 1039 4046 si-
1057 3996 1183 4057 essent,
1201 4018 1235 4028 —
1253 3989 1345 4043 iutu-

259 4096 328 4135 ram
345 4079 580 4148 fuissentne,
597 4086 825 4150 ne-posset,
844 4097 909 4150 quo
927 4079 1042 4133 minus
1058 4080 1345 4145 -querantur,-

261 4165 347 4227 sint,
378 4165 406 4218 si
427 4192 461 4205 -
479 4165 640 4233 intersit,
666 4170 800 4220 mutare
828 4182 861 4219 se
888 4169 953 4230 oet,
984 4163 1144 4218 defenditur
1170 4162 1222 4228 ita,
1249 4165 1282 4213 ut
1308 4155 1345 4214 ad

262 4254 383 4304 essent
400 4249 440 4317 (iu
458 4252 601 4306 contrario
618 4251 744 4305 membro
753 4250 769 4318 ἔ)
790 4250 1034 4306 accommodatum
1053 4249 1171 4302 dicatur.
1213 4246 1341 4300 Scriben-

261 4333 327 4388 dum
346 4334 406 4389 sine
425 4336 482 4389 ulla
500 4335 679 4391 dubitatione
697 4337 818 4405 possit.
856 4334 914 4404 [Sio
933 4333 955 4387 Ι.
975 4333 1008 4386 H.
1027 4330 1162 4400 Vossius]

1081 4437 1114 4487 24
