<?xml version="1.0" encoding="UTF-8"?>
<!DOCTYPE html PUBLIC "-//W3C//DTD XHTML 1.0 Transitional//EN"
    "http://www.w3.org/TR/xhtml1/DTD/xhtml1-transitional.dtd">
<html xmlns="http://www.w3.org/1999/xhtml" xml:lang="en" lang="en">
 <head>
  <title>
</title>
<meta http-equiv="Content-Type" content="text/html;charset=utf-8" />
  <meta name='ocr-system' content='tesseract 3.04.00' />
  <meta name='ocr-capabilities' content='ocr_page ocr_carea ocr_par ocr_line ocrx_word'/>
</head>
<body>
  <div class='ocr_page' id='page_1' title='image "./emendationesliv00madvgoog_0583.png"; bbox 0 0 2994 5108; ppageno 0'>
   <div class='ocr_carea' id='block_1_1' title="bbox 208 484 814 548">
    <p class='ocr_par' dir='ltr' id='par_1_1' title="bbox 208 484 814 548">
     <span class='ocr_line' id='line_1_1' title="bbox 208 484 814 548; baseline -0.003 -1"><span class='ocrx_word' id='word_1_1' title='bbox 208 493 271 548; x_wconf 85' lang='lat' dir='ltr'><strong>Lib.</strong></span> <span class='ocrx_word' id='word_1_2' title='bbox 289 493 348 547; x_wconf 79' lang='lat' dir='ltr'><strong>XL.</strong></span> <span class='ocrx_word' id='word_1_3' title='bbox 753 484 814 545; x_wconf 82' lang='grc'><strong>568</strong></span> 
     </span>
    </p>
   </div>
   <div class='ocr_carea' id='block_1_2' title="bbox 119 663 1369 4407">
    <p class='ocr_par' dir='ltr' id='par_1_2' title="bbox 207 663 1369 1396">
     <span class='ocr_line' id='line_1_2' title="bbox 208 663 1365 753; baseline 0.004 -24"><span class='ocrx_word' id='word_1_4' title='bbox 208 666 285 729; x_wconf 90' lang='lat' dir='ltr'><strong>rint.</strong></span> <span class='ocrx_word' id='word_1_5' title='bbox 332 663 546 731; x_wconf 88' lang='lat' dir='ltr'><strong>Scribendum</strong></span> <span class='ocrx_word' id='word_1_6' title='bbox 579 668 682 750; x_wconf 86' lang='lat' dir='ltr'><strong>igitur</strong></span> <span class='ocrx_word' id='word_1_7' title='bbox 713 669 901 733; x_wconf 89' lang='lat' dir='ltr'><strong>necessario</strong></span> <span class='ocrx_word' id='word_1_8' title='bbox 923 674 988 733; x_wconf 89' lang='lat' dir='ltr'><strong>est:</strong></span> <span class='ocrx_word' id='word_1_9' title='bbox 1022 689 1092 751; x_wconf 90' lang='lat' dir='ltr'><strong>per</strong></span> <span class='ocrx_word' id='word_1_10' title='bbox 1119 670 1365 753; x_wconf 78' lang='lat' dir='ltr'><strong>quaomnia</strong></span> 
     </span>
     <span class='ocr_line' id='line_1_3' title="bbox 210 773 1368 857; baseline 0.001 -19"><span class='ocrx_word' id='word_1_11' title='bbox 210 795 250 838; x_wconf 88' lang='lat' dir='ltr'><strong>se</strong></span> <span class='ocrx_word' id='word_1_12' title='bbox 273 773 371 838; x_wconf 93' lang='lat' dir='ltr'><strong>mihi</strong></span> <span class='ocrx_word' id='word_1_13' title='bbox 394 794 529 857; x_wconf 92' lang='lat' dir='ltr'><strong>parem</strong></span> <span class='ocrx_word' id='word_1_14' title='bbox 551 773 590 838; x_wconf 91' lang='lat' dir='ltr'><strong>in</strong></span> <span class='ocrx_word' id='word_1_15' title='bbox 613 777 837 840; x_wconf 89' lang='lat' dir='ltr'><strong>certamine</strong></span> <span class='ocrx_word' id='word_1_16' title='bbox 867 797 945 842; x_wconf 91' lang='lat' dir='ltr'><strong>non</strong></span> <span class='ocrx_word' id='word_1_17' title='bbox 973 773 1156 841; x_wconf 86' lang='lat' dir='ltr'><strong>futurum</strong></span> <span class='ocrx_word' id='word_1_18' title='bbox 1183 775 1368 840; x_wconf 68' lang='lat' dir='ltr'><strong>credide·</strong></span> 
     </span>
     <span class='ocr_line' id='line_1_4' title="bbox 208 881 1362 968; baseline 0.006 -25"><span class='ocrx_word' id='word_1_19' title='bbox 208 881 286 946; x_wconf 75' lang='lat' dir='ltr'><strong>rln.</strong></span> <span class='ocrx_word' id='word_1_20' title='bbox 331 882 404 946; x_wconf 88' lang='lat' dir='ltr'><strong>Non</strong></span> <span class='ocrx_word' id='word_1_21' title='bbox 427 881 597 946; x_wconf 89' lang='lat' dir='ltr'><strong>intellecta</strong></span> <span class='ocrx_word' id='word_1_22' title='bbox 624 884 803 959; x_wconf 89' lang='lat' dir='ltr'><strong>sententia,</strong></span> <span class='ocrx_word' id='word_1_23' title='bbox 831 891 966 968; x_wconf 90' lang='lat' dir='ltr'><strong>propter</strong></span> <span class='ocrx_word' id='word_1_24' title='bbox 989 905 1169 967; x_wconf 85' lang='lat' dir='ltr'>pronomen</span> <span class='ocrx_word' id='word_1_25' title='bbox 1192 906 1236 950; x_wconf 89' lang='lat' dir='ltr'><strong>se</strong></span> <span class='ocrx_word' id='word_1_26' title='bbox 1259 884 1362 967; x_wconf 88' lang='lat' dir='ltr'><strong>(quod</strong></span> 
     </span>
     <span class='ocr_line' id='line_1_5' title="bbox 209 989 1366 1076; baseline 0 -22"><span class='ocrx_word' id='word_1_27' title='bbox 209 1011 249 1054; x_wconf 83' lang='lat' dir='ltr'><strong>ex</strong></span> <span class='ocrx_word' id='word_1_28' title='bbox 272 990 430 1055; x_wconf 88' lang='lat' dir='ltr'><strong>orationis</strong></span> <span class='ocrx_word' id='word_1_29' title='bbox 454 989 595 1074; x_wconf 79' lang='lat' dir='ltr'><strong>obliquae</strong></span> <span class='ocrx_word' id='word_1_30' title='bbox 617 990 689 1073; x_wconf 83' lang='lat' dir='ltr'><strong>lege</strong></span> <span class='ocrx_word' id='word_1_31' title='bbox 712 989 859 1074; x_wconf 89' lang='lat' dir='ltr'><strong>pouitur)</strong></span> <span class='ocrx_word' id='word_1_32' title='bbox 882 991 972 1056; x_wconf 84' lang='lat' dir='ltr'><strong>verbi</strong></span> <span class='ocrx_word' id='word_1_33' title='bbox 989 1012 1132 1076; x_wconf 89' lang='lat' dir='ltr'><strong>persona</strong></span> <span class='ocrx_word' id='word_1_34' title='bbox 1146 999 1279 1057; x_wconf 87' lang='lat' dir='ltr'><strong>mutata</strong></span> <span class='ocrx_word' id='word_1_35' title='bbox 1301 998 1366 1057; x_wconf 82' lang='lat' dir='ltr'><strong>est.</strong></span> 
     </span>
     <span class='ocr_line' id='line_1_6' title="bbox 209 1096 1369 1182; baseline 0.002 -20"><span class='ocrx_word' id='word_1_36' title='bbox 209 1096 284 1182; x_wconf 89' lang='lat' dir='ltr'><strong>[Vel</strong></span> <span class='ocrx_word' id='word_1_37' title='bbox 306 1096 488 1181; x_wconf 87' lang='lat' dir='ltr'><strong>perfectum</strong></span> <span class='ocrx_word' id='word_1_38' title='bbox 511 1105 642 1180; x_wconf 88' lang='lat' dir='ltr'><strong>tempus</strong></span> <span class='ocrx_word' id='word_1_39' title='bbox 669 1098 760 1163; x_wconf 83' lang='lat' dir='ltr'><strong>verbi</strong></span> <span class='ocrx_word' id='word_1_40' title='bbox 789 1100 869 1163; x_wconf 87' lang='lat' dir='ltr'><strong>satis</strong></span> <span class='ocrx_word' id='word_1_41' title='bbox 897 1098 1100 1164; x_wconf 88' lang='lat' dir='ltr'><strong>demonstrat</strong></span> <span class='ocrx_word' id='word_1_42' title='bbox 1129 1099 1170 1164; x_wconf 91' lang='lat' dir='ltr'><strong>de</strong></span> <span class='ocrx_word' id='word_1_43' title='bbox 1191 1099 1369 1165; x_wconf 75' lang='lat' dir='ltr'><strong>Demetrio</strong></span> 
     </span>
     <span class='ocr_line' id='line_1_7' title="bbox 207 1205 1368 1291; baseline -0.002 -19"><span class='ocrx_word' id='word_1_44' title='bbox 207 1207 271 1272; x_wconf 88' lang='lat' dir='ltr'><strong>boc</strong></span> <span class='ocrx_word' id='word_1_45' title='bbox 306 1205 384 1283; x_wconf 89' lang='lat' dir='ltr'><strong>dici,</strong></span> <span class='ocrx_word' id='word_1_46' title='bbox 412 1207 469 1286; x_wconf 90' lang='lat' dir='ltr'><strong>qui</strong></span> <span class='ocrx_word' id='word_1_47' title='bbox 502 1226 594 1286; x_wconf 90' lang='lat' dir='ltr'><strong>spem</strong></span> <span class='ocrx_word' id='word_1_48' title='bbox 622 1207 824 1289; x_wconf 82' lang='lat' dir='ltr'><strong>conceperit,</strong></span> <span class='ocrx_word' id='word_1_49' title='bbox 858 1227 924 1270; x_wconf 89' lang='lat' dir='ltr'><strong>non</strong></span> <span class='ocrx_word' id='word_1_50' title='bbox 953 1205 993 1270; x_wconf 90' lang='lat' dir='ltr'><strong>de</strong></span> <span class='ocrx_word' id='word_1_51' title='bbox 1020 1206 1156 1285; x_wconf 88' lang='lat' dir='ltr'><strong>Perseo,</strong></span> <span class='ocrx_word' id='word_1_52' title='bbox 1190 1208 1248 1291; x_wconf 87' lang='lat' dir='ltr'><strong>qui</strong></span> <span class='ocrx_word' id='word_1_53' title='bbox 1277 1226 1368 1272; x_wconf 89' lang='lat' dir='ltr'><strong>nuuc</strong></span> 
     </span>
     <span class='ocr_line' id='line_1_8' title="bbox 207 1311 345 1396; baseline -0.014 -16"><span class='ocrx_word' id='word_1_54' title='bbox 207 1311 345 1396; x_wconf 82' lang='lat' dir='ltr'><strong>credat]</strong></span> 
     </span>
    </p>

    <p class='ocr_par' dir='ltr' id='par_1_3' title="bbox 207 1419 1369 2041">
     <span class='ocr_line' id='line_1_9' title="bbox 294 1419 1366 1503; baseline 0.001 -18"><span class='ocrx_word' id='word_1_55' title='bbox 294 1419 372 1503; x_wconf 89' lang='lat' dir='ltr'><strong>Cap.</strong></span> <span class='ocrx_word' id='word_1_56' title='bbox 399 1423 446 1497; x_wconf 90' lang='grc'><strong>13,</strong></span> <span class='ocrx_word' id='word_1_57' title='bbox 472 1424 486 1482; x_wconf 95' lang='grc'>1</span> <span class='ocrx_word' id='word_1_58' title='bbox 513 1425 547 1483; x_wconf 87' lang='lat' dir='ltr'><strong>et</strong></span> <span class='ocrx_word' id='word_1_59' title='bbox 569 1424 587 1483; x_wconf 83' lang='lat'>2</span> <span class='ocrx_word' id='word_1_60' title='bbox 612 1420 660 1501; x_wconf 92' lang='lat' dir='ltr'><strong>(in</strong></span> <span class='ocrx_word' id='word_1_61' title='bbox 688 1420 801 1485; x_wconf 87' lang='lat' dir='ltr'><strong>eadem</strong></span> <span class='ocrx_word' id='word_1_62' title='bbox 831 1421 990 1486; x_wconf 77' lang='lat' dir='ltr'>Demetrii</span> <span class='ocrx_word' id='word_1_63' title='bbox 1017 1421 1194 1502; x_wconf 88' lang='lat' dir='ltr'><strong>oratione):</strong></span> <span class='ocrx_word' id='word_1_64' title='bbox 1227 1421 1366 1486; x_wconf 88' lang='lat' dir='ltr'><strong>Pluri-</strong></span> 
     </span>
     <span class='ocr_line' id='line_1_10' title="bbox 207 1527 1369 1611; baseline -0.003 -15"><span class='ocrx_word' id='word_1_65' title='bbox 207 1531 281 1596; x_wconf 89' lang='lat' dir='ltr'><strong>bus</strong></span> <span class='ocrx_word' id='word_1_66' title='bbox 303 1528 431 1594; x_wconf 88' lang='lat' dir='ltr'><strong>modis</strong></span> <span class='ocrx_word' id='word_1_67' title='bbox 455 1548 495 1590; x_wconf 89' lang='lat' dir='ltr'><strong>se</strong></span> <span class='ocrx_word' id='word_1_68' title='bbox 517 1527 690 1611; x_wconf 88' lang='lat' dir='ltr'><strong>petitum</strong></span> <span class='ocrx_word' id='word_1_69' title='bbox 713 1528 958 1593; x_wconf 83' lang='lat' dir='ltr'><strong>criminatus</strong></span> <span class='ocrx_word' id='word_1_70' title='bbox 982 1535 1056 1607; x_wconf 89' lang='lat' dir='ltr'><strong>est,</strong></span> <span class='ocrx_word' id='word_1_71' title='bbox 1082 1534 1122 1593; x_wconf 89' lang='lat' dir='ltr'><strong>et</strong></span> <span class='ocrx_word' id='word_1_72' title='bbox 1144 1549 1285 1594; x_wconf 88' lang='lat' dir='ltr'><strong>omnes</strong></span> <span class='ocrx_word' id='word_1_73' title='bbox 1308 1530 1369 1592; x_wconf 87' lang='lat' dir='ltr'><strong>in·</strong></span> 
     </span>
     <span class='ocr_line' id='line_1_11' title="bbox 207 1634 1362 1703; baseline -0.002 0"><span class='ocrx_word' id='word_1_74' title='bbox 207 1637 409 1703; x_wconf 89' lang='lat' dir='ltr'><strong>sidiarum</strong></span> <span class='ocrx_word' id='word_1_75' title='bbox 431 1635 518 1700; x_wconf 83' lang='lat' dir='ltr'><strong>vias</strong></span> <span class='ocrx_word' id='word_1_76' title='bbox 541 1636 574 1699; x_wconf 91' lang='lat' dir='ltr'><strong>in</strong></span> <span class='ocrx_word' id='word_1_77' title='bbox 598 1656 717 1699; x_wconf 91' lang='lat' dir='ltr'><strong>unum</strong></span> <span class='ocrx_word' id='word_1_78' title='bbox 739 1634 843 1699; x_wconf 86' lang='lat' dir='ltr'><strong>diem</strong></span> <span class='ocrx_word' id='word_1_79' title='bbox 865 1636 1055 1700; x_wconf 89' lang='lat' dir='ltr'><strong>contulit.</strong></span> <span class='ocrx_word' id='word_1_80' title='bbox 1084 1636 1206 1701; x_wconf 93' lang='lat' dir='ltr'><strong>Volui</strong></span> <span class='ocrx_word' id='word_1_81' title='bbox 1231 1637 1362 1701; x_wconf 89' lang='lat' dir='ltr'><strong>iuter-</strong></span> 
     </span>
     <span class='ocr_line' id='line_1_12' title="bbox 207 1743 1365 1826; baseline -0.002 -17"><span class='ocrx_word' id='word_1_82' title='bbox 207 1745 276 1810; x_wconf 86' lang='lat' dir='ltr'><strong>diu</strong></span> <span class='ocrx_word' id='word_1_83' title='bbox 299 1764 386 1808; x_wconf 90' lang='lat' dir='ltr'><strong>eum</strong></span> <span class='ocrx_word' id='word_1_84' title='bbox 409 1749 503 1826; x_wconf 92' lang='lat' dir='ltr'><strong>post</strong></span> <span class='ocrx_word' id='word_1_85' title='bbox 525 1743 832 1821; x_wconf 82' lang='lat' dir='ltr'><strong>lustrationem,</strong></span> <span class='ocrx_word' id='word_1_86' title='bbox 856 1763 972 1824; x_wconf 90' lang='lat' dir='ltr'><strong>quum</strong></span> <span class='ocrx_word' id='word_1_87' title='bbox 1003 1745 1303 1823; x_wconf 79' lang='lat' dir='ltr'><strong>concurrimus,</strong></span> <span class='ocrx_word' id='word_1_88' title='bbox 1325 1749 1365 1807; x_wconf 89' lang='lat' dir='ltr'><strong>et</strong></span> 
     </span>
     <span class='ocr_line' id='line_1_13' title="bbox 207 1849 1364 1936; baseline -0.002 -19"><span class='ocrx_word' id='word_1_89' title='bbox 207 1852 378 1936; x_wconf 90' lang='lat' dir='ltr'><strong>quidem,</strong></span> <span class='ocrx_word' id='word_1_90' title='bbox 402 1851 436 1915; x_wconf 92' lang='lat' dir='ltr'><strong>si</strong></span> <span class='ocrx_word' id='word_1_91' title='bbox 459 1850 539 1914; x_wconf 91' lang='lat' dir='ltr'><strong>diis</strong></span> <span class='ocrx_word' id='word_1_92' title='bbox 563 1850 710 1933; x_wconf 89' lang='lat' dir='ltr'><strong>placet,</strong></span> <span class='ocrx_word' id='word_1_93' title='bbox 733 1849 1030 1916; x_wconf 79' lang='lat' dir='ltr'><strong>lustrationum</strong></span> <span class='ocrx_word' id='word_1_94' title='bbox 1059 1850 1125 1914; x_wconf 90' lang='lat' dir='ltr'><strong>die</strong></span> <span class='ocrx_word' id='word_1_95' title='bbox 1148 1850 1364 1930; x_wconf 80' lang='lat' dir='ltr'><strong>occider03</strong></span> 
     </span>
     <span class='ocr_line' id='line_1_14' title="bbox 207 1956 1365 2041; baseline -0.003 -16"><span class='ocrx_word' id='word_1_96' title='bbox 207 1960 325 2039; x_wconf 66' lang='lat' dir='ltr'><strong>uolui,</strong></span> <span class='ocrx_word' id='word_1_97' title='bbox 359 1979 476 2041; x_wconf 88' lang='lat' dir='ltr'><strong>quum</strong></span> <span class='ocrx_word' id='word_1_98' title='bbox 510 1957 559 2022; x_wconf 93' lang='lat' dir='ltr'><strong>ad</strong></span> <span class='ocrx_word' id='word_1_99' title='bbox 592 1978 755 2023; x_wconf 90' lang='lat' dir='ltr'><strong>coenam</strong></span> <span class='ocrx_word' id='word_1_100' title='bbox 788 1959 975 2037; x_wconf 73' lang='lat' dir='ltr'><strong>invitavi,</strong></span> <span class='ocrx_word' id='word_1_101' title='bbox 1008 1978 1159 2023; x_wconf 83' lang='lat' dir='ltr'><strong>veneno</strong></span> <span class='ocrx_word' id='word_1_102' title='bbox 1195 1956 1365 2023; x_wconf 87' lang='lat' dir='ltr'><strong>scilicet</strong></span> 
     </span>
    </p>

    <p class='ocr_par' dir='ltr' id='par_1_4' title="bbox 119 2064 1368 4407">
     <span class='ocr_line' id='line_1_15' title="bbox 119 2064 1365 2148; baseline -0.006 -12"><span class='ocrx_word' id='word_1_103' title='bbox 119 2067 378 2145; x_wconf 76' lang='lat' dir='ltr'><strong>(4⁶3ltollere3</strong></span> <span class='ocrx_word' id='word_1_104' title='bbox 410 2064 533 2144; x_wconf 83' lang='lat' dir='ltr'><strong>volui,</strong></span> <span class='ocrx_word' id='word_1_105' title='bbox 567 2086 686 2148; x_wconf 91' lang='lat' dir='ltr'><strong>quum</strong></span> <span class='ocrx_word' id='word_1_106' title='bbox 719 2067 980 2131; x_wconf 82' lang='lat' dir='ltr'><strong>comissatum</strong></span> <span class='ocrx_word' id='word_1_107' title='bbox 1008 2066 1159 2148; x_wconf 81' lang='lat' dir='ltr'><strong>gladiis</strong></span> <span class='ocrx_word' id='word_1_108' title='bbox 1183 2064 1365 2130; x_wconf 81' lang='lat' dir='ltr'><strong>accincti</strong></span> 
     </span>
     <span class='ocr_line' id='line_1_16' title="bbox 206 2172 1368 2257; baseline -0.004 -15"><span class='ocrx_word' id='word_1_109' title='bbox 206 2197 266 2242; x_wconf 90' lang='lat' dir='ltr'><strong>me</strong></span> <span class='ocrx_word' id='word_1_110' title='bbox 295 2173 425 2239; x_wconf 87' lang='lat' dir='ltr'><strong>secuti</strong></span> <span class='ocrx_word' id='word_1_111' title='bbox 459 2181 566 2251; x_wconf 91' lang='lat' dir='ltr'><strong>sunt,</strong></span> <span class='ocrx_word' id='word_1_112' title='bbox 600 2173 708 2237; x_wconf 86' lang='lat' dir='ltr'><strong>ferro</strong></span> <span class='ocrx_word' id='word_1_113' title='bbox 741 2173 993 2238; x_wconf 80' lang='lat' dir='ltr'><strong>interficere,</strong></span> <span class='ocrx_word' id='word_1_114' title='bbox 1038 2173 1224 2257; x_wconf 88' lang='lat' dir='ltr'><strong>Descriptis</strong></span> <span class='ocrx_word' id='word_1_115' title='bbox 1254 2172 1368 2238; x_wconf 77' lang='lat' dir='ltr'><strong>tribus</strong></span> 
     </span>
     <span class='ocr_line' id='line_1_17' title="bbox 206 2280 1368 2365; baseline -0.003 -16"><span class='ocrx_word' id='word_1_116' title='bbox 206 2284 304 2350; x_wconf 91' lang='lat' dir='ltr'><strong>unius</strong></span> <span class='ocrx_word' id='word_1_117' title='bbox 327 2282 393 2346; x_wconf 88' lang='lat' dir='ltr'><strong>diei</strong></span> <span class='ocrx_word' id='word_1_118' title='bbox 415 2280 629 2363; x_wconf 88' lang='lat' dir='ltr'><strong>temporibus,</strong></span> <span class='ocrx_word' id='word_1_119' title='bbox 651 2280 857 2364; x_wconf 88' lang='lat' dir='ltr'><strong>ineptissime</strong></span> <span class='ocrx_word' id='word_1_120' title='bbox 879 2283 912 2345; x_wconf 92' lang='lat' dir='ltr'><strong>in</strong></span> <span class='ocrx_word' id='word_1_121' title='bbox 946 2283 1052 2365; x_wconf 89' lang='lat' dir='ltr'><strong>primo</strong></span> <span class='ocrx_word' id='word_1_122' title='bbox 1081 2280 1230 2345; x_wconf 91' lang='lat' dir='ltr'><strong>membro</strong></span> <span class='ocrx_word' id='word_1_123' title='bbox 1254 2280 1368 2364; x_wconf 88' lang='lat' dir='ltr'><strong>(post</strong></span> 
     </span>
     <span class='ocr_line' id='line_1_18' title="bbox 205 2388 1364 2470; baseline -0.004 -13"><span class='ocrx_word' id='word_1_124' title='bbox 205 2391 514 2465; x_wconf 84' lang='lat' dir='ltr'><strong>lustrationem,</strong></span> <span class='ocrx_word' id='word_1_125' title='bbox 551 2409 667 2470; x_wconf 93' lang='lat' dir='ltr'><strong>quum</strong></span> <span class='ocrx_word' id='word_1_126' title='bbox 705 2389 998 2470; x_wconf 85' lang='lat' dir='ltr'><strong>concurrimus)</strong></span> <span class='ocrx_word' id='word_1_127' title='bbox 1027 2388 1163 2454; x_wconf 87' lang='lat' dir='ltr'><strong>additur</strong></span> <span class='ocrx_word' id='word_1_128' title='bbox 1189 2395 1364 2470; x_wconf 87' lang='lat' dir='ltr'><strong>tamquam</strong></span> 
     </span>
     <span class='ocr_line' id='line_1_19' title="bbox 205 2494 1366 2580; baseline -0.003 -16"><span class='ocrx_word' id='word_1_129' title='bbox 205 2496 368 2564; x_wconf 89' lang='lat' dir='ltr'><strong>notabile:</strong></span> <span class='ocrx_word' id='word_1_130' title='bbox 393 2502 432 2560; x_wconf 89' lang='lat' dir='ltr'><strong>et</strong></span> <span class='ocrx_word' id='word_1_131' title='bbox 455 2494 623 2578; x_wconf 88' lang='lat' dir='ltr'><strong>quidem,</strong></span> <span class='ocrx_word' id='word_1_132' title='bbox 648 2496 680 2560; x_wconf 91' lang='lat' dir='ltr'><strong>si</strong></span> <span class='ocrx_word' id='word_1_133' title='bbox 704 2495 784 2560; x_wconf 91' lang='lat' dir='ltr'><strong>diis</strong></span> <span class='ocrx_word' id='word_1_134' title='bbox 807 2497 952 2580; x_wconf 90' lang='lat' dir='ltr'><strong>placet,</strong></span> <span class='ocrx_word' id='word_1_135' title='bbox 969 2496 1263 2561; x_wconf 88' lang='lat' dir='ltr'><strong>lustrationum</strong></span> <span class='ocrx_word' id='word_1_136' title='bbox 1286 2496 1366 2574; x_wconf 89' lang='lat' dir='ltr'><strong>die,</strong></span> 
     </span>
     <span class='ocr_line' id='line_1_20' title="bbox 206 2602 1364 2690; baseline -0.004 -18"><span class='ocrx_word' id='word_1_137' title='bbox 206 2605 300 2690; x_wconf 90' lang='lat' dir='ltr'><strong>quasi</strong></span> <span class='ocrx_word' id='word_1_138' title='bbox 323 2604 385 2670; x_wconf 91' lang='lat' dir='ltr'><strong>hoc</strong></span> <span class='ocrx_word' id='word_1_139' title='bbox 407 2604 504 2668; x_wconf 91' lang='lat' dir='ltr'><strong>huius</strong></span> <span class='ocrx_word' id='word_1_140' title='bbox 527 2602 664 2667; x_wconf 88' lang='lat' dir='ltr'><strong>membri</strong></span> <span class='ocrx_word' id='word_1_141' title='bbox 687 2604 856 2688; x_wconf 90' lang='lat' dir='ltr'><strong>proprium</strong></span> <span class='ocrx_word' id='word_1_142' title='bbox 880 2605 923 2669; x_wconf 89' lang='lat' dir='ltr'><strong>sit</strong></span> <span class='ocrx_word' id='word_1_143' title='bbox 945 2622 984 2668; x_wconf 95' lang='lat' dir='ltr'><strong>ac</strong></span> <span class='ocrx_word' id='word_1_144' title='bbox 1006 2624 1071 2668; x_wconf 89' lang='lat' dir='ltr'><strong>non</strong></span> <span class='ocrx_word' id='word_1_145' title='bbox 1094 2624 1187 2688; x_wconf 79' lang='lat' dir='ltr'><strong>aque</strong></span> <span class='ocrx_word' id='word_1_146' title='bbox 1211 2604 1256 2668; x_wconf 92' lang='lat' dir='ltr'><strong>ad</strong></span> <span class='ocrx_word' id='word_1_147' title='bbox 1279 2603 1364 2669; x_wconf 89' lang='lat' dir='ltr'><strong>alte-</strong></span> 
     </span>
     <span class='ocr_line' id='line_1_21' title="bbox 205 2709 1363 2794; baseline -0.001 -17"><span class='ocrx_word' id='word_1_148' title='bbox 205 2734 279 2777; x_wconf 93' lang='lat' dir='ltr'><strong>rum</strong></span> <span class='ocrx_word' id='word_1_149' title='bbox 303 2720 335 2776; x_wconf 90' lang='lat' dir='ltr'><strong>et</strong></span> <span class='ocrx_word' id='word_1_150' title='bbox 357 2712 491 2776; x_wconf 90' lang='lat' dir='ltr'><strong>tertium</strong></span> <span class='ocrx_word' id='word_1_151' title='bbox 515 2712 679 2793; x_wconf 87' lang='lat' dir='ltr'><strong>pertineat</strong></span> <span class='ocrx_word' id='word_1_152' title='bbox 707 2718 739 2774; x_wconf 90' lang='lat' dir='ltr'><strong>et</strong></span> <span class='ocrx_word' id='word_1_153' title='bbox 769 2712 865 2792; x_wconf 90' lang='lat' dir='ltr'><strong>quasi</strong></span> <span class='ocrx_word' id='word_1_154' title='bbox 887 2717 961 2794; x_wconf 92' lang='lat' dir='ltr'><strong>post</strong></span> <span class='ocrx_word' id='word_1_155' title='bbox 993 2709 1224 2775; x_wconf 88' lang='lat' dir='ltr'><strong>lustrationem</strong></span> <span class='ocrx_word' id='word_1_156' title='bbox 1253 2711 1363 2776; x_wconf 78' lang='lat' dir='ltr'><strong>cades</strong></span> 
     </span>
     <span class='ocr_line' id='line_1_22' title="bbox 205 2818 1364 2903; baseline -0.003 -17"><span class='ocrx_word' id='word_1_157' title='bbox 205 2820 276 2886; x_wconf 89' lang='lat' dir='ltr'><strong>lieri</strong></span> <span class='ocrx_word' id='word_1_158' title='bbox 299 2819 451 2903; x_wconf 81' lang='lat' dir='ltr'><strong>potuerit,</strong></span> <span class='ocrx_word' id='word_1_159' title='bbox 475 2819 537 2881; x_wconf 90' lang='lat' dir='ltr'><strong>nisi</strong></span> <span class='ocrx_word' id='word_1_160' title='bbox 561 2839 598 2881; x_wconf 91' lang='lat' dir='ltr'><strong>eo</strong></span> <span class='ocrx_word' id='word_1_161' title='bbox 623 2818 688 2895; x_wconf 88' lang='lat' dir='ltr'><strong>dic,</strong></span> <span class='ocrx_word' id='word_1_162' title='bbox 718 2839 781 2899; x_wconf 92' lang='lat' dir='ltr'><strong>quo</strong></span> <span class='ocrx_word' id='word_1_163' title='bbox 805 2819 959 2883; x_wconf 90' lang='lat' dir='ltr'><strong>lustratio</strong></span> <span class='ocrx_word' id='word_1_164' title='bbox 983 2821 1115 2883; x_wconf 90' lang='lat' dir='ltr'><strong>omnino</strong></span> <span class='ocrx_word' id='word_1_165' title='bbox 1139 2826 1237 2883; x_wconf 84' lang='lat' dir='ltr'><strong>esset.</strong></span> <span class='ocrx_word' id='word_1_166' title='bbox 1282 2818 1364 2883; x_wconf 89' lang='lat' dir='ltr'><strong>Per·</strong></span> 
     </span>
     <span class='ocr_line' id='line_1_23' title="bbox 205 2926 1364 3011; baseline -0.002 -19"><span class='ocrx_word' id='word_1_167' title='bbox 205 2930 355 3011; x_wconf 88' lang='lat' dir='ltr'><strong>spicuum</strong></span> <span class='ocrx_word' id='word_1_168' title='bbox 378 2933 429 2990; x_wconf 90' lang='lat' dir='ltr'><strong>est</strong></span> <span class='ocrx_word' id='word_1_169' title='bbox 451 2935 626 3007; x_wconf 77' lang='lat' dir='ltr'><strong>praeterea,</strong></span> <span class='ocrx_word' id='word_1_170' title='bbox 650 2946 749 3008; x_wconf 88' lang='lat' dir='ltr'><strong>quam</strong></span> <span class='ocrx_word' id='word_1_171' title='bbox 773 2928 887 2990; x_wconf 80' lang='lat' dir='ltr'><strong>vitiose</strong></span> <span class='ocrx_word' id='word_1_172' title='bbox 911 2926 1124 3010; x_wconf 88' lang='lat' dir='ltr'><strong>perturbetur</strong></span> <span class='ocrx_word' id='word_1_173' title='bbox 1152 2928 1227 3009; x_wconf 89' lang='lat' dir='ltr'><strong>ipsa</strong></span> <span class='ocrx_word' id='word_1_174' title='bbox 1250 2946 1364 3010; x_wconf 80' lang='lat' dir='ltr'><strong>requa-</strong></span> 
     </span>
     <span class='ocr_line' id='line_1_24' title="bbox 204 3032 1364 3116; baseline -0.002 -16"><span class='ocrx_word' id='word_1_175' title='bbox 204 3036 282 3100; x_wconf 89' lang='lat' dir='ltr'><strong>litas</strong></span> <span class='ocrx_word' id='word_1_176' title='bbox 304 3034 523 3098; x_wconf 88' lang='lat' dir='ltr'><strong>membrorum</strong></span> <span class='ocrx_word' id='word_1_177' title='bbox 548 3032 691 3096; x_wconf 89' lang='lat' dir='ltr'><strong>studiose</strong></span> <span class='ocrx_word' id='word_1_178' title='bbox 716 3036 853 3115; x_wconf 86' lang='lat' dir='ltr'><strong>quaesita</strong></span> <span class='ocrx_word' id='word_1_179' title='bbox 881 3036 914 3097; x_wconf 90' lang='lat' dir='ltr'><strong>in</strong></span> <span class='ocrx_word' id='word_1_180' title='bbox 937 3035 1082 3098; x_wconf 86' lang='lat' dir='ltr'><strong>notando</strong></span> <span class='ocrx_word' id='word_1_181' title='bbox 1106 3033 1230 3116; x_wconf 91' lang='lat' dir='ltr'><strong>triplici</strong></span> <span class='ocrx_word' id='word_1_182' title='bbox 1261 3034 1364 3098; x_wconf 80' lang='lat' dir='ltr'><strong>caedis</strong></span> 
     </span>
     <span class='ocr_line' id='line_1_25' title="bbox 205 3141 1365 3223; baseline -0.002 -15"><span class='ocrx_word' id='word_1_183' title='bbox 205 3151 326 3208; x_wconf 90' lang='lat' dir='ltr'><strong>conatu</strong></span> <span class='ocrx_word' id='word_1_184' title='bbox 345 3141 456 3223; x_wconf 91' lang='lat' dir='ltr'><strong>(post</strong></span> <span class='ocrx_word' id='word_1_185' title='bbox 478 3141 787 3218; x_wconf 88' lang='lat' dir='ltr'><strong>lustrationem,</strong></span> <span class='ocrx_word' id='word_1_186' title='bbox 805 3162 922 3222; x_wconf 89' lang='lat' dir='ltr'><strong>quum</strong></span> <span class='ocrx_word' id='word_1_187' title='bbox 941 3143 1236 3217; x_wconf 87' lang='lat' dir='ltr'><strong>concurrimus,</strong></span> <span class='ocrx_word' id='word_1_188' title='bbox 1256 3143 1365 3206; x_wconf 92' lang='lat' dir='ltr'><strong>occi·</strong></span> 
     </span>
     <span class='ocr_line' id='line_1_26' title="bbox 206 3248 1361 3328; baseline -0.001 -14"><span class='ocrx_word' id='word_1_189' title='bbox 206 3250 300 3314; x_wconf 90' lang='lat' dir='ltr'><strong>dere</strong></span> <span class='ocrx_word' id='word_1_190' title='bbox 343 3268 538 3328; x_wconf 90' lang='lat' dir='ltr'><strong>-quum</strong></span> <span class='ocrx_word' id='word_1_191' title='bbox 582 3248 632 3312; x_wconf 91' lang='lat' dir='ltr'><strong>ad</strong></span> <span class='ocrx_word' id='word_1_192' title='bbox 678 3268 812 3311; x_wconf 88' lang='lat' dir='ltr'><strong>cenam</strong></span> <span class='ocrx_word' id='word_1_193' title='bbox 864 3249 1051 3319; x_wconf 82' lang='lat' dir='ltr'><strong>invitavi,</strong></span> <span class='ocrx_word' id='word_1_194' title='bbox 1090 3270 1245 3313; x_wconf 85' lang='lat' dir='ltr'><strong>veneno</strong></span> <span class='ocrx_word' id='word_1_195' title='bbox 1280 3251 1361 3314; x_wconf 86' lang='lat' dir='ltr'><strong>sci·</strong></span> 
     </span>
     <span class='ocr_line' id='line_1_27' title="bbox 203 3355 1364 3438; baseline 0.001 -17"><span class='ocrx_word' id='word_1_196' title='bbox 203 3356 307 3421; x_wconf 90' lang='lat' dir='ltr'><strong>licet</strong></span> <span class='ocrx_word' id='word_1_197' title='bbox 328 3355 474 3420; x_wconf 89' lang='lat' dir='ltr'><strong>tollere</strong></span> <span class='ocrx_word' id='word_1_198' title='bbox 497 3390 540 3399; x_wconf 95' lang='lat'>—</span> <span class='ocrx_word' id='word_1_199' title='bbox 573 3376 689 3438; x_wconf 89' lang='lat' dir='ltr'><strong>quum</strong></span> <span class='ocrx_word' id='word_1_200' title='bbox 723 3358 1021 3420; x_wconf 87' lang='lat' dir='ltr'><strong>commissatum</strong></span> <span class='ocrx_word' id='word_1_201' title='bbox 1045 3355 1093 3437; x_wconf 88' lang='lat' dir='ltr'><strong>gl.</strong></span> <span class='ocrx_word' id='word_1_202' title='bbox 1117 3377 1197 3420; x_wconf 86' lang='lat' dir='ltr'><strong>acc.</strong></span> <span class='ocrx_word' id='word_1_203' title='bbox 1223 3378 1281 3421; x_wconf 90' lang='lat' dir='ltr'><strong>me</strong></span> <span class='ocrx_word' id='word_1_204' title='bbox 1305 3378 1364 3422; x_wconf 90' lang='lat' dir='ltr'><strong>se·</strong></span> 
     </span>
     <span class='ocr_line' id='line_1_28' title="bbox 205 3462 1362 3546; baseline 0.003 -19"><span class='ocrx_word' id='word_1_205' title='bbox 205 3465 289 3528; x_wconf 88' lang='lat' dir='ltr'><strong>cuti</strong></span> <span class='ocrx_word' id='word_1_206' title='bbox 320 3468 426 3540; x_wconf 89' lang='lat' dir='ltr'><strong>sunt,</strong></span> <span class='ocrx_word' id='word_1_207' title='bbox 455 3462 563 3527; x_wconf 88' lang='lat' dir='ltr'><strong>ferro</strong></span> <span class='ocrx_word' id='word_1_208' title='bbox 593 3462 848 3542; x_wconf 85' lang='lat' dir='ltr'><strong>interlicere,</strong></span> <span class='ocrx_word' id='word_1_209' title='bbox 873 3465 936 3527; x_wconf 91' lang='lat' dir='ltr'><strong>nisi</strong></span> <span class='ocrx_word' id='word_1_210' title='bbox 960 3464 1047 3544; x_wconf 89' lang='lat' dir='ltr'><strong>quod</strong></span> <span class='ocrx_word' id='word_1_211' title='bbox 1070 3465 1103 3527; x_wconf 92' lang='lat' dir='ltr'><strong>in</strong></span> <span class='ocrx_word' id='word_1_212' title='bbox 1127 3465 1236 3546; x_wconf 89' lang='lat' dir='ltr'><strong>primo</strong></span> <span class='ocrx_word' id='word_1_213' title='bbox 1260 3486 1362 3530; x_wconf 90' lang='lat' dir='ltr'><strong>mem·</strong></span> 
     </span>
     <span class='ocr_line' id='line_1_29' title="bbox 203 3568 1362 3653; baseline -0.001 -18"><span class='ocrx_word' id='word_1_214' title='bbox 203 3571 264 3636; x_wconf 91' lang='lat' dir='ltr'><strong>bro</strong></span> <span class='ocrx_word' id='word_1_215' title='bbox 289 3568 459 3635; x_wconf 87' lang='lat' dir='ltr'><strong>occidendi</strong></span> <span class='ocrx_word' id='word_1_216' title='bbox 483 3570 598 3632; x_wconf 89' lang='lat' dir='ltr'><strong>modus</strong></span> <span class='ocrx_word' id='word_1_217' title='bbox 622 3569 826 3652; x_wconf 84' lang='lat' dir='ltr'><strong>significatur</strong></span> <span class='ocrx_word' id='word_1_218' title='bbox 847 3572 918 3653; x_wconf 91' lang='lat' dir='ltr'><strong>ipso</strong></span> <span class='ocrx_word' id='word_1_219' title='bbox 941 3580 1090 3652; x_wconf 89' lang='lat' dir='ltr'><strong>tempore</strong></span> <span class='ocrx_word' id='word_1_220' title='bbox 1113 3590 1152 3633; x_wconf 89' lang='lat' dir='ltr'><strong>ac</strong></span> <span class='ocrx_word' id='word_1_221' title='bbox 1175 3580 1362 3636; x_wconf 89' lang='lat' dir='ltr'><strong>momento:</strong></span> 
     </span>
     <span class='ocr_line' id='line_1_30' title="bbox 204 3676 1363 3761; baseline 0.003 -20"><span class='ocrx_word' id='word_1_222' title='bbox 204 3699 323 3760; x_wconf 90' lang='lat' dir='ltr'><strong>quum</strong></span> <span class='ocrx_word' id='word_1_223' title='bbox 358 3678 661 3759; x_wconf 84' lang='lat' dir='ltr'><strong>concurrimus).</strong></span> <span class='ocrx_word' id='word_1_224' title='bbox 714 3676 778 3741; x_wconf 87' lang='lat' dir='ltr'><strong>Sed</strong></span> <span class='ocrx_word' id='word_1_225' title='bbox 818 3700 890 3761; x_wconf 86' lang='lat' dir='ltr'><strong>quae</strong></span> <span class='ocrx_word' id='word_1_226' title='bbox 929 3677 1004 3741; x_wconf 88' lang='lat' dir='ltr'><strong>binc</strong></span> <span class='ocrx_word' id='word_1_227' title='bbox 1044 3678 1248 3743; x_wconf 88' lang='lat' dir='ltr'><strong>alienissima</strong></span> <span class='ocrx_word' id='word_1_228' title='bbox 1282 3686 1363 3744; x_wconf 90' lang='lat' dir='ltr'><strong>sunt</strong></span> 
     </span>
     <span class='ocr_line' id='line_1_31' title="bbox 203 3784 1363 3868; baseline 0.003 -20"><span class='ocrx_word' id='word_1_229' title='bbox 203 3784 320 3849; x_wconf 75' lang='lat' dir='ltr'><strong>rerba:</strong></span> <span class='ocrx_word' id='word_1_230' title='bbox 344 3792 382 3849; x_wconf 91' lang='lat' dir='ltr'><strong>et</strong></span> <span class='ocrx_word' id='word_1_231' title='bbox 406 3784 576 3865; x_wconf 88' lang='lat' dir='ltr'><strong>quidem,</strong></span> <span class='ocrx_word' id='word_1_232' title='bbox 601 3807 625 3849; x_wconf 90' lang='lat' dir='ltr'><strong>s.</strong></span> <span class='ocrx_word' id='word_1_233' title='bbox 651 3784 680 3848; x_wconf 91' lang='lat' dir='ltr'><strong>d.</strong></span> <span class='ocrx_word' id='word_1_234' title='bbox 705 3785 765 3868; x_wconf 89' lang='lat' dir='ltr'><strong>pl,</strong></span> <span class='ocrx_word' id='word_1_235' title='bbox 789 3785 1086 3849; x_wconf 89' lang='lat' dir='ltr'><strong>lustrationum</strong></span> <span class='ocrx_word' id='word_1_236' title='bbox 1109 3785 1189 3863; x_wconf 90' lang='lat' dir='ltr'><strong>die,</strong></span> <span class='ocrx_word' id='word_1_237' title='bbox 1214 3807 1271 3865; x_wconf 88' lang='lat' dir='ltr'><strong>ea,</strong></span> <span class='ocrx_word' id='word_1_238' title='bbox 1294 3807 1363 3852; x_wconf 86' lang='lat' dir='ltr'><strong>uua</strong></span> 
     </span>
     <span class='ocr_line' id='line_1_32' title="bbox 203 3890 1361 3976; baseline 0.002 -20"><span class='ocrx_word' id='word_1_239' title='bbox 203 3892 318 3958; x_wconf 87' lang='lat' dir='ltr'><strong>addita</strong></span> <span class='ocrx_word' id='word_1_240' title='bbox 351 3892 473 3956; x_wconf 90' lang='lat' dir='ltr'><strong>lineola</strong></span> <span class='ocrx_word' id='word_1_241' title='bbox 503 3890 645 3971; x_wconf 87' lang='lat' dir='ltr'><strong>(diem),</strong></span> <span class='ocrx_word' id='word_1_242' title='bbox 680 3893 850 3974; x_wconf 88' lang='lat' dir='ltr'><strong>aptissima</strong></span> <span class='ocrx_word' id='word_1_243' title='bbox 878 3899 974 3956; x_wconf 90' lang='lat' dir='ltr'><strong>erunt</strong></span> <span class='ocrx_word' id='word_1_244' title='bbox 1002 3893 1101 3976; x_wconf 88' lang='lat' dir='ltr'><strong>paulo</strong></span> <span class='ocrx_word' id='word_1_245' title='bbox 1130 3900 1225 3972; x_wconf 90' lang='lat' dir='ltr'><strong>ante,</strong></span> <span class='ocrx_word' id='word_1_246' title='bbox 1260 3900 1300 3958; x_wconf 89' lang='lat' dir='ltr'><strong>ut</strong></span> <span class='ocrx_word' id='word_1_247' title='bbox 1328 3895 1361 3958; x_wconf 92' lang='lat' dir='ltr'><strong>in</strong></span> 
     </span>
     <span class='ocr_line' id='line_1_33' title="bbox 201 3999 1361 4066; baseline 0.001 -1"><span class='ocrx_word' id='word_1_248' title='bbox 201 4020 303 4065; x_wconf 89' lang='lat' dir='ltr'><strong>unum</strong></span> <span class='ocrx_word' id='word_1_249' title='bbox 327 4000 414 4065; x_wconf 87' lang='lat' dir='ltr'><strong>diem</strong></span> <span class='ocrx_word' id='word_1_250' title='bbox 437 4007 471 4063; x_wconf 86' lang='lat' dir='ltr'><strong>et</strong></span> <span class='ocrx_word' id='word_1_251' title='bbox 498 4001 531 4063; x_wconf 90' lang='lat' dir='ltr'><strong>in</strong></span> <span class='ocrx_word' id='word_1_252' title='bbox 560 3999 645 4062; x_wconf 87' lang='lat' dir='ltr'><strong>diem</strong></span> <span class='ocrx_word' id='word_1_253' title='bbox 674 4001 753 4062; x_wconf 87' lang='lat' dir='ltr'><strong>mire</strong></span> <span class='ocrx_word' id='word_1_254' title='bbox 788 3999 951 4064; x_wconf 87' lang='lat' dir='ltr'><strong>delectum</strong></span> <span class='ocrx_word' id='word_1_255' title='bbox 979 4008 1045 4065; x_wconf 89' lang='lat' dir='ltr'><strong>tres</strong></span> <span class='ocrx_word' id='word_1_256' title='bbox 1075 4006 1214 4065; x_wconf 89' lang='lat' dir='ltr'><strong>conatus</strong></span> <span class='ocrx_word' id='word_1_257' title='bbox 1247 4001 1361 4066; x_wconf 88' lang='lat' dir='ltr'><strong>collati</strong></span> 
     </span>
     <span class='ocr_line' id='line_1_34' title="bbox 202 4106 1362 4174; baseline 0.003 -4"><span class='ocrx_word' id='word_1_258' title='bbox 202 4108 369 4172; x_wconf 90' lang='lat' dir='ltr'><strong>dicantur:</strong></span> <span class='ocrx_word' id='word_1_259' title='bbox 404 4128 540 4172; x_wconf 88' lang='lat' dir='ltr'><strong>omnes</strong></span> <span class='ocrx_word' id='word_1_260' title='bbox 564 4106 810 4171; x_wconf 90' lang='lat' dir='ltr'><strong>insidiarum</strong></span> <span class='ocrx_word' id='word_1_261' title='bbox 843 4109 928 4171; x_wconf 79' lang='lat' dir='ltr'><strong>vias</strong></span> <span class='ocrx_word' id='word_1_262' title='bbox 958 4110 997 4172; x_wconf 95' lang='lat' dir='ltr'><strong>in</strong></span> <span class='ocrx_word' id='word_1_263' title='bbox 1027 4128 1145 4172; x_wconf 92' lang='lat' dir='ltr'><strong>unum</strong></span> <span class='ocrx_word' id='word_1_264' title='bbox 1172 4110 1362 4174; x_wconf 90' lang='lat' dir='ltr'><strong>contulit</strong></span> 
     </span>
     <span class='ocr_line' id='line_1_35' title="bbox 202 4213 1360 4297; baseline 0.003 -21"><span class='ocrx_word' id='word_1_265' title='bbox 202 4213 317 4293; x_wconf 89' lang='lat' dir='ltr'><strong>diem,</strong></span> <span class='ocrx_word' id='word_1_266' title='bbox 341 4220 379 4278; x_wconf 88' lang='lat' dir='ltr'><strong>et</strong></span> <span class='ocrx_word' id='word_1_267' title='bbox 403 4215 569 4297; x_wconf 89' lang='lat' dir='ltr'><strong>quidem,</strong></span> <span class='ocrx_word' id='word_1_268' title='bbox 593 4216 626 4278; x_wconf 91' lang='lat' dir='ltr'><strong>si</strong></span> <span class='ocrx_word' id='word_1_269' title='bbox 651 4214 728 4278; x_wconf 88' lang='lat' dir='ltr'><strong>diis</strong></span> <span class='ocrx_word' id='word_1_270' title='bbox 751 4214 894 4297; x_wconf 89' lang='lat' dir='ltr'><strong>p&#39;lacet,</strong></span> <span class='ocrx_word' id='word_1_271' title='bbox 917 4215 1217 4281; x_wconf 88' lang='lat' dir='ltr'><strong>lustrationum</strong></span> <span class='ocrx_word' id='word_1_272' title='bbox 1242 4216 1360 4281; x_wconf 88' lang='lat' dir='ltr'><strong>diem.</strong></span> 
     </span>
     <span class='ocr_line' id='line_1_36' title="bbox 202 4320 1362 4407; baseline 0.003 -23"><span class='ocrx_word' id='word_1_273' title='bbox 202 4320 321 4385; x_wconf 91' lang='lat' dir='ltr'><strong>Volui</strong></span> <span class='ocrx_word' id='word_1_274' title='bbox 343 4322 527 4385; x_wconf 88' lang='lat' dir='ltr'><strong>interdiu</strong></span> <span class='ocrx_word' id='word_1_275' title='bbox 551 4342 635 4385; x_wconf 87' lang='lat' dir='ltr'><strong>eum</strong></span> <span class='ocrx_word' id='word_1_276' title='bbox 659 4329 753 4403; x_wconf 89' lang='lat' dir='ltr'><strong>post</strong></span> <span class='ocrx_word' id='word_1_277' title='bbox 775 4322 1087 4401; x_wconf 88' lang='lat' dir='ltr'><strong>lustrationem,</strong></span> <span class='ocrx_word' id='word_1_278' title='bbox 1116 4345 1236 4407; x_wconf 91' lang='lat' dir='ltr'><strong>quum</strong></span> <span class='ocrx_word' id='word_1_279' title='bbox 1265 4345 1362 4388; x_wconf 89' lang='lat' dir='ltr'><strong>con-</strong></span> 
     </span>
    </p>
   </div>
   <div class='ocr_carea' id='block_1_3' title="bbox 0 0 1502 5108">
    <p class='ocr_par' dir='ltr' id='par_1_5' title="bbox 0 0 1502 5108">
     <span class='ocr_line' id='line_1_37' title="bbox 0 0 1502 5108; baseline 0 1"><span class='ocrx_word' id='word_1_280' title='bbox 0 0 1502 5108; x_wconf 95' lang='lat' dir='ltr'><strong> </strong></span> 
     </span>
    </p>
   </div>
  </div>
 </body>
</html>
