<?xml version="1.0" encoding="UTF-8"?>
<!DOCTYPE html PUBLIC "-//W3C//DTD XHTML 1.0 Transitional//EN"
    "http://www.w3.org/TR/xhtml1/DTD/xhtml1-transitional.dtd">
<html xmlns="http://www.w3.org/1999/xhtml" xml:lang="en" lang="en">
 <head>
  <title>
</title>
<meta http-equiv="Content-Type" content="text/html;charset=utf-8" />
  <meta name='ocr-system' content='tesseract 3.04.00' />
  <meta name='ocr-capabilities' content='ocr_page ocr_carea ocr_par ocr_line ocrx_word'/>
</head>
<body>
  <div class='ocr_page' id='page_1' title='image "./emendationesliv00madvgoog_0461.png"; bbox 0 0 2994 5108; ppageno 0'>
   <div class='ocr_carea' id='block_1_1' title="bbox 705 438 767 498">
    <p class='ocr_par' dir='ltr' id='par_1_1' title="bbox 705 438 767 498">
     <span class='ocr_line' id='line_1_1' title="bbox 705 438 767 498; baseline 0.016 -1"><span class='ocrx_word' id='word_1_1' title='bbox 705 438 767 498; x_wconf 78' lang='lat'>452</span> 
     </span>
    </p>
   </div>
   <div class='ocr_carea' id='block_1_2' title="bbox 88 607 1312 4346">
    <p class='ocr_par' dir='ltr' id='par_1_2' title="bbox 88 607 1312 4346">
     <span class='ocr_line' id='line_1_2' title="bbox 160 607 1311 704; baseline 0.002 -20"><span class='ocrx_word' id='word_1_2' title='bbox 160 620 246 685; x_wconf 91' lang='lat' dir='ltr'>dicia</span> <span class='ocrx_word' id='word_1_3' title='bbox 268 619 420 684; x_wconf 81' lang='lat' dir='ltr'>habuisse</span> <span class='ocrx_word' id='word_1_4' title='bbox 444 626 477 684; x_wconf 89' lang='lat' dir='ltr'>et</span> <span class='ocrx_word' id='word_1_5' title='bbox 499 640 521 683; x_wconf 91' lang='lat' dir='ltr'>a</span> <span class='ocrx_word' id='word_1_6' title='bbox 543 620 693 686; x_wconf 76' lang='lat' dir='ltr'>noviciis.</span> <span class='ocrx_word' id='word_1_7' title='bbox 723 607 804 701; x_wconf 88' lang='lat' dir='ltr'>quos</span> <span class='ocrx_word' id='word_1_8' title='bbox 826 623 949 688; x_wconf 88' lang='lat' dir='ltr'>multos</span> <span class='ocrx_word' id='word_1_9' title='bbox 972 627 1171 696; x_wconf 85' lang='lat' dir='ltr'>tractarunt,</span> <span class='ocrx_word' id='word_1_10' title='bbox 1200 622 1311 704; x_wconf 87' lang='lat' dir='ltr'>specie</span> 
     </span>
     <span class='ocr_line' id='line_1_3' title="bbox 159 727 1312 811; baseline 0.001 -19"><span class='ocrx_word' id='word_1_11' title='bbox 159 736 192 792; x_wconf 90' lang='lat' dir='ltr'>et</span> <span class='ocrx_word' id='word_1_12' title='bbox 220 729 391 810; x_wconf 86' lang='lat' dir='ltr'>scripturae</span> <span class='ocrx_word' id='word_1_13' title='bbox 419 748 538 810; x_wconf 84' lang='lat' dir='ltr'>genere</span> <span class='ocrx_word' id='word_1_14' title='bbox 561 734 722 791; x_wconf 89' lang='lat' dir='ltr'>remotum</span> <span class='ocrx_word' id='word_1_15' title='bbox 745 728 849 794; x_wconf 83' lang='lat' dir='ltr'>fuisse</span> <span class='ocrx_word' id='word_1_16' title='bbox 872 736 1052 806; x_wconf 78' lang='lat' dir='ltr'>testantur,</span> <span class='ocrx_word' id='word_1_17' title='bbox 1087 727 1312 811; x_wconf 84' lang='lat' dir='ltr'>compluribus</span> 
     </span>
     <span class='ocr_line' id='line_1_4' title="bbox 159 832 1312 919; baseline 0 -19"><span class='ocrx_word' id='word_1_18' title='bbox 159 843 247 900; x_wconf 87' lang='lat' dir='ltr'>certe</span> <span class='ocrx_word' id='word_1_19' title='bbox 270 833 398 900; x_wconf 85' lang='lat' dir='ltr'>saeeulis</span> <span class='ocrx_word' id='word_1_20' title='bbox 421 840 498 899; x_wconf 88' lang='lat' dir='ltr'>ante</span> <span class='ocrx_word' id='word_1_21' title='bbox 522 836 678 919; x_wconf 89' lang='lat' dir='ltr'>scriptum</span> <span class='ocrx_word' id='word_1_22' title='bbox 694 832 819 916; x_wconf 68' lang='lat' dir='ltr'>fuisse,</span> <span class='ocrx_word' id='word_1_23' title='bbox 853 858 951 919; x_wconf 90' lang='lat' dir='ltr'>quam</span> <span class='ocrx_word' id='word_1_24' title='bbox 977 836 1143 901; x_wconf 78' lang='lat' dir='ltr'>recentior</span> <span class='ocrx_word' id='word_1_25' title='bbox 1170 834 1229 899; x_wconf 85' lang='lat' dir='ltr'>illa</span> <span class='ocrx_word' id='word_1_26' title='bbox 1258 856 1312 900; x_wconf 91' lang='lat' dir='ltr'>co·</span> 
     </span>
     <span class='ocr_line' id='line_1_5' title="bbox 158 941 1312 1027; baseline 0 -19"><span class='ocrx_word' id='word_1_27' title='bbox 158 944 266 1008; x_wconf 63' lang='lat' dir='ltr'>«ficum</span> <span class='ocrx_word' id='word_1_28' title='bbox 295 943 564 1024; x_wconf 84' lang='lat' dir='ltr'>corrigendorum</span> <span class='ocrx_word' id='word_1_29' title='bbox 593 950 626 1006; x_wconf 90' lang='lat' dir='ltr'>et</span> <span class='ocrx_word' id='word_1_30' title='bbox 654 941 789 1007; x_wconf 86' lang='lat' dir='ltr'>lacunas</span> <span class='ocrx_word' id='word_1_31' title='bbox 819 943 969 1027; x_wconf 85' lang='lat' dir='ltr'>explendi</span> <span class='ocrx_word' id='word_1_32' title='bbox 998 943 1202 1009; x_wconf 85' lang='lat' dir='ltr'>consuetudo</span> <span class='ocrx_word' id='word_1_33' title='bbox 1231 949 1312 1008; x_wconf 87' lang='lat' dir='ltr'>nata</span> 
     </span>
     <span class='ocr_line' id='line_1_6' title="bbox 157 1050 1312 1134; baseline -0.001 -18"><span class='ocrx_word' id='word_1_34' title='bbox 157 1053 215 1129; x_wconf 86' lang='lat' dir='ltr'>sit,</span> <span class='ocrx_word' id='word_1_35' title='bbox 243 1051 422 1133; x_wconf 87' lang='lat' dir='ltr'>superioris</span> <span class='ocrx_word' id='word_1_36' title='bbox 444 1057 556 1114; x_wconf 84' lang='lat' dir='ltr'>autem</span> <span class='ocrx_word' id='word_1_37' title='bbox 579 1051 735 1133; x_wconf 88' lang='lat' dir='ltr'>temporis</span> <span class='ocrx_word' id='word_1_38' title='bbox 757 1050 1058 1134; x_wconf 79' lang='lat' dir='ltr'>interpolationem,</span> <span class='ocrx_word' id='word_1_39' title='bbox 1086 1071 1186 1134; x_wconf 84' lang='lat' dir='ltr'>quarn</span> <span class='ocrx_word' id='word_1_40' title='bbox 1209 1050 1312 1115; x_wconf 88' lang='lat' dir='ltr'>etiam</span> 
     </span>
     <span class='ocr_line' id='line_1_7' title="bbox 156 1156 1310 1241; baseline 0.001 -19"><span class='ocrx_word' id='word_1_41' title='bbox 156 1158 402 1240; x_wconf 87' lang='lat' dir='ltr'>antiquissimos</span> <span class='ocrx_word' id='word_1_42' title='bbox 431 1156 562 1222; x_wconf 90' lang='lat' dir='ltr'>codices</span> <span class='ocrx_word' id='word_1_43' title='bbox 586 1156 638 1220; x_wconf 89' lang='lat' dir='ltr'>bic</span> <span class='ocrx_word' id='word_1_44' title='bbox 661 1157 729 1221; x_wconf 93' lang='lat' dir='ltr'>illic</span> <span class='ocrx_word' id='word_1_45' title='bbox 751 1158 900 1240; x_wconf 80' lang='lat' dir='ltr'>attigisse</span> <span class='ocrx_word' id='word_1_46' title='bbox 923 1178 1009 1240; x_wconf 84' lang='lat' dir='ltr'>saepe</span> <span class='ocrx_word' id='word_1_47' title='bbox 1033 1160 1184 1241; x_wconf 81' lang='lat' dir='ltr'>exposui,</span> <span class='ocrx_word' id='word_1_48' title='bbox 1212 1157 1310 1241; x_wconf 86' lang='lat' dir='ltr'>longe</span> 
     </span>
     <span class='ocr_line' id='line_1_8' title="bbox 155 1263 1310 1348; baseline 0.002 -20"><span class='ocrx_word' id='word_1_49' title='bbox 155 1265 240 1329; x_wconf 90' lang='lat' dir='ltr'>alius</span> <span class='ocrx_word' id='word_1_50' title='bbox 261 1265 389 1347; x_wconf 86' lang='lat' dir='ltr'>generis</span> <span class='ocrx_word' id='word_1_51' title='bbox 411 1263 526 1343; x_wconf 85' lang='lat' dir='ltr'>fuisse,</span> <span class='ocrx_word' id='word_1_52' title='bbox 561 1265 743 1348; x_wconf 88' lang='lat' dir='ltr'>simplicem</span> <span class='ocrx_word' id='word_1_53' title='bbox 766 1272 799 1329; x_wconf 90' lang='lat' dir='ltr'>et</span> <span class='ocrx_word' id='word_1_54' title='bbox 821 1265 952 1337; x_wconf 82' lang='lat' dir='ltr'>rudem,</span> <span class='ocrx_word' id='word_1_55' title='bbox 981 1266 1111 1347; x_wconf 88' lang='lat' dir='ltr'>qualern</span> <span class='ocrx_word' id='word_1_56' title='bbox 1133 1266 1165 1327; x_wconf 91' lang='lat' dir='ltr'>in</span> <span class='ocrx_word' id='word_1_57' title='bbox 1189 1264 1310 1330; x_wconf 86' lang='lat' dir='ltr'>Emen-</span> 
     </span>
     <span class='ocr_line' id='line_1_9' title="bbox 88 1370 1307 1456; baseline -0.001 -20"><span class='ocrx_word' id='word_1_58' title='bbox 88 1405 89 1408; x_wconf 36' lang='lat'>¹</span> <span class='ocrx_word' id='word_1_59' title='bbox 155 1371 345 1436; x_wconf 88' lang='lat' dir='ltr'>dationibus</span> <span class='ocrx_word' id='word_1_60' title='bbox 376 1371 519 1435; x_wconf 77' lang='lat' dir='ltr'>Liuianis</span> <span class='ocrx_word' id='word_1_61' title='bbox 553 1372 664 1435; x_wconf 91' lang='lat' dir='ltr'>multis</span> <span class='ocrx_word' id='word_1_62' title='bbox 692 1370 774 1435; x_wconf 92' lang='lat' dir='ltr'>locis</span> <span class='ocrx_word' id='word_1_63' title='bbox 804 1372 996 1436; x_wconf 82' lang='lat' dir='ltr'>adumbravi</span> <span class='ocrx_word' id='word_1_64' title='bbox 1028 1371 1072 1455; x_wconf 83' lang='lat' dir='ltr'>(p.</span> <span class='ocrx_word' id='word_1_65' title='bbox 1106 1375 1159 1448; x_wconf 84' lang='lat'>13,</span> <span class='ocrx_word' id='word_1_66' title='bbox 1191 1376 1249 1451; x_wconf 87' lang='grc'>14,</span> <span class='ocrx_word' id='word_1_67' title='bbox 1274 1394 1307 1456; x_wconf 89' lang='lat' dir='ltr'>p.</span> 
     </span>
     <span class='ocr_line' id='line_1_10' title="bbox 154 1477 1308 1562; baseline 0.003 -22"><span class='ocrx_word' id='word_1_68' title='bbox 154 1483 232 1558; x_wconf 70' lang='lat'>208,</span> <span class='ocrx_word' id='word_1_69' title='bbox 266 1482 459 1562; x_wconf 64' lang='grc'><strong>1133611,</strong></span> <span class='ocrx_word' id='word_1_70' title='bbox 488 1479 545 1556; x_wconf 81' lang='lat' dir='ltr'>al,</span> <span class='ocrx_word' id='word_1_71' title='bbox 580 1479 620 1543; x_wconf 90' lang='lat' dir='ltr'>de</span> <span class='ocrx_word' id='word_1_72' title='bbox 655 1477 752 1542; x_wconf 90' lang='lat' dir='ltr'>huius</span> <span class='ocrx_word' id='word_1_73' title='bbox 787 1485 896 1543; x_wconf 88' lang='lat' dir='ltr'>autom</span> <span class='ocrx_word' id='word_1_74' title='bbox 924 1480 1026 1561; x_wconf 90' lang='lat' dir='ltr'>ipsius</span> <span class='ocrx_word' id='word_1_75' title='bbox 1056 1478 1189 1543; x_wconf 88' lang='lat' dir='ltr'>decadis</span> <span class='ocrx_word' id='word_1_76' title='bbox 1217 1479 1308 1544; x_wconf 90' lang='lat' dir='ltr'>codi-</span> 
     </span>
     <span class='ocr_line' id='line_1_11' title="bbox 154 1586 1307 1670; baseline 0.001 -20"><span class='ocrx_word' id='word_1_77' title='bbox 154 1587 247 1650; x_wconf 92' lang='lat' dir='ltr'>cibus</span> <span class='ocrx_word' id='word_1_78' title='bbox 283 1609 313 1669; x_wconf 90' lang='lat' dir='ltr'>p.</span> <span class='ocrx_word' id='word_1_79' title='bbox 344 1590 403 1650; x_wconf 76' lang='lat'>401</span> <span class='ocrx_word' id='word_1_80' title='bbox 442 1586 521 1669; x_wconf 82' lang='lat' dir='ltr'>sq),</span> <span class='ocrx_word' id='word_1_81' title='bbox 556 1587 688 1670; x_wconf 88' lang='lat' dir='ltr'>qualem</span> <span class='ocrx_word' id='word_1_82' title='bbox 720 1589 792 1670; x_wconf 90' lang='lat' dir='ltr'>ipse</span> <span class='ocrx_word' id='word_1_83' title='bbox 826 1587 1035 1666; x_wconf 86' lang='lat' dir='ltr'>Moguntinus</span> <span class='ocrx_word' id='word_1_84' title='bbox 1070 1586 1215 1651; x_wconf 87' lang='lat' dir='ltr'>ostendit</span> <span class='ocrx_word' id='word_1_85' title='bbox 1249 1586 1307 1651; x_wconf 90' lang='lat' dir='ltr'>lib.</span> 
     </span>
     <span class='ocr_line' id='line_1_12' title="bbox 152 1693 1308 1777; baseline 0.002 -21"><span class='ocrx_word' id='word_1_86' title='bbox 152 1693 289 1772; x_wconf 85' lang='lat' dir='ltr'>XXXV,</span> <span class='ocrx_word' id='word_1_87' title='bbox 319 1700 354 1772; x_wconf 87' lang='grc'>4,</span> <span class='ocrx_word' id='word_1_88' title='bbox 384 1698 417 1772; x_wconf 88' lang='grc'>3,</span> <span class='ocrx_word' id='word_1_89' title='bbox 445 1702 521 1776; x_wconf 86' lang='lat' dir='ltr'>post</span> <span class='ocrx_word' id='word_1_90' title='bbox 548 1696 657 1759; x_wconf 85' lang='lat' dir='ltr'>inter</span> <span class='ocrx_word' id='word_1_91' title='bbox 686 1702 854 1777; x_wconf 87' lang='lat' dir='ltr'>pacatos</span> <span class='ocrx_word' id='word_1_92' title='bbox 884 1694 1009 1758; x_wconf 89' lang='lat' dir='ltr'>addens</span> <span class='ocrx_word' id='word_1_93' title='bbox 1037 1714 1173 1777; x_wconf 88' lang='lat' dir='ltr'>agros,</span> <span class='ocrx_word' id='word_1_94' title='bbox 1203 1696 1308 1758; x_wconf 89' lang='lat' dir='ltr'>inter·</span> 
     </span>
     <span class='ocr_line' id='line_1_13' title="bbox 151 1801 1306 1885; baseline 0 -20"><span class='ocrx_word' id='word_1_95' title='bbox 151 1807 391 1882; x_wconf 87' lang='lat' dir='ltr'>pretarnentum</span> <span class='ocrx_word' id='word_1_96' title='bbox 414 1801 679 1866; x_wconf 84' lang='lat' dir='ltr'>infelicissimum.</span> <span class='ocrx_word' id='word_1_97' title='bbox 731 1801 855 1864; x_wconf 88' lang='lat' dir='ltr'>Deinde</span> <span class='ocrx_word' id='word_1_98' title='bbox 884 1801 947 1864; x_wconf 92' lang='lat' dir='ltr'>hoc</span> <span class='ocrx_word' id='word_1_99' title='bbox 970 1822 1106 1884; x_wconf 90' lang='lat' dir='ltr'>ponam,</span> <span class='ocrx_word' id='word_1_100' title='bbox 1141 1820 1306 1885; x_wconf 86' lang='lat' dir='ltr'>nusquam</span> 
     </span>
     <span class='ocr_line' id='line_1_14' title="bbox 151 1907 1307 1991; baseline 0.004 -23"><span class='ocrx_word' id='word_1_101' title='bbox 151 1908 329 1991; x_wconf 89' lang='lat' dir='ltr'>quidquam</span> <span class='ocrx_word' id='word_1_102' title='bbox 351 1907 437 1973; x_wconf 89' lang='lat' dir='ltr'>labis</span> <span class='ocrx_word' id='word_1_103' title='bbox 463 1917 520 1972; x_wconf 88' lang='lat' dir='ltr'>aut</span> <span class='ocrx_word' id='word_1_104' title='bbox 539 1910 675 1973; x_wconf 72' lang='lat' dir='ltr'>maculae</span> <span class='ocrx_word' id='word_1_105' title='bbox 694 1910 726 1972; x_wconf 92' lang='lat' dir='ltr'>in</span> <span class='ocrx_word' id='word_1_106' title='bbox 743 1909 776 1972; x_wconf 90' lang='lat' dir='ltr'><strong>M</strong></span> <span class='ocrx_word' id='word_1_107' title='bbox 793 1909 938 1991; x_wconf 89' lang='lat' dir='ltr'>reperiri,</span> <span class='ocrx_word' id='word_1_108' title='bbox 962 1907 1049 1990; x_wconf 90' lang='lat' dir='ltr'>quod</span> <span class='ocrx_word' id='word_1_109' title='bbox 1067 1927 1106 1971; x_wconf 87' lang='lat' dir='ltr'>ex</span> <span class='ocrx_word' id='word_1_110' title='bbox 1124 1909 1307 1973; x_wconf 91' lang='lat' dir='ltr'>communi·</span> 
     </span>
     <span class='ocr_line' id='line_1_15' title="bbox 151 2014 1305 2096; baseline 0.002 -17"><span class='ocrx_word' id='word_1_111' title='bbox 151 2016 211 2079; x_wconf 89' lang='lat' dir='ltr'>bus</span> <span class='ocrx_word' id='word_1_112' title='bbox 240 2017 266 2078; x_wconf 90' lang='lat' dir='ltr'>B</span> <span class='ocrx_word' id='word_1_113' title='bbox 295 2024 328 2079; x_wconf 88' lang='lat' dir='ltr'>et</span> <span class='ocrx_word' id='word_1_114' title='bbox 352 2023 534 2079; x_wconf 85' lang='lat' dir='ltr'>ceterorum</span> <span class='ocrx_word' id='word_1_115' title='bbox 564 2016 732 2080; x_wconf 85' lang='lat' dir='ltr'>erroribus</span> <span class='ocrx_word' id='word_1_116' title='bbox 761 2015 950 2096; x_wconf 87' lang='lat' dir='ltr'>urendisque</span> <span class='ocrx_word' id='word_1_117' title='bbox 973 2017 1007 2079; x_wconf 90' lang='lat' dir='ltr'>in</span> <span class='ocrx_word' id='word_1_118' title='bbox 1030 2014 1122 2080; x_wconf 93' lang='lat' dir='ltr'>illum</span> <span class='ocrx_word' id='word_1_119' title='bbox 1144 2017 1305 2081; x_wconf 88' lang='lat' dir='ltr'>transisse</span> 
     </span>
     <span class='ocr_line' id='line_1_16' title="bbox 149 2123 1304 2207; baseline 0.003 -23"><span class='ocrx_word' id='word_1_120' title='bbox 149 2123 252 2187; x_wconf 89' lang='lat' dir='ltr'>videri</span> <span class='ocrx_word' id='word_1_121' title='bbox 276 2124 395 2205; x_wconf 83' lang='lat' dir='ltr'>possit3</span> <span class='ocrx_word' id='word_1_122' title='bbox 430 2124 543 2206; x_wconf 86' lang='lat' dir='ltr'>itaque</span> <span class='ocrx_word' id='word_1_123' title='bbox 572 2123 752 2187; x_wconf 89' lang='lat' dir='ltr'>absurdum</span> <span class='ocrx_word' id='word_1_124' title='bbox 776 2143 847 2187; x_wconf 89' lang='lat' dir='ltr'>esse</span> <span class='ocrx_word' id='word_1_125' title='bbox 871 2123 1050 2206; x_wconf 90' lang='lat' dir='ltr'>quidquam</span> <span class='ocrx_word' id='word_1_126' title='bbox 1072 2124 1106 2186; x_wconf 92' lang='lat' dir='ltr'>in</span> <span class='ocrx_word' id='word_1_127' title='bbox 1129 2144 1168 2187; x_wconf 90' lang='lat' dir='ltr'>eo</span> <span class='ocrx_word' id='word_1_128' title='bbox 1193 2124 1304 2207; x_wconf 89' lang='lat' dir='ltr'>suspi-</span> 
     </span>
     <span class='ocr_line' id='line_1_17' title="bbox 148 2229 1304 2314; baseline 0 -20"><span class='ocrx_word' id='word_1_129' title='bbox 148 2230 216 2294; x_wconf 91' lang='lat' dir='ltr'>cari</span> <span class='ocrx_word' id='word_1_130' title='bbox 255 2229 298 2294; x_wconf 92' lang='lat' dir='ltr'>ad</span> <span class='ocrx_word' id='word_1_131' title='bbox 339 2235 521 2295; x_wconf 89' lang='lat' dir='ltr'>ceterorum</span> <span class='ocrx_word' id='word_1_132' title='bbox 558 2252 685 2294; x_wconf 86' lang='lat' dir='ltr'>errores</span> <span class='ocrx_word' id='word_1_133' title='bbox 722 2229 879 2312; x_wconf 84' lang='lat' dir='ltr'>tegendos</span> <span class='ocrx_word' id='word_1_134' title='bbox 914 2230 1088 2294; x_wconf 78' lang='lat' dir='ltr'>lacunasve</span> <span class='ocrx_word' id='word_1_135' title='bbox 1122 2229 1304 2314; x_wconf 83' lang='lat' dir='ltr'>explendas</span> 
     </span>
     <span class='ocr_line' id='line_1_18' title="bbox 148 2336 1302 2419; baseline 0.002 -19"><span class='ocrx_word' id='word_1_136' title='bbox 148 2337 373 2419; x_wconf 87' lang='lat' dir='ltr'>interpolando</span> <span class='ocrx_word' id='word_1_137' title='bbox 397 2346 520 2401; x_wconf 87' lang='lat' dir='ltr'>natum.</span> <span class='ocrx_word' id='word_1_138' title='bbox 555 2337 724 2401; x_wconf 86' lang='lat' dir='ltr'>Postremo</span> <span class='ocrx_word' id='word_1_139' title='bbox 747 2337 789 2401; x_wconf 87' lang='lat' dir='ltr'>ad</span> <span class='ocrx_word' id='word_1_140' title='bbox 811 2358 879 2401; x_wconf 87' lang='lat' dir='ltr'>renr</span> <span class='ocrx_word' id='word_1_141' title='bbox 903 2338 1148 2415; x_wconf 88' lang='lat' dir='ltr'>conficiendam,</span> <span class='ocrx_word' id='word_1_142' title='bbox 1171 2336 1302 2402; x_wconf 87' lang='lat' dir='ltr'>duabus</span> 
     </span>
     <span class='ocr_line' id='line_1_19' title="bbox 147 2443 1302 2526; baseline 0.002 -19"><span class='ocrx_word' id='word_1_143' title='bbox 147 2443 351 2526; x_wconf 86' lang='lat' dir='ltr'>longioribus</span> <span class='ocrx_word' id='word_1_144' title='bbox 373 2445 523 2526; x_wconf 87' lang='lat' dir='ltr'>partibus</span> <span class='ocrx_word' id='word_1_145' title='bbox 546 2444 620 2508; x_wconf 89' lang='lat' dir='ltr'>libri</span> <span class='ocrx_word' id='word_1_146' title='bbox 644 2444 780 2508; x_wconf 80' lang='lat' dir='ltr'>XXXIV</span> <span class='ocrx_word' id='word_1_147' title='bbox 799 2451 831 2508; x_wconf 92' lang='lat' dir='ltr'>et</span> <span class='ocrx_word' id='word_1_148' title='bbox 853 2444 975 2507; x_wconf 83' lang='lat' dir='ltr'>XXXV</span> <span class='ocrx_word' id='word_1_149' title='bbox 994 2446 1062 2509; x_wconf 90' lang='lat' dir='ltr'>sine</span> <span class='ocrx_word' id='word_1_150' title='bbox 1085 2445 1153 2509; x_wconf 92' lang='lat' dir='ltr'>ullo</span> <span class='ocrx_word' id='word_1_151' title='bbox 1178 2445 1302 2510; x_wconf 88' lang='lat' dir='ltr'>dilectu</span> 
     </span>
     <span class='ocr_line' id='line_1_20' title="bbox 146 2550 1303 2636; baseline 0.001 -22"><span class='ocrx_word' id='word_1_152' title='bbox 146 2552 296 2633; x_wconf 87' lang='lat' dir='ltr'>sumptis,</span> <span class='ocrx_word' id='word_1_153' title='bbox 321 2559 514 2634; x_wconf 88' lang='lat' dir='ltr'>perpetuam</span> <span class='ocrx_word' id='word_1_154' title='bbox 538 2551 761 2636; x_wconf 81' lang='lat' dir='ltr'>exemplorum</span> <span class='ocrx_word' id='word_1_155' title='bbox 785 2553 901 2616; x_wconf 87' lang='lat' dir='ltr'>seriem</span> <span class='ocrx_word' id='word_1_156' title='bbox 926 2551 985 2616; x_wconf 90' lang='lat' dir='ltr'>sub</span> <span class='ocrx_word' id='word_1_157' title='bbox 1009 2560 1222 2635; x_wconf 90' lang='lat' dir='ltr'>conspectum</span> <span class='ocrx_word' id='word_1_158' title='bbox 1244 2550 1303 2615; x_wconf 87' lang='lat' dir='ltr'>ad·</span> 
     </span>
     <span class='ocr_line' id='line_1_21' title="bbox 147 2658 1304 2741; baseline 0.002 -21"><span class='ocrx_word' id='word_1_159' title='bbox 147 2658 304 2722; x_wconf 86' lang='lat' dir='ltr'>ducemus</span> <span class='ocrx_word' id='word_1_160' title='bbox 329 2658 622 2741; x_wconf 85' lang='lat' dir='ltr'>ostendemusque.</span> <span class='ocrx_word' id='word_1_161' title='bbox 658 2667 691 2722; x_wconf 84' lang='lat' dir='ltr'>et</span> <span class='ocrx_word' id='word_1_162' title='bbox 719 2668 798 2741; x_wconf 88' lang='lat' dir='ltr'>quot</span> <span class='ocrx_word' id='word_1_163' title='bbox 826 2659 965 2723; x_wconf 81' lang='lat' dir='ltr'>alioruin</span> <span class='ocrx_word' id='word_1_164' title='bbox 994 2681 1149 2740; x_wconf 79' lang='lat' dir='ltr'>generum</span> <span class='ocrx_word' id='word_1_165' title='bbox 1181 2659 1304 2723; x_wconf 84' lang='lat' dir='ltr'>menda</span> 
     </span>
     <span class='ocr_line' id='line_1_22' title="bbox 144 2765 1302 2849; baseline 0.003 -23"><span class='ocrx_word' id='word_1_166' title='bbox 144 2765 267 2829; x_wconf 87' lang='lat' dir='ltr'>codicis</span> <span class='ocrx_word' id='word_1_167' title='bbox 302 2766 328 2828; x_wconf 89' lang='lat' dir='ltr'>B</span> <span class='ocrx_word' id='word_1_168' title='bbox 359 2773 392 2829; x_wconf 90' lang='lat' dir='ltr'>ct</span> <span class='ocrx_word' id='word_1_169' title='bbox 425 2767 608 2847; x_wconf 76' lang='lat' dir='ltr'>uulgarium</span> <span class='ocrx_word' id='word_1_170' title='bbox 649 2769 834 2830; x_wconf 75' lang='lat' dir='ltr'>crnrrrnunia</span> <span class='ocrx_word' id='word_1_171' title='bbox 873 2769 968 2830; x_wconf 84' lang='lat' dir='ltr'>unius</span> <span class='ocrx_word' id='word_1_172' title='bbox 999 2767 1031 2830; x_wconf 90' lang='lat' dir='ltr'>M</span> <span class='ocrx_word' id='word_1_173' title='bbox 1067 2789 1128 2849; x_wconf 88' lang='lat' dir='ltr'>ope</span> <span class='ocrx_word' id='word_1_174' title='bbox 1166 2766 1302 2830; x_wconf 86' lang='lat' dir='ltr'>sublata</span> 
     </span>
     <span class='ocr_line' id='line_1_23' title="bbox 145 2872 1303 2955; baseline 0.002 -21"><span class='ocrx_word' id='word_1_175' title='bbox 145 2873 210 2940; x_wconf 87' lang='lat' dir='ltr'>sint</span> <span class='ocrx_word' id='word_1_176' title='bbox 239 2874 326 2951; x_wconf 88' lang='lat' dir='ltr'>(nam</span> <span class='ocrx_word' id='word_1_177' title='bbox 351 2874 502 2954; x_wconf 88' lang='lat' dir='ltr'>proprios</span> <span class='ocrx_word' id='word_1_178' title='bbox 526 2874 551 2935; x_wconf 80' lang='lat' dir='ltr'>B</span> <span class='ocrx_word' id='word_1_179' title='bbox 577 2874 740 2937; x_wconf 86' lang='lat' dir='ltr'>scribendi</span> <span class='ocrx_word' id='word_1_180' title='bbox 764 2895 892 2938; x_wconf 85' lang='lat' dir='ltr'>errores</span> <span class='ocrx_word' id='word_1_181' title='bbox 917 2881 949 2937; x_wconf 89' lang='lat' dir='ltr'>et</span> <span class='ocrx_word' id='word_1_182' title='bbox 974 2873 1156 2955; x_wconf 77' lang='lat' dir='ltr'>vulgarium</span> <span class='ocrx_word' id='word_1_183' title='bbox 1181 2872 1303 2936; x_wconf 89' lang='lat' dir='ltr'>menda</span> 
     </span>
     <span class='ocr_line' id='line_1_24' title="bbox 143 2980 1301 3062; baseline 0.002 -22"><span class='ocrx_word' id='word_1_184' title='bbox 143 2980 496 3062; x_wconf 84' lang='lat' dir='ltr'>interpolationcrnquc</span> <span class='ocrx_word' id='word_1_185' title='bbox 531 2981 674 3060; x_wconf 80' lang='lat' dir='ltr'>omitto),</span> <span class='ocrx_word' id='word_1_186' title='bbox 711 2989 743 3044; x_wconf 88' lang='lat' dir='ltr'>et</span> <span class='ocrx_word' id='word_1_187' title='bbox 777 2989 858 3062; x_wconf 66' lang='lat' dir='ltr'>spuet</span> <span class='ocrx_word' id='word_1_188' title='bbox 891 2982 972 3045; x_wconf 88' lang='lat' dir='ltr'>locis</span> <span class='ocrx_word' id='word_1_189' title='bbox 1008 2981 1106 3043; x_wconf 84' lang='lat' dir='ltr'>rerba</span> <span class='ocrx_word' id='word_1_190' title='bbox 1136 3002 1239 3060; x_wconf 87' lang='lat' dir='ltr'>quum</span> <span class='ocrx_word' id='word_1_191' title='bbox 1269 2980 1301 3042; x_wconf 93' lang='lat' dir='ltr'>in</span> 
     </span>
     <span class='ocr_line' id='line_1_25' title="bbox 143 3087 1302 3170; baseline 0.002 -23"><span class='ocrx_word' id='word_1_192' title='bbox 143 3087 207 3149; x_wconf 85' lang='lat' dir='ltr'>illis</span> <span class='ocrx_word' id='word_1_193' title='bbox 238 3088 400 3168; x_wconf 83' lang='lat' dir='ltr'>utrisque,</span> <span class='ocrx_word' id='word_1_194' title='bbox 435 3095 505 3150; x_wconf 86' lang='lat' dir='ltr'>tum</span> <span class='ocrx_word' id='word_1_195' title='bbox 534 3110 609 3150; x_wconf 85' lang='lat' dir='ltr'>roro</span> <span class='ocrx_word' id='word_1_196' title='bbox 640 3088 797 3168; x_wconf 84' lang='lat' dir='ltr'>singulari</span> <span class='ocrx_word' id='word_1_197' title='bbox 826 3089 1032 3170; x_wconf 81' lang='lat' dir='ltr'>neglegentia</span> <span class='ocrx_word' id='word_1_198' title='bbox 1061 3090 1092 3150; x_wconf 87' lang='lat' dir='ltr'>in</span> <span class='ocrx_word' id='word_1_199' title='bbox 1125 3087 1151 3149; x_wconf 89' lang='lat' dir='ltr'><strong>B</strong></span> <span class='ocrx_word' id='word_1_200' title='bbox 1177 3088 1302 3151; x_wconf 88' lang='lat' dir='ltr'>omissa</span> 
     </span>
     <span class='ocr_line' id='line_1_26' title="bbox 142 3193 1302 3276; baseline 0.001 -21"><span class='ocrx_word' id='word_1_201' title='bbox 142 3193 353 3272; x_wconf 79' lang='lat' dir='ltr'>bloguntinus</span> <span class='ocrx_word' id='word_1_202' title='bbox 385 3196 525 3257; x_wconf 67' lang='lat' dir='ltr'>seruerit</span> <span class='ocrx_word' id='word_1_203' title='bbox 554 3202 586 3258; x_wconf 89' lang='lat' dir='ltr'>et</span> <span class='ocrx_word' id='word_1_204' title='bbox 615 3216 712 3275; x_wconf 74' lang='lat' dir='ltr'>qurnn</span> <span class='ocrx_word' id='word_1_205' title='bbox 741 3195 822 3258; x_wconf 87' lang='lat' dir='ltr'>nihil</span> <span class='ocrx_word' id='word_1_206' title='bbox 850 3197 909 3258; x_wconf 89' lang='lat' dir='ltr'>illa</span> <span class='ocrx_word' id='word_1_207' title='bbox 938 3199 972 3258; x_wconf 92' lang='lat' dir='ltr'>in</span> <span class='ocrx_word' id='word_1_208' title='bbox 999 3196 1025 3257; x_wconf 90' lang='lat' dir='ltr'>B</span> <span class='ocrx_word' id='word_1_209' title='bbox 1054 3216 1159 3257; x_wconf 78' lang='lat' dir='ltr'>vacua</span> <span class='ocrx_word' id='word_1_210' title='bbox 1190 3194 1302 3276; x_wconf 87' lang='lat' dir='ltr'>spatia</span> 
     </span>
     <span class='ocr_line' id='line_1_27' title="bbox 140 3301 1299 3385; baseline 0 -23"><span class='ocrx_word' id='word_1_211' title='bbox 140 3301 301 3363; x_wconf 84' lang='lat' dir='ltr'>reconditi</span> <span class='ocrx_word' id='word_1_212' title='bbox 336 3302 516 3378; x_wconf 88' lang='lat' dir='ltr'>occultent;</span> <span class='ocrx_word' id='word_1_213' title='bbox 556 3301 617 3364; x_wconf 90' lang='lat' dir='ltr'>hoc</span> <span class='ocrx_word' id='word_1_214' title='bbox 658 3304 742 3365; x_wconf 86' lang='lat' dir='ltr'>euim</span> <span class='ocrx_word' id='word_1_215' title='bbox 777 3301 923 3366; x_wconf 84' lang='lat' dir='ltr'>declarat</span> <span class='ocrx_word' id='word_1_216' title='bbox 959 3304 1028 3385; x_wconf 90' lang='lat' dir='ltr'>ipse</span> <span class='ocrx_word' id='word_1_217' title='bbox 1062 3304 1095 3365; x_wconf 91' lang='lat' dir='ltr'>in</span> <span class='ocrx_word' id='word_1_218' title='bbox 1130 3301 1182 3365; x_wconf 84' lang='lat' dir='ltr'>his</span> <span class='ocrx_word' id='word_1_219' title='bbox 1216 3301 1299 3366; x_wconf 91' lang='lat' dir='ltr'>locis</span> 
     </span>
     <span class='ocr_line' id='line_1_28' title="bbox 141 3406 1299 3490; baseline 0.004 -24"><span class='ocrx_word' id='word_1_220' title='bbox 141 3406 340 3469; x_wconf 65' lang='lat' dir='ltr'>«lutaciorum</span> <span class='ocrx_word' id='word_1_221' title='bbox 369 3409 532 3486; x_wconf 87' lang='lat' dir='ltr'>codicum,</span> <span class='ocrx_word' id='word_1_222' title='bbox 567 3410 623 3488; x_wconf 88' lang='lat' dir='ltr'>qui</span> <span class='ocrx_word' id='word_1_223' title='bbox 660 3410 690 3470; x_wconf 92' lang='lat' dir='ltr'>in</span> <span class='ocrx_word' id='word_1_224' title='bbox 727 3411 842 3473; x_wconf 84' lang='lat' dir='ltr'>ceteris</span> <span class='ocrx_word' id='word_1_225' title='bbox 871 3432 891 3473; x_wconf 88' lang='lat' dir='ltr'>a</span> <span class='ocrx_word' id='word_1_226' title='bbox 920 3410 1031 3473; x_wconf 88' lang='lat' dir='ltr'>codice</span> <span class='ocrx_word' id='word_1_227' title='bbox 1060 3408 1299 3490; x_wconf 86' lang='lat' dir='ltr'>Bambergensi</span> 
     </span>
     <span class='ocr_line' id='line_1_29' title="bbox 141 3512 1298 3599; baseline 0.002 -24"><span class='ocrx_word' id='word_1_228' title='bbox 141 3512 238 3575; x_wconf 86' lang='lat' dir='ltr'>simili</span> <span class='ocrx_word' id='word_1_229' title='bbox 262 3513 419 3593; x_wconf 88' lang='lat' dir='ltr'>pendent,</span> <span class='ocrx_word' id='word_1_230' title='bbox 454 3536 527 3577; x_wconf 90' lang='lat' dir='ltr'>cum</span> <span class='ocrx_word' id='word_1_231' title='bbox 551 3516 582 3576; x_wconf 82' lang='grc'>11</span> <span class='ocrx_word' id='word_1_232' title='bbox 608 3537 783 3580; x_wconf 85' lang='lat' dir='ltr'>consensus</span> <span class='ocrx_word' id='word_1_233' title='bbox 806 3525 865 3580; x_wconf 82' lang='lat' dir='ltr'>arit</span> <span class='ocrx_word' id='word_1_234' title='bbox 888 3539 978 3580; x_wconf 89' lang='lat' dir='ltr'>error</span> <span class='ocrx_word' id='word_1_235' title='bbox 1003 3517 1137 3599; x_wconf 87' lang='lat' dir='ltr'>originis</span> <span class='ocrx_word' id='word_1_236' title='bbox 1162 3525 1298 3598; x_wconf 76' lang='lat' dir='ltr'>apertae.</span> 
     </span>
     <span class='ocr_line' id='line_1_30' title="bbox 139 3620 1297 3706; baseline 0.003 -25"><span class='ocrx_word' id='word_1_237' title='bbox 139 3620 246 3695; x_wconf 77' lang='lat' dir='ltr'>Quum</span> <span class='ocrx_word' id='word_1_238' title='bbox 284 3630 394 3683; x_wconf 86' lang='lat' dir='ltr'>autem</span> <span class='ocrx_word' id='word_1_239' title='bbox 435 3622 530 3684; x_wconf 88' lang='lat' dir='ltr'>simul</span> <span class='ocrx_word' id='word_1_240' title='bbox 570 3624 913 3702; x_wconf 76' lang='lat' dir='ltr'>animaduerterimus,</span> <span class='ocrx_word' id='word_1_241' title='bbox 953 3646 1011 3706; x_wconf 87' lang='lat' dir='ltr'>per</span> <span class='ocrx_word' id='word_1_242' title='bbox 1044 3624 1115 3686; x_wconf 79' lang='lat' dir='ltr'>haec</span> <span class='ocrx_word' id='word_1_243' title='bbox 1150 3622 1297 3705; x_wconf 88' lang='lat' dir='ltr'>plurium</span> 
     </span>
     <span class='ocr_line' id='line_1_31' title="bbox 138 3727 1298 3813; baseline 0.003 -24"><span class='ocrx_word' id='word_1_244' title='bbox 138 3728 282 3808; x_wconf 85' lang='lat' dir='ltr'>capitum</span> <span class='ocrx_word' id='word_1_245' title='bbox 306 3727 727 3808; x_wconf 60' lang='grc' dir='ltr'><strong>,1111111111111111111ιό1111111</strong></span> <span class='ocrx_word' id='word_1_246' title='bbox 751 3729 842 3810; x_wconf 90' lang='lat' dir='ltr'>boni,</span> <span class='ocrx_word' id='word_1_247' title='bbox 872 3731 960 3813; x_wconf 87' lang='lat' dir='ltr'>quod</span> <span class='ocrx_word' id='word_1_248' title='bbox 984 3753 1047 3794; x_wconf 90' lang='lat' dir='ltr'>non</span> <span class='ocrx_word' id='word_1_249' title='bbox 1071 3732 1106 3794; x_wconf 92' lang='lat' dir='ltr'>in</span> <span class='ocrx_word' id='word_1_250' title='bbox 1128 3729 1163 3793; x_wconf 87' lang='lat' dir='ltr'><strong>M</strong></span> <span class='ocrx_word' id='word_1_251' title='bbox 1186 3730 1298 3799; x_wconf 85' lang='lat' dir='ltr'>fuerit,</span> 
     </span>
     <span class='ocr_line' id='line_1_32' title="bbox 138 3833 1297 3919; baseline 0.004 -23"><span class='ocrx_word' id='word_1_252' title='bbox 138 3856 177 3896; x_wconf 75' lang='lat' dir='ltr'>en</span> <span class='ocrx_word' id='word_1_253' title='bbox 199 3833 225 3894; x_wconf 87' lang='lat' dir='ltr'>B</span> <span class='ocrx_word' id='word_1_254' title='bbox 248 3833 413 3913; x_wconf 87' lang='lat' dir='ltr'>prolatum</span> <span class='ocrx_word' id='word_1_255' title='bbox 437 3835 489 3912; x_wconf 83' lang='lat' dir='ltr'>sit,</span> <span class='ocrx_word' id='word_1_256' title='bbox 519 3857 679 3899; x_wconf 85' lang='lat' dir='ltr'>summam</span> <span class='ocrx_word' id='word_1_257' title='bbox 702 3837 786 3899; x_wconf 85' lang='lat' dir='ltr'>hanc</span> <span class='ocrx_word' id='word_1_258' title='bbox 809 3837 975 3914; x_wconf 85' lang='lat' dir='ltr'>faciemus,</span> <span class='ocrx_word' id='word_1_259' title='bbox 999 3839 1047 3900; x_wconf 88' lang='lat' dir='ltr'>ita</span> <span class='ocrx_word' id='word_1_260' title='bbox 1070 3837 1297 3919; x_wconf 87' lang='lat' dir='ltr'>Bambergen-</span> 
     </span>
     <span class='ocr_line' id='line_1_33' title="bbox 136 3940 1296 4027; baseline 0.003 -24"><span class='ocrx_word' id='word_1_261' title='bbox 136 3962 205 4003; x_wconf 86' lang='lat' dir='ltr'>scm</span> <span class='ocrx_word' id='word_1_262' title='bbox 228 3940 387 4021; x_wconf 83' lang='lat' dir='ltr'>vulgares,</span> <span class='ocrx_word' id='word_1_263' title='bbox 417 3941 611 4020; x_wconf 80' lang='lat' dir='ltr'>quibuscum</span> <span class='ocrx_word' id='word_1_264' title='bbox 636 3945 828 4023; x_wconf 84' lang='lat' dir='ltr'>cognatione</span> <span class='ocrx_word' id='word_1_265' title='bbox 853 3944 1073 4026; x_wconf 84' lang='lat' dir='ltr'>coniungitur,</span> <span class='ocrx_word' id='word_1_266' title='bbox 1093 3945 1203 4027; x_wconf 55' lang='lat' dir='ltr'>,longe</span> <span class='ocrx_word' id='word_1_267' title='bbox 1226 3945 1296 4008; x_wconf 82' lang='lat' dir='ltr'>uin-</span> 
     </span>
     <span class='ocr_line' id='line_1_34' title="bbox 136 4048 1295 4136; baseline 0.006 -28"><span class='ocrx_word' id='word_1_268' title='bbox 136 4068 220 4122; x_wconf 86' lang='lat' dir='ltr'>cere,</span> <span class='ocrx_word' id='word_1_269' title='bbox 256 4054 291 4109; x_wconf 93' lang='lat' dir='ltr'>ut</span> <span class='ocrx_word' id='word_1_270' title='bbox 320 4048 512 4126; x_wconf 82' lang='lat' dir='ltr'>lloguntino</span> <span class='ocrx_word' id='word_1_271' title='bbox 546 4070 610 4112; x_wconf 90' lang='lat' dir='ltr'>non</span> <span class='ocrx_word' id='word_1_272' title='bbox 648 4051 746 4131; x_wconf 88' lang='lat' dir='ltr'>paulo</span> <span class='ocrx_word' id='word_1_273' title='bbox 784 4053 918 4114; x_wconf 84' lang='lat' dir='ltr'>inferior</span> <span class='ocrx_word' id='word_1_274' title='bbox 947 4054 1004 4131; x_wconf 74' lang='lat' dir='ltr'>sit,</span> <span class='ocrx_word' id='word_1_275' title='bbox 1040 4055 1154 4134; x_wconf 87' lang='lat' dir='ltr'>itaque</span> <span class='ocrx_word' id='word_1_276' title='bbox 1185 4074 1295 4136; x_wconf 86' lang='lat' dir='ltr'>neque</span> 
     </span>
     <span class='ocr_line' id='line_1_35' title="bbox 134 4153 1294 4244; baseline 0.008 -30"><span class='ocrx_word' id='word_1_277' title='bbox 134 4159 270 4233; x_wconf 87' lang='lat' dir='ltr'>propter</span> <span class='ocrx_word' id='word_1_278' title='bbox 316 4153 569 4236; x_wconf 82' lang='lat' dir='ltr'>Bambergensis</span> <span class='ocrx_word' id='word_1_279' title='bbox 611 4163 643 4218; x_wconf 90' lang='lat' dir='ltr'>et</span> <span class='ocrx_word' id='word_1_280' title='bbox 683 4163 866 4244; x_wconf 82' lang='lat' dir='ltr'>ceterorum</span> <span class='ocrx_word' id='word_1_281' title='bbox 905 4160 938 4221; x_wconf 93' lang='lat' dir='ltr'>in</span> <span class='ocrx_word' id='word_1_282' title='bbox 978 4180 1091 4223; x_wconf 87' lang='lat' dir='ltr'>errore</span> <span class='ocrx_word' id='word_1_283' title='bbox 1131 4160 1294 4224; x_wconf 80' lang='lat' dir='ltr'>lacunare</span> 
     </span>
     <span class='ocr_line' id='line_1_36' title="bbox 134 4259 1294 4346; baseline 0.017 -28"><span class='ocrx_word' id='word_1_284' title='bbox 134 4259 410 4338; x_wconf 85' lang='lat' dir='ltr'>conspirationem</span> <span class='ocrx_word' id='word_1_285' title='bbox 438 4265 538 4326; x_wconf 84' lang='lat' dir='ltr'>rectis</span> <span class='ocrx_word' id='word_1_286' title='bbox 562 4262 743 4343; x_wconf 82' lang='lat' dir='ltr'>llloguntini</span> <span class='ocrx_word' id='word_1_287' title='bbox 773 4266 946 4346; x_wconf 88' lang='lat' dir='ltr'>scripturis</span> <span class='ocrx_word' id='word_1_288' title='bbox 976 4266 1192 4332; x_wconf 84' lang='lat' dir='ltr'>diffidendum</span> <span class='ocrx_word' id='word_1_289' title='bbox 1222 4293 1294 4338; x_wconf 87' lang='lat' dir='ltr'>esse</span> 
     </span>
    </p>
   </div>
   <div class='ocr_carea' id='block_1_3' title="bbox 0 0 1502 5108">
    <p class='ocr_par' dir='ltr' id='par_1_3' title="bbox 0 0 1502 5108">
     <span class='ocr_line' id='line_1_37' title="bbox 0 0 1502 5108; baseline 0 9"><span class='ocrx_word' id='word_1_290' title='bbox 0 0 1502 5108; x_wconf 95' lang='lat' dir='ltr'> </span> 
     </span>
    </p>
   </div>
  </div>
 </body>
</html>
