2994 5108
683 486 742 549 139
1175 498 1237 554 Lib.
1255 499 1303 555 V:

131 670 291 756 impetnm
319 669 459 751 factum,
487 671 620 755 palatos
643 693 745 738 caesos
768 679 1017 753 commemorat,
1046 694 1208 756 nusquam
1230 693 1288 756 pa·

130 777 217 844 latos
250 779 412 863 impetum
443 779 562 846 fecisse
590 787 650 846 aut
677 780 799 845 caedem
828 780 979 847 edidisse.
1035 781 1095 846 His
1118 781 1288 863 expositis,

134 887 281 954 redimus
321 888 364 954 ad
398 887 480 953 illud
512 888 645 954 veluti
677 889 794 955 forte.
856 890 923 954 Aut
956 887 1055 955 fallor
1088 896 1146 954 aut
1177 888 1288 954 Livius

132 996 282 1081 scripsit:
305 1017 380 1062 nec
400 997 462 1062 ita
482 995 610 1061 multo
633 1002 726 1080 post
747 997 824 1062 iam
842 998 995 1078 palatis,
1018 999 1121 1061 velut
1137 997 1211 1060 tuti
1230 998 1289 1060 1ο-

132 1109 232 1185 rent,
270 1105 403 1171 oblati
430 1105 700 1190 populatores
723 1102 945 1190 Capenatis
974 1108 1063 1189 agri
1085 1107 1289 1190 reliquias

133 1233 277 1297 pugna
300 1213 573 1297 absumpsere.
624 1210 725 1297 [Olim
755 1197 928 1279 velutin
951 1221 1041 1280 tuto
1064 1212 1287 1299 scripseram]

130 1319 300 1398 Quamdiu
333 1323 367 1386 in
399 1328 494 1405 tergo
527 1321 700 1387 haerebant
731 1330 967 1406 persequentes
995 1323 1151 1403 victores,
1185 1321 1288 1408 Cape·

131 1436 228 1496 nates
258 1436 293 1496 et
314 1430 436 1496 Falisci
465 1429 604 1495 conferti
626 1429 718 1494 abire
739 1431 950 1513 studuerant;
984 1432 1117 1512 deinde,
1150 1431 1216 1496 illis
1238 1453 1289 1496 re·

130 1540 264 1622 gressis,
293 1561 396 1624 quum
417 1540 452 1603 in
475 1560 571 1603 suum
593 1557 709 1622 agrum
731 1540 964 1622 pervenissent,
993 1539 1097 1624 palati
1119 1541 1194 1620 iam,
1223 1540 1288 1605 rel-

129 1648 180 1712 uti
206 1647 392 1734 periculum
415 1648 610 1726 evasissent,
645 1647 755 1712 subito
785 1648 898 1714 obvios
928 1648 1141 1732 populatores
1165 1648 1289 1713 habue-

127 1763 217 1822 runt.
268 1754 425 1822 Mendum
455 1761 562 1820 ortum
586 1761 638 1820 est
660 1776 700 1819 ex
722 1756 891 1821 vicinitate
916 1757 1095 1822 earundem
1118 1764 1176 1822 aut
1199 1757 1288 1822 simi-

128 1865 211 1930 lium
232 1864 421 1930 litterarum
446 1861 522 1945 (lut
550 1862 637 1943 tut).
693 1863 949 1949 Participiorum
979 1887 1024 1930 eae
1053 1865 1180 1945 formae,
1215 1887 1288 1948 quse

128 1979 207 2039 sunt
246 1973 282 2038 in
325 1971 516 2056 palantes
556 1978 590 2037 et
622 1971 796 2056 palatis,
835 1995 902 2037 non
935 1995 1012 2038 raro
1046 1979 1288 2057 permutantur,

129 2100 333 2164 quamquam
366 2080 402 2145 id
429 2077 498 2145 fere
526 2080 560 2145 in
587 2081 787 2146 contrariam
815 2087 945 2165 partem
974 2081 1027 2160 fit,
1061 2088 1099 2146 ut
1127 2104 1188 2166 pro
1217 2104 1288 2166 pa·

127 2188 257 2255 lautis
288 2187 492 2271 (accusativo
521 2187 631 2270 casu),
665 2188 832 2254 interdum
865 2190 965 2254 etiam
998 2211 1059 2274 pro
1093 2188 1287 2273 palantes

127 2295 358 2379 (nominativo)
384 2297 564 2375 scribatur,
600 2297 722 2362 omissa
744 2297 856 2362 littera
878 2317 912 2377 rr,
940 2297 1109 2381 palatis,
1138 2304 1176 2362 ut
1199 2297 1288 2381 apud

128 2405 258 2471 limum
282 2404 383 2485 XXV,
407 2408 457 2485 21,
482 2409 501 2470 2
529 2405 687 2470 vocatis
715 2427 776 2488 pro
799 2407 984 2471 vocantis
1007 2407 1040 2470 in
1062 2405 1146 2485 Put,
1169 2405 1287 2488 XXXI,
1330 2427 1336 2436 ·

130 2518 215 2594 14,8
237 2513 498 2598 percontatio
514 2533 575 2596 pro
593 2516 877 2598 percontantis
896 2516 929 2579 in
939 2515 1065 2595 Bamb,
1078 2514 1224 2596 XXXVI,
1236 2519 1287 2594 43,

128 2625 169 2686 12
211 2622 376 2707 paratis
424 2621 728 2705 instructisque
767 2644 828 2708 pro
861 2625 1051 2708 parantis
1086 2624 1288 2689 instruen-

125 2732 267 2816 tisque
296 2732 330 2796 in
354 2730 478 2811 eodem,
499 2729 602 2810 XLII,
628 2733 677 2810 13,
702 2733 720 2794 3
738 2737 772 2796 et
792 2735 840 2810 18,
865 2736 884 2796 6
903 2740 936 2796 et
954 2735 1003 2812 26,
1021 2736 1041 2795 8
1058 2733 1287 2814 denudatis,

125 2838 330 2924 fatigatis,
364 2838 586 2904 fluctuatis
609 2838 642 2903 in
664 2838 805 2905 Vindob.
828 2861 889 2923 pro
913 2838 1170 2919 denudantis,
1192 2841 1287 2907 fati-

124 2953 282 3032 gantes,
308 2947 567 3026 fluctuantis,
599 2946 689 3030 apud
712 2945 903 3013 Ciceronem
925 2948 958 3012 in
981 2946 1122 3033 Philipp.
1147 2949 1231 3030 XIV,
1257 2954 1286 3028 3,

125 3060 145 3122 6
170 3055 380 3123 dubitatis
403 3077 464 3140 pro
488 3054 729 3135 dubitantis,
764 3076 805 3120 ex
828 3079 893 3141 quo
916 3057 949 3121 in
972 3056 1113 3140 Philipp.
1138 3057 1210 3138 ΧΠ,
1238 3062 1286 3136 12,

123 3168 179 3245 29,
212 3186 315 3248 quum
336 3163 486 3230 Halmius
509 3165 544 3228 in
565 3163 678 3230 codice
700 3163 937 3248 Tegernseensi
959 3166 1162 3248 repperisset
1183 3167 1286 3249 cogi-

122 3274 247 3352 tatis,
279 3271 491 3338 scribendum
514 3272 658 3338 ostendi:
687 3273 783 3338 Nam
805 3273 994 3339 Martiam
1022 3279 1061 3339 et
1084 3271 1286 3353 Quartam,

121 3380 232 3448 nibil
255 3388 404 3465 praeter
431 3380 676 3463 dignitatem
699 3387 738 3446 et
761 3381 885 3447 decus
909 3382 1154 3464 cogitantis,
1184 3403 1283 3448 com·
1302 3400 1372 3468 (118)

121 3488 387 3576 probaturae
409 3509 499 3555 esse
522 3495 634 3554 certo
658 3489 789 3572 scio.¹)

217 3596 297 3683 (lap.
324 3600 371 3677 17,
394 3602 429 3663 7:
463 3598 717 3683 Responsum
740 3605 802 3664 est
824 3596 1064 3683 (Capenatibus
1087 3620 1125 3664 ac
1147 3599 1287 3665 Faliscis

119 3710 158 3773 in
179 3705 332 3772 conciliis
351 3705 394 3771 ad
411 3705 596 3772 Voltumnae
613 3705 726 3772 fanum
743 3708 942 3791 petentibus,
959 3713 997 3773 ut
1014 3728 1127 3772 omnes
1144 3707 1287 3773 Etruria

152 3945 180 4012 ι)
199 3942 292 3998 Video
309 3960 384 3999 nunc
402 3944 478 4014 apud
494 3943 650 4013 Hertzium,
672 3946 757 4000 etiam
775 3946 1033 4002 Weissenbornium
1051 3946 1080 3999 in
1098 3944 1206 4011 libello,
1230 3961 1285 4011 quo

196 4045 268 4084 usus
290 4045 348 4084 non
371 4047 446 4099 sum,
472 4029 602 4100 palatis
629 4031 674 4086 vel
696 4032 899 4102 palantibus
922 4031 1008 4087 scribi
1030 4030 1159 4084 voluisse.
1205 4027 1286 4097 Quod

195 4113 328 4169 Hertzius
355 4132 373 4169 a
398 4115 498 4170 Wexio
526 4117 646 4188 sumpsit
673 4117 795 4185 ablati,
825 4135 940 4187 prorsus
972 4132 1133 4186 perversum
1166 4118 1209 4167 eet
1234 4130 1286 4168 nec

198 4200 372 4255 sententiam
389 4201 475 4255 ullam
491 4201 586 4257 habet
631 4202 665 4257 ln
686 4207 852 4256 transcursu
876 4202 983 4269 dicam,
1005 4202 1036 4255 in
1054 4219 1114 4271 cap.
1135 4201 1179 4267 15,
1205 4202 1235 4252 11
1254 4203 1286 4252 ut

195 4290 308 4343 certum
328 4290 383 4356 est,
408 4287 535 4356 Livium,
563 4287 732 4359 scriptorem
755 4288 890 4343 orationis
913 4287 950 4341 ad
976 4287 1069 4357 legem
1086 4288 1202 4339 structa
1221 4283 1283 4337 dili-

196 4373 407 4442 gentissimum,
433 4388 492 4428 non
514 4374 544 4429 in
569 4372 691 4444 simplici
714 4377 743 4428 et
760 4374 840 4428 brevi
859 4372 997 4427 orationis
1015 4371 1136 4426 circuitu
1154 4368 1285 4423 incidisse
