2994 5108
238 484 300 538 Lib.
318 483 403 537 XXX
783 473 845 534 426

239 656 318 721 ferri
346 662 455 740 potest
478 656 673 739 (praesertim
700 677 764 720 non
788 654 902 722 addito
925 657 1153 739 equitibus,
1186 657 1250 722 etsi
1271 655 1323 721 rel
1346 655 1392 720 sic

240 786 376 849 prorsus
409 753 569 829 inusitate
597 763 773 845 diceretur)
802 784 908 846 neque
939 766 981 830 ad
1010 765 1196 848 genetivum
1218 760 1392 829 Cartba-

241 873 485 957 giniensium
519 871 626 937 audiri
661 871 729 936 ullo
763 871 861 938 modo
895 879 1007 956 potest
1040 874 1229 958 equitatu
1258 893 1298 937 ex
1328 870 1391 937 alio

155 998 225 1068 (847)
244 1002 323 1046 casu
351 981 384 1045 in
412 981 579 1063 superiore
606 981 777 1045 sententiae
804 988 898 1064 parte
928 983 975 1046 sic
1004 984 1126 1066 posito,
1159 987 1198 1046 ut
1224 999 1291 1044 non
1316 979 1393 1044 huic

239 1088 384 1172 membro
407 1088 625 1171 respondeat,
659 1088 717 1153 sed
745 1089 844 1153 alteri
873 1088 1032 1170 (contra
1059 1089 1250 1154 Italicum
1279 1089 1392 1170 equi·

241 1203 372 1262 tatum
398 1232 442 1240 —
470 1202 615 1260 contra
648 1196 936 1278 Masinissam);
976 1203 1066 1262 recte
1099 1198 1186 1262 enim
1221 1196 1391 1261 scribitur:

241 1304 454 1370 Numidico
479 1304 667 1384 equitatu
691 1310 833 1368 contra
855 1304 1055 1385 Italicum,
1084 1303 1393 1389 Carthaginien·

242 1415 344 1478 sium
377 1417 521 1476 contra
554 1411 810 1476 Masinissam
846 1412 992 1477 locato.
1050 1413 1169 1478 Restat
1195 1412 1313 1496 igitur,
1347 1417 1393 1491 ut,

241 1521 390 1604 quamvis
419 1519 526 1583 audax
553 1519 705 1584 videatur
728 1521 904 1599 correctio,
933 1519 1111 1585 scribatur:
1145 1519 1332 1584 Numidis
1352 1553 1395 1564 —

242 1626 664 1709 Carthaginiensibus
688 1625 740 1709 [ut
768 1633 821 1692 est
846 1629 880 1691 in
905 1632 981 1691 vett.
1006 1627 1109 1707 editt,
1140 1625 1394 1711 Carthagini·

241 1736 407 1800 ensibus
437 1735 537 1798 etiam
566 1735 599 1798 in
629 1737 747 1799 ceteris
776 1742 853 1799 ante
877 1732 956 1818 W.],
981 1736 1041 1800 nisi
1070 1736 1179 1830 potius
1202 1742 1277 1819 post
1301 1733 1395 1799 Car·

242 1843 563 1927 thaginiensium
603 1842 725 1907 excidit
752 1844 885 1927 copiis
915 1842 1058 1926 (capiis
1087 1842 1254 1923 eontra);
1288 1849 1324 1907 et
1350 1844 1397 1907 ri·

242 1936 361 2016 dentur
390 1971 502 2016 omnes
526 1949 828 2033 Carthaginienses,
858 1972 922 2015 non
946 1952 1009 2015 soli
1032 1952 1175 2033 equites,
1210 1950 1397 2016 Masinissa

243 2061 386 2143 oppositi
419 2059 529 2123 fuisse.
586 2058 668 2122 Nam
698 2064 731 2123 et
757 2057 914 2141 Polybius
943 2058 1046 2138 (XIV,
1076 2063 1109 2139 8,
1139 2062 1172 2139 7)
1202 2057 1398 2143 simpliciter·

241 2176 302 2238 τοὺς
324 2173 530 2248 Καρχηδονίους
553 2167 714 2245 nominat,
748 2186 808 2230 uec
831 2166 942 2231 Livius
971 2166 1136 2250 peditibus
1164 2167 1265 2231 alium
1289 2166 1399 2232 locum

242 2276 404 2357 adsignat.
466 2273 592 2339 Deinde
633 2281 743 2339 autem
783 2272 1021 2339 Celtiberos
1060 2273 1229 2339 mediam
1268 2274 1401 2340 aciem

242 2384 430 2466 accipere
452 2404 513 2466 pro
538 2403 591 2461 eo,
621 2381 708 2465 quod
733 2388 796 2446 est:
826 2383 863 2446 in
887 2381 1056 2447 mediam
1080 2383 1225 2463 aciem,
1252 2383 1401 2448 insolen-

241 2492 404 2555 tissimum
438 2490 540 2553 habet
572 2495 606 2554 et
640 2510 705 2553 non
739 2489 911 2554 ferendum
944 2490 1101 2573 loquendi
1134 2512 1254 2574 genus3
1289 2511 1400 2576 neque

243 2599 328 2663 euim
350 2599 437 2661 acies
461 2596 529 2661 ullo
554 2598 649 2661 modo
674 2598 843 2680 accipitur.
894 2597 1007 2681 Neque
1029 2597 1073 2677 id,
1097 2598 1189 2663 cuius
1212 2598 1402 2665 adiectione

241 2705 527 2770 Weissenbornius
555 2705 640 2768 hanc
668 2704 878 2770 insolentiam
906 2703 1047 2770 fortasse
1076 2711 1188 2770 natam
1212 2711 1324 2790 putat:
1360 2706 1403 2771 in

244 2814 415 2877 adversa
437 2814 642 2894 legionum
666 2814 791 2895 signa,
816 2815 921 2897 ipsum
946 2815 1068 2879 usitate
1092 2815 1231 2892 dicitur;
1255 2835 1333 2878 narn
1360 2814 1404 2879 de

243 2922 436 2986 instruendo
461 2927 603 2985 contra
625 2928 683 2984 aut
706 2922 900 2987 adversus
924 2923 1051 3000 dicitur,
1080 2923 1119 2986 in
1143 2921 1183 2985 de
1206 2927 1308 3001 motu,
1338 2944 1404 2987 nec

244 3053 302 3114 pro
337 3051 391 3107 eo,
431 3029 518 3112 quod
554 3029 727 3111 praecedit:
762 3035 908 3093 contra
936 3030 1196 3093 Masinissam
1229 3029 1405 3111 locatis,

243 3139 354 3202 Livius
394 3138 516 3202 usitate
556 3135 706 3201 dixisset:
746 3138 785 3200 in
817 3138 1079 3202 Masinissam
1113 3138 1272 3202 locatis.
1330 3137 1406 3204 Nec

243 3247 315 3328 ipsa
349 3246 607 3309 adversorum
638 3246 841 3326 signorum
868 3247 991 3310 mentio
1021 3252 1089 3309 tam
1118 3245 1160 3308 ad
1188 3245 1339 3309 ordinem
1372 3255 1407 3312 et

245 3359 443 3417 structuram
485 3354 566 3416 aciei
607 3374 705 3435 quarn
746 3353 787 3416 ad
829 3359 952 3417 motum
987 3360 1020 3417 et
1052 3354 1211 3436 impetum
1242 3354 1407 3435 pertinet.

245 3459 380 3523 Omissa
404 3481 424 3523 a
446 3459 580 3524 librario
605 3467 680 3523 ante
703 3461 871 3523 inediam
894 3461 1137 3543 propositionis
1162 3461 1198 3523 in
1221 3480 1326 3524 causa
1344 3462 1406 3543 (nl

246 3574 361 3650 aperta
390 3573 448 3630 est.
505 3568 622 3650 ltaque
657 3576 781 3631 certum
813 3575 864 3632 est
892 3568 1018 3631 Livium
1049 3568 1234 3650 scripsisse:
1272 3567 1407 3634 Celti·

244 3675 364 3739 beros
395 3676 433 3737 in
462 3676 633 3738 mediam
656 3677 784 3740 aciem
807 3673 909 3759 [quod
933 3677 1032 3740 etiam
1056 3684 1171 3739 contra
1195 3675 1407 3742 Gronovium

162 3798 168 3812 '
245 3785 352 3847 tenuit
375 3781 686 3863 Drakenborclrius],
709 3783 895 3865 probabile:
932 3785 970 3847 in
993 3783 1163 3847 mediam
1187 3784 1313 3847 aciem
1339 3786 1406 3850 ad·

244 3912 385 3955 versus
425 3892 541 3972 signa
580 3889 784 3970 legionum
825 3912 1021 3973 accepere
1056 3890 1407 3970 (acicmadversu-

245 3999 374 4080 Signa,
393 4019 406 4058 8
425 3998 522 4061 semel
542 3998 686 4080 scripto).
727 3997 894 4080 Polybius:
918 4005 978 4068 τοὺς
999 4004 1164 4078 Κελτίβηρας
1181 4006 1284 4078 μέσους
1301 4005 1407 4072 ἔταξαν

246 4113 350 4176 ἀντνόυς
372 4117 429 4176 ταῖς
452 4116 505 4166 τῶν
526 4113 665 4185 Ῥωμαίων
689 4115 819 4186 σπείραις.
860 4104 1077 4188 [Adversus
1100 4107 1166 4170 lam
1190 4106 1406 4192 RupertlusJ

331 4212 408 4295 Cap.
433 4221 469 4289 9,
501 4220 538 4276 12
563 4213 617 4294 (de
640 4214 765 4277 Tunete
789 4214 938 4296 oppido):
975 4214 1089 4278 locus
1119 4235 1237 4297 quum
1268 4219 1409 4298 operi-

245 4320 334 4399 bus,
363 4327 444 4383 tum
468 4329 612 4404 suapte
635 4327 782 4384 natura
805 4327 918 4385 tutus
943 4327 982 4384 et
1004 4322 1071 4402 qui
1095 4326 1134 4384 et
1155 4321 1203 4385 ab
1227 4319 1409 4391 Cartha·
