2994 5108
597 572 661 673 a*
710 594 717 621 ¹

178 694 331 759 universa
357 690 423 758 fide
451 698 485 757 et
506 670 672 757 nonnulla'
686 676 720 757 in
742 691 806 757 hoc
828 713 946 775 genere
969 692 1103 759 uberius
1127 692 1336 776 explananda

179 801 370 886 firmiusque
387 800 628 881 constituenda,
652 821 752 885 quam
770 799 895 866 factum
912 801 1018 867 adhuc
1036 809 1096 868 est.
1130 801 1178 865 Ac
1194 801 1335 886 primum

181 910 313 995 quidem
352 908 433 975 illud
465 915 680 993 pervagatum
714 915 779 989 est,
820 910 975 993 quoniam
1007 908 1088 975 lolia
1118 909 1332 995 palimpsesto

179 1019 385 1086 Veronensis
407 1017 530 1084 domini
552 1018 680 1083 malunt
701 1018 830 1084 intacta
852 1019 976 1084 servari
1000 1039 1099 1102 quarn
1121 1018 1213 1083 Livio
1236 1018 1335 1102 prod-

179 1129 301 1209 esse1),
342 1134 470 1193 ceteros
509 1148 620 1191 omnes
652 1127 766 1211 primae
800 1126 934 1191 decadis
968 1126 1097 1192 codices
1130 1127 1225 1191 unius
1261 1148 1335 1192 esse

180 1238 310 1322 stirpis,
340 1236 447 1301 ductae
470 1223 487 1300 e
511 1234 639 1315 codice,
667 1256 764 1320 quem
785 1234 979 1300 Nicomachi
1002 1235 1076 1315 duo,
1104 1235 1279 1300 Flavianus
1302 1242 1336 1301 et

179 1345 316 1424 Dexter,
350 1350 383 1408 et
410 1343 622 1408 Victorianus
651 1343 901 1427 quadringentis
934 1364 1035 1427 prope
1062 1350 1140 1428 post
1168 1341 1336 1409 Christum

179 1460 293 1519 natum
310 1452 406 1517 annis
424 1450 650 1532 emendarunt,
673 1453 765 1517 cuius
782 1451 1020 1517 emendationis
1038 1451 1336 1538 subsorIptionibus

179 1568 308 1628 testatae
347 1561 538 1625 memoriam
578 1561 635 1626 alii
670 1561 802 1626 codices
835 1562 939 1626 nostri
973 1561 1037 1645 ipsi
1072 1560 1220 1644 pluribus
1253 1560 1335 1625 locis

180 1676 314 1736 serrant
340 1669 429 1752 iique
457 1670 676 1752 antiquissimi
699 1668 863 1750 (Rhenani
885 1670 1133 1749 Vormatiensis,
1160 1668 1336 1748 Mediceus,

178 1778 381 1857 Parisiensis,
404 1777 494 1842 Leid.
518 1778 667 1862 primus),
695 1778 752 1842 alii
776 1778 971 1843 certissimis
993 1778 1124 1843 indiciis
1146 1776 1189 1841 ad
1212 1798 1332 1857 eorum,
1350 1787 1386 1854 (5)

179 1889 238 1970 qui
270 1893 417 1963 serrant,
452 1883 682 1969 cognationem
716 1886 946 1970 adiunguntur.
1003 1884 1066 1952 Sed
1095 1887 1249 1969 quoniam
1277 1908 1335 1952 no·

179 2004 323 2062 strorum
357 1994 505 2060 codicum
540 1993 734 2080 archetypus
767 1996 796 2060 is
830 1995 895 2060 dici
929 1994 1042 2074 debet,
1077 1994 1194 2060 saltem
1228 1994 1268 2059 de
1297 2016 1335 2059 eo

182 2111 258 2170 ante
286 2104 397 2170 emnia
425 2104 541 2185 quaeri,
574 2126 640 2169 non
669 2124 776 2185 aquo
804 2105 981 2169 remotiore
1010 2104 1074 2169 orti
1104 2105 1182 2183 sint,
1217 2102 1275 2169 sed
1301 2103 1336 2168 in

178 2234 277 2295 quem
305 2233 407 2276 unum
435 2220 550 2277 nostro
573 2213 715 2296 tempori
738 2213 923 2295 proximum
946 2218 1123 2295 convergat
1144 2233 1256 2277 eorum
1278 2233 1337 2296 per

179 2321 290 2405 plures
325 2320 445 2404 stirpes
478 2319 626 2384 derivata
659 2322 812 2404 cognatio
847 2328 880 2386 et
908 2341 928 2384 a
956 2343 1021 2405 quo
1050 2321 1191 2405 primum
1219 2320 1336 2385 harum

179 2429 334 2513 stirpium
359 2427 501 2493 divortia
524 2434 604 2493 nata
627 2429 703 2508 sint,
727 2427 893 2512 equidem,
924 2450 1023 2511 quum
1053 2429 1199 2494 codicem
1222 2428 1343 2494 arche·¹

179 2544 294 2622 typum
317 2536 583 2602 commemorabo
606 2543 648 2617 et,
671 2537 750 2621 quid
773 2538 807 2601 in
828 2537 885 2603 illo
909 2539 1067 2623 scriptum
1086 2538 1194 2618 fuerit,
1218 2538 1335 2618 dicam,

179 2666 243 2711 non
267 2646 454 2710 necessario
476 2646 586 2729 ipsum
609 2645 699 2710 illum
722 2644 999 2711 Nicomachorum
1023 2646 1168 2712 codicem
1190 2647 1337 2730 intellegi

180 2754 269 2832 volo,
298 2753 356 2818 sed
384 2754 495 2836 potius
518 2754 662 2837 aliquem
686 2776 725 2818 ex
748 2775 786 2818 eo
810 2761 917 2821 ortum
940 2754 1135 2838 eademque,
1164 2762 1202 2820 ut
1223 2755 1334 2834 fiebat,

180 2861 424 2946 subscriptione
446 2868 613 2942 notatum,
642 2863 707 2927 illis
729 2869 855 2941 autem,
885 2863 941 2944 qui
963 2870 1152 2928 nostrorum
1175 2864 1335 2947 antiquis·

180 2971 255 3035 simi
284 2977 375 3049 sunt,
405 2976 555 3055 tempore
577 2972 737 3056 priorem3
770 2978 958 3036 nostrorum
981 2980 1091 3036 autem
1113 2971 1224 3036 nullus
1248 2972 1335 3036 deci·

178 3101 267 3144 mum
302 3077 455 3143 saeculum
489 3085 587 3144 aetate
622 3087 773 3165 superat3
806 3101 889 3144 unus
917 3080 1109 3145 Parisiensis
1136 3080 1184 3144 illi
1215 3080 1335 3145 saeculo

178 3188 382 3271 adsignatur.
416 3186 531 3271 Neq'ue
555 3189 641 3252 enirn
664 3189 693 3252 is
716 3188 859 3266 habitus,
884 3210 980 3271 quem
1003 3189 1126 3253 codicis
1148 3194 1335 3253 nostrorum

178 3296 349 3380 archetypi
371 3294 473 3360 fuisse
496 3296 596 3361 certis
619 3296 749 3361 indiciis
773 3295 988 3377 concluditur,
1011 3296 1129 3362 cadere
1152 3296 1281 3362 videtur
1301 3298 1335 3362 in

180 3404 326 3470 codicem
348 3402 624 3469 Nicomachorum
647 3404 981 3489 Symmachorumque
1005 3412 1153 3489 tempore
1176 3407 1335 3491 scriptum

179 3520 214 3578 et
235 3519 437 3592 correctum,
471 3533 536 3578 non
565 3532 630 3595 quo
651 3512 741 3578 hunc
762 3535 827 3578 non
852 3521 885 3579 et
907 3512 1099 3579 mendosum
1122 3514 1233 3579 multis
1255 3515 1335 3579 locis

178 3621 279 3715 fuisse
303 3627 337 3686 et
359 3619 500 3686 subinde
522 3621 758 3704 interpolatum
782 3622 925 3700 credam,
949 3621 1008 3691 sed
1031 3622 1121 3703 quod
1139 3627 1172 3686 et
1189 3623 1334 3705 ipsorum

179 3730 374 3795 mendorum
414 3729 513 3813 paulo
548 3729 648 3794 aliam
680 3728 821 3794 formam
854 3751 875 3794 a
909 3730 1152 3795 correctoribus
1185 3730 1335 3794 relictam

180 3859 252 3904 esse
292 3836 450 3902 credibile
488 3837 617 3903 videtur
656 3859 697 3904 ex
736 3839 855 3903 ceteris
894 3839 1132 3921 antiquissimis
1167 3837 1336 3903 codicibus

181 3946 324 4026 Latinis,
359 3945 447 4010 velut
468 3946 664 4031 Vergilianis
688 3954 720 4012 et
742 3947 965 4031 palimpsestis
989 3944 1229 4025 Ciceronianis,
1258 3967 1335 4010 con-

180 4055 341 4120 iecturam
371 4054 528 4137 capienti,
556 4061 591 4120 et
620 4057 726 4138 magis
755 4057 854 4120 etiam
876 4055 1081 4139 frequentem
1105 4053 1211 4119 verbis
1235 4075 1336 4138 supra

214 4309 232 4376 ¹)
252 4307 324 4378 [Hoc
351 4309 408 4363 iam
435 4327 459 4364 a.
483 4311 550 4365 1860
576 4310 701 4379 iniquius
728 4311 864 4379 seriptum
882 4309 1001 4365 iudicari
1024 4309 1120 4375 debet3
1147 4327 1222 4364 nunc
1242 4310 1334 4365 omnis

250 4396 386 4464 querendi
404 4411 489 4450 causa
506 4396 618 4450 sublata
635 4401 687 4451 est.
723 4396 785 4450 vid.
804 4395 879 4450 infra
896 4414 923 4466 p.
943 4394 996 4464 34.]
