<?xml version="1.0" encoding="UTF-8"?>
<!DOCTYPE html PUBLIC "-//W3C//DTD XHTML 1.0 Transitional//EN"
    "http://www.w3.org/TR/xhtml1/DTD/xhtml1-transitional.dtd">
<html xmlns="http://www.w3.org/1999/xhtml" xml:lang="en" lang="en">
 <head>
  <title>
</title>
<meta http-equiv="Content-Type" content="text/html;charset=utf-8" />
  <meta name='ocr-system' content='tesseract 3.04.00' />
  <meta name='ocr-capabilities' content='ocr_page ocr_carea ocr_par ocr_line ocrx_word'/>
</head>
<body>
  <div class='ocr_page' id='page_1' title='image "./emendationesliv00madvgoog_0592.png"; bbox 0 0 3000 5116; ppageno 0'>
   <div class='ocr_carea' id='block_1_1' title="bbox 690 500 1291 566">
    <p class='ocr_par' dir='ltr' id='par_1_1' title="bbox 690 500 1291 566">
     <span class='ocr_line' id='line_1_1' title="bbox 690 500 1291 566; baseline 0.008 -5"><span class='ocrx_word' id='word_1_1' title='bbox 690 500 751 561; x_wconf 80' lang='grc'>577</span> <span class='ocrx_word' id='word_1_2' title='bbox 1152 509 1214 564; x_wconf 84' lang='lat' dir='ltr'>Lib.</span> <span class='ocrx_word' id='word_1_3' title='bbox 1233 511 1291 566; x_wconf 83' lang='lat' dir='ltr'>XL.</span> 
     </span>
    </p>
   </div>
   <div class='ocr_carea' id='block_1_2' title="bbox 134 671 1410 4536">
    <p class='ocr_par' dir='ltr' id='par_1_2' title="bbox 134 671 1410 4536">
     <span class='ocr_line' id='line_1_2' title="bbox 134 671 1297 772; baseline -0.005 -18"><span class='ocrx_word' id='word_1_4' title='bbox 134 689 274 772; x_wconf 85' lang='lat' dir='ltr'>signis</span> <span class='ocrx_word' id='word_1_5' title='bbox 297 687 562 767; x_wconf 84' lang='lat' dir='ltr'>militaribus,</span> <span class='ocrx_word' id='word_1_6' title='bbox 586 687 703 770; x_wconf 89' lang='lat' dir='ltr'>equis</span> <span class='ocrx_word' id='word_1_7' title='bbox 725 706 850 769; x_wconf 89' lang='lat' dir='ltr'>prope</span> <span class='ocrx_word' id='word_1_8' title='bbox 873 683 983 748; x_wconf 91' lang='lat' dir='ltr'>mille</span> <span class='ocrx_word' id='word_1_9' title='bbox 1002 684 1168 749; x_wconf 83' lang='lat' dir='ltr'>centum.</span> <span class='ocrx_word' id='word_1_10' title='bbox 1202 671 1297 749; x_wconf 88' lang='lat' dir='ltr'>Nul-</span> 
     </span>
     <span class='ocr_line' id='line_1_3' title="bbox 140 792 1297 862; baseline -0.003 0"><span class='ocrx_word' id='word_1_11' title='bbox 140 798 194 862; x_wconf 88' lang='lat' dir='ltr'>Iis</span> <span class='ocrx_word' id='word_1_12' title='bbox 218 797 370 861; x_wconf 87' lang='lat' dir='ltr'>castris</span> <span class='ocrx_word' id='word_1_13' title='bbox 394 818 438 860; x_wconf 93' lang='lat' dir='ltr'>eo</span> <span class='ocrx_word' id='word_1_14' title='bbox 462 796 525 860; x_wconf 93' lang='lat' dir='ltr'>die</span> <span class='ocrx_word' id='word_1_15' title='bbox 556 796 687 860; x_wconf 85' lang='lat' dir='ltr'>vietor</span> <span class='ocrx_word' id='word_1_16' title='bbox 715 794 926 859; x_wconf 85' lang='lat' dir='ltr'>exercitus</span> <span class='ocrx_word' id='word_1_17' title='bbox 955 792 1112 857; x_wconf 89' lang='lat' dir='ltr'>mansit.</span> <span class='ocrx_word' id='word_1_18' title='bbox 1159 793 1297 859; x_wconf 88' lang='lat' dir='ltr'>Victo-</span> 
     </span>
     <span class='ocr_line' id='line_1_4' title="bbox 142 900 1299 984; baseline -0.004 -13"><span class='ocrx_word' id='word_1_19' title='bbox 142 907 206 971; x_wconf 89' lang='lat' dir='ltr'>ria</span> <span class='ocrx_word' id='word_1_20' title='bbox 228 927 306 971; x_wconf 92' lang='lat' dir='ltr'>non</span> <span class='ocrx_word' id='word_1_21' title='bbox 330 905 415 969; x_wconf 91' lang='lat' dir='ltr'>sine</span> <span class='ocrx_word' id='word_1_22' title='bbox 437 905 598 968; x_wconf 91' lang='lat' dir='ltr'>iactura</span> <span class='ocrx_word' id='word_1_23' title='bbox 621 902 796 968; x_wconf 90' lang='lat' dir='ltr'>militum</span> <span class='ocrx_word' id='word_1_24' title='bbox 818 902 915 980; x_wconf 86' lang='lat' dir='ltr'>fuit;</span> <span class='ocrx_word' id='word_1_25' title='bbox 940 900 1233 984; x_wconf 78' lang='lat' dir='ltr'><strong>quadringenti</strong></span> <span class='ocrx_word' id='word_1_26' title='bbox 1255 939 1299 949; x_wconf 93' lang='lat'>-</span> 
     </span>
     <span class='ocr_line' id='line_1_5' title="bbox 141 1008 1300 1099; baseline -0.002 -21"><span class='ocrx_word' id='word_1_27' title='bbox 141 1014 367 1099; x_wconf 88' lang='lat' dir='ltr'>perierunt.</span> <span class='ocrx_word' id='word_1_28' title='bbox 401 1011 536 1075; x_wconf 93' lang='lat' dir='ltr'>Nullis</span> <span class='ocrx_word' id='word_1_29' title='bbox 554 1012 706 1076; x_wconf 87' lang='lat' dir='ltr'>castris</span> <span class='ocrx_word' id='word_1_30' title='bbox 725 1031 885 1074; x_wconf 87' lang='lat' dir='ltr'>manere</span> <span class='ocrx_word' id='word_1_31' title='bbox 904 1008 1193 1076; x_wconf 87' lang='lat' dir='ltr'>Drakenborohius</span> <span class='ocrx_word' id='word_1_32' title='bbox 1213 1011 1300 1076; x_wconf 91' lang='lat' dir='ltr'>vide·</span> 
     </span>
     <span class='ocr_line' id='line_1_6' title="bbox 136 1115 1301 1204; baseline -0.001 -18"><span class='ocrx_word' id='word_1_33' title='bbox 136 1129 198 1186; x_wconf 83' lang='lat' dir='ltr'>tur</span> <span class='ocrx_word' id='word_1_34' title='bbox 216 1123 263 1186; x_wconf 89' lang='lat' dir='ltr'>sic</span> <span class='ocrx_word' id='word_1_35' title='bbox 279 1121 438 1204; x_wconf 87' lang='lat' dir='ltr'>accipere,</span> <span class='ocrx_word' id='word_1_36' title='bbox 458 1126 495 1183; x_wconf 88' lang='lat' dir='ltr'>ut</span> <span class='ocrx_word' id='word_1_37' title='bbox 512 1121 563 1195; x_wconf 90' lang='lat' dir='ltr'>sit,</span> <span class='ocrx_word' id='word_1_38' title='bbox 582 1120 698 1183; x_wconf 87' lang='lat' dir='ltr'>castris</span> <span class='ocrx_word' id='word_1_39' title='bbox 721 1140 787 1183; x_wconf 92' lang='lat' dir='ltr'>non</span> <span class='ocrx_word' id='word_1_40' title='bbox 806 1119 923 1202; x_wconf 89' lang='lat' dir='ltr'>positis</span> <span class='ocrx_word' id='word_1_41' title='bbox 941 1138 1001 1182; x_wconf 90' lang='lat' dir='ltr'>nec</span> <span class='ocrx_word' id='word_1_42' title='bbox 1017 1115 1152 1184; x_wconf 87' lang='lat' dir='ltr'>munitis</span> <span class='ocrx_word' id='word_1_43' title='bbox 1165 1142 1301 1202; x_wconf 89' lang='lat' dir='ltr'>pernoc-</span> 
     </span>
     <span class='ocr_line' id='line_1_7' title="bbox 148 1225 1301 1310; baseline 0.002 -17"><span class='ocrx_word' id='word_1_44' title='bbox 148 1237 237 1309; x_wconf 89' lang='lat' dir='ltr'>tare;</span> <span class='ocrx_word' id='word_1_45' title='bbox 259 1250 335 1293; x_wconf 91' lang='lat' dir='ltr'>nam</span> <span class='ocrx_word' id='word_1_46' title='bbox 358 1228 522 1292; x_wconf 87' lang='lat' dir='ltr'>Romanos</span> <span class='ocrx_word' id='word_1_47' title='bbox 545 1249 651 1309; x_wconf 85' lang='lat' dir='ltr'>neque</span> <span class='ocrx_word' id='word_1_48' title='bbox 673 1228 707 1290; x_wconf 91' lang='lat' dir='ltr'>in</span> <span class='ocrx_word' id='word_1_49' title='bbox 730 1248 791 1291; x_wconf 90' lang='lat' dir='ltr'>sua</span> <span class='ocrx_word' id='word_1_50' title='bbox 813 1234 922 1291; x_wconf 88' lang='lat' dir='ltr'>castra</span> <span class='ocrx_word' id='word_1_51' title='bbox 944 1225 1052 1290; x_wconf 89' lang='lat' dir='ltr'>redire</span> <span class='ocrx_word' id='word_1_52' title='bbox 1075 1229 1223 1310; x_wconf 87' lang='lat' dir='ltr'>potuisse</span> <span class='ocrx_word' id='word_1_53' title='bbox 1245 1251 1301 1295; x_wconf 91' lang='lat' dir='ltr'>ne·</span> 
     </span>
     <span class='ocr_line' id='line_1_8' title="bbox 142 1334 1301 1419; baseline 0.002 -18"><span class='ocrx_word' id='word_1_54' title='bbox 142 1358 206 1419; x_wconf 91' lang='lat' dir='ltr'>que</span> <span class='ocrx_word' id='word_1_55' title='bbox 228 1338 262 1401; x_wconf 91' lang='lat' dir='ltr'>in</span> <span class='ocrx_word' id='word_1_56' title='bbox 284 1336 427 1400; x_wconf 87' lang='lat' dir='ltr'>hostium</span> <span class='ocrx_word' id='word_1_57' title='bbox 450 1357 591 1414; x_wconf 88' lang='lat' dir='ltr'>manere,</span> <span class='ocrx_word' id='word_1_58' title='bbox 615 1336 692 1417; x_wconf 91' lang='lat' dir='ltr'>quia</span> <span class='ocrx_word' id='word_1_59' title='bbox 714 1334 748 1398; x_wconf 92' lang='lat' dir='ltr'>hi</span> <span class='ocrx_word' id='word_1_60' title='bbox 771 1341 902 1399; x_wconf 88' lang='lat' dir='ltr'>tantum</span> <span class='ocrx_word' id='word_1_61' title='bbox 920 1334 1040 1399; x_wconf 85' lang='lat' dir='ltr'>’&#39;variis</span> <span class='ocrx_word' id='word_1_62' title='bbox 1058 1335 1157 1400; x_wconf 90' lang='lat' dir='ltr'>locis”</span> <span class='ocrx_word' id='word_1_63' title='bbox 1180 1338 1301 1404; x_wconf 87' lang='lat' dir='ltr'>saltum</span> 
     </span>
     <span class='ocr_line' id='line_1_9' title="bbox 141 1442 1304 1526; baseline 0.001 -15"><span class='ocrx_word' id='word_1_64' title='bbox 141 1445 345 1511; x_wconf 81' lang='lat' dir='ltr'>Manlianum</span> <span class='ocrx_word' id='word_1_65' title='bbox 373 1444 563 1512; x_wconf 82' lang='lat' dir='ltr'>insederint.</span> <span class='ocrx_word' id='word_1_66' title='bbox 610 1443 681 1507; x_wconf 88' lang='lat' dir='ltr'>Hoc</span> <span class='ocrx_word' id='word_1_67' title='bbox 704 1443 835 1524; x_wconf 89' lang='lat' dir='ltr'>quidem</span> <span class='ocrx_word' id='word_1_68' title='bbox 859 1442 905 1523; x_wconf 85' lang='lat' dir='ltr'>(in</span> <span class='ocrx_word' id='word_1_69' title='bbox 931 1464 995 1526; x_wconf 94' lang='lat' dir='ltr'>quo</span> <span class='ocrx_word' id='word_1_70' title='bbox 1019 1444 1111 1507; x_wconf 86' lang='lat' dir='ltr'>varia</span> <span class='ocrx_word' id='word_1_71' title='bbox 1140 1445 1199 1509; x_wconf 86' lang='lat' dir='ltr'>illa</span> <span class='ocrx_word' id='word_1_72' title='bbox 1229 1447 1304 1512; x_wconf 77' lang='lat' dir='ltr'>loc&#39;a</span> 
     </span>
     <span class='ocr_line' id='line_1_10' title="bbox 150 1550 1304 1637; baseline 0.003 -20"><span class='ocrx_word' id='word_1_73' title='bbox 150 1554 235 1618; x_wconf 86' lang='lat' dir='ltr'>Livii</span> <span class='ocrx_word' id='word_1_74' title='bbox 257 1553 440 1632; x_wconf 71' lang='lat' dir='ltr'>narrationi</span> <span class='ocrx_word' id='word_1_75' title='bbox 463 1553 532 1635; x_wconf 89' lang='lat' dir='ltr'>ipse</span> <span class='ocrx_word' id='word_1_76' title='bbox 556 1550 662 1633; x_wconf 86' lang='lat' dir='ltr'>addit)</span> <span class='ocrx_word' id='word_1_77' title='bbox 680 1552 777 1632; x_wconf 88' lang='lat' dir='ltr'>quale</span> <span class='ocrx_word' id='word_1_78' title='bbox 797 1552 848 1629; x_wconf 90' lang='lat' dir='ltr'>sit,</span> <span class='ocrx_word' id='word_1_79' title='bbox 872 1550 937 1614; x_wconf 83' lang='lat' dir='ltr'>noir</span> <span class='ocrx_word' id='word_1_80' title='bbox 957 1550 1125 1632; x_wconf 77' lang='lat' dir='ltr'>intellego,</span> <span class='ocrx_word' id='word_1_81' title='bbox 1149 1555 1206 1618; x_wconf 89' lang='lat' dir='ltr'>sed</span> <span class='ocrx_word' id='word_1_82' title='bbox 1224 1556 1304 1637; x_wconf 87' lang='lat' dir='ltr'>quid</span> 
     </span>
     <span class='ocr_line' id='line_1_11' title="bbox 148 1659 1305 1742; baseline 0.002 -15"><span class='ocrx_word' id='word_1_83' title='bbox 148 1669 230 1740; x_wconf 91' lang='lat' dir='ltr'>erat,</span> <span class='ocrx_word' id='word_1_84' title='bbox 256 1683 314 1725; x_wconf 89' lang='lat' dir='ltr'>our</span> <span class='ocrx_word' id='word_1_85' title='bbox 336 1681 403 1724; x_wconf 91' lang='lat' dir='ltr'>uon</span> <span class='ocrx_word' id='word_1_86' title='bbox 426 1661 576 1737; x_wconf 87' lang='lat' dir='ltr'>Romani,</span> <span class='ocrx_word' id='word_1_87' title='bbox 599 1659 751 1724; x_wconf 83' lang='lat' dir='ltr'>hostibus</span> <span class='ocrx_word' id='word_1_88' title='bbox 773 1660 877 1736; x_wconf 83' lang='lat' dir='ltr'>victis,</span> <span class='ocrx_word' id='word_1_89' title='bbox 900 1679 983 1722; x_wconf 83' lang='lat' dir='ltr'>nova</span> <span class='ocrx_word' id='word_1_90' title='bbox 1004 1660 1069 1742; x_wconf 90' lang='lat' dir='ltr'>ipsi</span> <span class='ocrx_word' id='word_1_91' title='bbox 1087 1669 1196 1726; x_wconf 87' lang='lat' dir='ltr'>castra</span> <span class='ocrx_word' id='word_1_92' title='bbox 1218 1664 1305 1729; x_wconf 89' lang='lat' dir='ltr'>face-</span> 
     </span>
     <span class='ocr_line' id='line_1_12' title="bbox 144 1767 1305 1850; baseline 0.001 -14"><span class='ocrx_word' id='word_1_93' title='bbox 144 1772 245 1836; x_wconf 79' lang='lat' dir='ltr'>rent?</span> <span class='ocrx_word' id='word_1_94' title='bbox 290 1769 366 1833; x_wconf 89' lang='lat' dir='ltr'>Sine</span> <span class='ocrx_word' id='word_1_95' title='bbox 394 1768 511 1832; x_wconf 90' lang='lat' dir='ltr'>castris</span> <span class='ocrx_word' id='word_1_96' title='bbox 541 1767 672 1849; x_wconf 91' lang='lat' dir='ltr'>quidem</span> <span class='ocrx_word' id='word_1_97' title='bbox 700 1773 815 1850; x_wconf 89' lang='lat' dir='ltr'>aperto</span> <span class='ocrx_word' id='word_1_98' title='bbox 844 1788 960 1849; x_wconf 88' lang='lat' dir='ltr'>campo</span> <span class='ocrx_word' id='word_1_99' title='bbox 994 1771 1157 1834; x_wconf 76' lang='lat' dir='ltr'>exercilus</span> <span class='ocrx_word' id='word_1_100' title='bbox 1187 1772 1305 1836; x_wconf 89' lang='lat' dir='ltr'>Roma·</span> 
     </span>
     <span class='ocr_line' id='line_1_13' title="bbox 143 1876 1394 1971; baseline 0.001 -27"><span class='ocrx_word' id='word_1_101' title='bbox 143 1899 205 1944; x_wconf 85' lang='lat' dir='ltr'>nus</span> <span class='ocrx_word' id='word_1_102' title='bbox 231 1879 335 1942; x_wconf 82' lang='lat' dir='ltr'>victor</span> <span class='ocrx_word' id='word_1_103' title='bbox 357 1878 412 1940; x_wconf 84' lang='lat' dir='ltr'>vix</span> <span class='ocrx_word' id='word_1_104' title='bbox 435 1897 592 1958; x_wconf 89' lang='lat' dir='ltr'>umquam</span> <span class='ocrx_word' id='word_1_105' title='bbox 614 1883 744 1939; x_wconf 89' lang='lat' dir='ltr'>noctem</span> <span class='ocrx_word' id='word_1_106' title='bbox 774 1876 855 1957; x_wconf 79' lang='lat' dir='ltr'>egit,</span> <span class='ocrx_word' id='word_1_107' title='bbox 878 1896 983 1957; x_wconf 90' lang='lat' dir='ltr'>neque</span> <span class='ocrx_word' id='word_1_108' title='bbox 1013 1877 1083 1940; x_wconf 90' lang='lat' dir='ltr'>eius</span> <span class='ocrx_word' id='word_1_109' title='bbox 1111 1879 1160 1941; x_wconf 88' lang='lat' dir='ltr'>rei</span> <span class='ocrx_word' id='word_1_110' title='bbox 1183 1882 1305 1946; x_wconf 90' lang='lat' dir='ltr'>mentio</span> <span class='ocrx_word' id='word_1_111' title='bbox 1386 1943 1394 1971; x_wconf 61' lang='lat'>‚</span> 
     </span>
     <span class='ocr_line' id='line_1_14' title="bbox 144 1983 1307 2066; baseline 0.002 -15"><span class='ocrx_word' id='word_1_112' title='bbox 144 1987 214 2052; x_wconf 70' lang='lat' dir='ltr'>‚hoc</span> <span class='ocrx_word' id='word_1_113' title='bbox 241 1987 313 2050; x_wconf 89' lang='lat' dir='ltr'>loco</span> <span class='ocrx_word' id='word_1_114' title='bbox 342 1987 427 2048; x_wconf 90' lang='lat' dir='ltr'>inter</span> <span class='ocrx_word' id='word_1_115' title='bbox 455 1983 602 2048; x_wconf 91' lang='lat' dir='ltr'>hostium</span> <span class='ocrx_word' id='word_1_116' title='bbox 635 2000 793 2048; x_wconf 87' lang='lat' dir='ltr'>caesorum</span> <span class='ocrx_word' id='word_1_117' title='bbox 823 1991 1063 2066; x_wconf 86' lang='lat' dir='ltr'>captorumque</span> <span class='ocrx_word' id='word_1_118' title='bbox 1087 1992 1120 2049; x_wconf 88' lang='lat' dir='ltr'>et</span> <span class='ocrx_word' id='word_1_119' title='bbox 1143 1987 1307 2054; x_wconf 86' lang='lat' dir='ltr'>Romano-</span> 
     </span>
     <span class='ocr_line' id='line_1_15' title="bbox 154 2093 1308 2180; baseline 0.002 -21"><span class='ocrx_word' id='word_1_120' title='bbox 154 2117 229 2160; x_wconf 89' lang='lat' dir='ltr'>rum</span> <span class='ocrx_word' id='word_1_121' title='bbox 262 2093 511 2158; x_wconf 84' lang='lat' dir='ltr'>intersectorum</span> <span class='ocrx_word' id='word_1_122' title='bbox 545 2112 714 2155; x_wconf 90' lang='lat' dir='ltr'>numerum</span> <span class='ocrx_word' id='word_1_123' title='bbox 747 2093 913 2174; x_wconf 90' lang='lat' dir='ltr'>interponi</span> <span class='ocrx_word' id='word_1_124' title='bbox 946 2099 1034 2157; x_wconf 90' lang='lat' dir='ltr'>recte</span> <span class='ocrx_word' id='word_1_125' title='bbox 1069 2102 1208 2176; x_wconf 88' lang='lat' dir='ltr'>poterat.</span> <span class='ocrx_word' id='word_1_126' title='bbox 1254 2097 1308 2180; x_wconf 92' lang='lat' dir='ltr'>Ip-</span> 
     </span>
     <span class='ocr_line' id='line_1_16' title="bbox 140 2201 1307 2285; baseline 0.002 -17"><span class='ocrx_word' id='word_1_127' title='bbox 140 2225 218 2268; x_wconf 84' lang='lat' dir='ltr'>sum</span> <span class='ocrx_word' id='word_1_128' title='bbox 242 2210 351 2267; x_wconf 87' lang='lat' dir='ltr'>autem</span> <span class='ocrx_word' id='word_1_129' title='bbox 374 2201 458 2285; x_wconf 70' lang='lat' dir='ltr'>illud</span> <span class='ocrx_word' id='word_1_130' title='bbox 491 2201 623 2264; x_wconf 92' lang='lat' dir='ltr'>nullis</span> <span class='ocrx_word' id='word_1_131' title='bbox 655 2201 690 2263; x_wconf 92' lang='lat' dir='ltr'>in</span> <span class='ocrx_word' id='word_1_132' title='bbox 719 2201 824 2264; x_wconf 87' lang='lat' dir='ltr'>altera</span> <span class='ocrx_word' id='word_1_133' title='bbox 853 2201 983 2265; x_wconf 89' lang='lat' dir='ltr'>demum</span> <span class='ocrx_word' id='word_1_134' title='bbox 1012 2201 1154 2265; x_wconf 92' lang='lat' dir='ltr'>editione</span> <span class='ocrx_word' id='word_1_135' title='bbox 1183 2202 1307 2269; x_wconf 89' lang='lat' dir='ltr'>Frobe-</span> 
     </span>
     <span class='ocr_line' id='line_1_17' title="bbox 149 2309 1307 2397; baseline 0.001 -20"><span class='ocrx_word' id='word_1_136' title='bbox 149 2313 253 2377; x_wconf 87' lang='lat' dir='ltr'>niana</span> <span class='ocrx_word' id='word_1_137' title='bbox 274 2317 388 2375; x_wconf 88' lang='lat' dir='ltr'>natum</span> <span class='ocrx_word' id='word_1_138' title='bbox 413 2318 476 2389; x_wconf 89' lang='lat' dir='ltr'>est;</span> <span class='ocrx_word' id='word_1_139' title='bbox 511 2310 695 2391; x_wconf 81' lang='lat' dir='ltr'>Iloguntini</span> <span class='ocrx_word' id='word_1_140' title='bbox 718 2309 890 2373; x_wconf 87' lang='lat' dir='ltr'>ediderant</span> <span class='ocrx_word' id='word_1_141' title='bbox 911 2310 950 2372; x_wconf 92' lang='lat' dir='ltr'>in</span> <span class='ocrx_word' id='word_1_142' title='bbox 977 2310 1082 2388; x_wconf 90' lang='lat' dir='ltr'>illis,</span> <span class='ocrx_word' id='word_1_143' title='bbox 1114 2312 1202 2393; x_wconf 86' lang='lat' dir='ltr'>quod</span> <span class='ocrx_word' id='word_1_144' title='bbox 1233 2335 1307 2397; x_wconf 93' lang='lat' dir='ltr'>pro-</span> 
     </span>
     <span class='ocr_line' id='line_1_18' title="bbox 140 2416 1308 2504; baseline 0.001 -19"><span class='ocrx_word' id='word_1_145' title='bbox 140 2441 268 2486; x_wconf 83' lang='lat' dir='ltr'>nomen</span> <span class='ocrx_word' id='word_1_146' title='bbox 296 2419 441 2496; x_wconf 91' lang='lat' dir='ltr'>omnino,</span> <span class='ocrx_word' id='word_1_147' title='bbox 471 2439 536 2499; x_wconf 91' lang='lat' dir='ltr'>quo</span> <span class='ocrx_word' id='word_1_148' title='bbox 560 2418 736 2498; x_wconf 87' lang='lat' dir='ltr'>referatur,</span> <span class='ocrx_word' id='word_1_149' title='bbox 759 2416 958 2482; x_wconf 87' lang='lat' dir='ltr'>nonhabet.</span> <span class='ocrx_word' id='word_1_150' title='bbox 1003 2417 1151 2501; x_wconf 84' lang='lat' dir='ltr'>Apparet</span> <span class='ocrx_word' id='word_1_151' title='bbox 1172 2420 1308 2504; x_wconf 90' lang='lat' dir='ltr'>Livium,</span> 
     </span>
     <span class='ocr_line' id='line_1_19' title="bbox 152 2527 1308 2611; baseline 0.002 -18"><span class='ocrx_word' id='word_1_152' title='bbox 152 2528 298 2593; x_wconf 89' lang='lat' dir='ltr'>hostium</span> <span class='ocrx_word' id='word_1_153' title='bbox 322 2547 481 2591; x_wconf 88' lang='lat' dir='ltr'>caesorum</span> <span class='ocrx_word' id='word_1_154' title='bbox 504 2532 739 2610; x_wconf 86' lang='lat' dir='ltr'>captorumque</span> <span class='ocrx_word' id='word_1_155' title='bbox 767 2547 902 2590; x_wconf 90' lang='lat' dir='ltr'>numero</span> <span class='ocrx_word' id='word_1_156' title='bbox 931 2527 1038 2609; x_wconf 90' lang='lat' dir='ltr'>posito</span> <span class='ocrx_word' id='word_1_157' title='bbox 1063 2548 1135 2591; x_wconf 89' lang='lat' dir='ltr'>cum</span> <span class='ocrx_word' id='word_1_158' title='bbox 1159 2531 1251 2611; x_wconf 91' lang='lat' dir='ltr'>equis</span> <span class='ocrx_word' id='word_1_159' title='bbox 1276 2538 1308 2595; x_wconf 89' lang='lat' dir='ltr'>et</span> 
     </span>
     <span class='ocr_line' id='line_1_20' title="bbox 148 2634 1308 2718; baseline 0.005 -19"><span class='ocrx_word' id='word_1_160' title='bbox 148 2637 258 2718; x_wconf 82' lang='lat' dir='ltr'>signis</span> <span class='ocrx_word' id='word_1_161' title='bbox 280 2635 477 2699; x_wconf 88' lang='lat' dir='ltr'>militaribus</span> <span class='ocrx_word' id='word_1_162' title='bbox 501 2635 679 2713; x_wconf 88' lang='lat' dir='ltr'>addidisse,</span> <span class='ocrx_word' id='word_1_163' title='bbox 697 2634 865 2698; x_wconf 90' lang='lat' dir='ltr'>Romanos</span> <span class='ocrx_word' id='word_1_164' title='bbox 882 2634 938 2699; x_wconf 94' lang='lat' dir='ltr'>illo</span> <span class='ocrx_word' id='word_1_165' title='bbox 957 2635 1009 2700; x_wconf 92' lang='lat' dir='ltr'>die</span> <span class='ocrx_word' id='word_1_166' title='bbox 1027 2635 1172 2702; x_wconf 89' lang='lat' dir='ltr'>hostium</span> <span class='ocrx_word' id='word_1_167' title='bbox 1191 2642 1308 2705; x_wconf 89' lang='lat' dir='ltr'>castris</span> 
     </span>
     <span class='ocr_line' id='line_1_21' title="bbox 151 2742 1310 2825; baseline 0.003 -16"><span class='ocrx_word' id='word_1_168' title='bbox 151 2745 327 2820; x_wconf 85' lang='lat' dir='ltr'>mansisse,</span> <span class='ocrx_word' id='word_1_169' title='bbox 351 2742 414 2820; x_wconf 88' lang='lat' dir='ltr'>hoc</span> <span class='ocrx_word' id='word_1_170' title='bbox 438 2748 497 2820; x_wconf 89' lang='lat' dir='ltr'>est,</span> <span class='ocrx_word' id='word_1_171' title='bbox 522 2763 561 2806; x_wconf 92' lang='lat' dir='ltr'>ea</span> <span class='ocrx_word' id='word_1_172' title='bbox 585 2744 708 2825; x_wconf 84' lang='lat' dir='ltr'>cepisse</span> <span class='ocrx_word' id='word_1_173' title='bbox 732 2748 765 2805; x_wconf 86' lang='lat' dir='ltr'>et</span> <span class='ocrx_word' id='word_1_174' title='bbox 787 2743 833 2806; x_wconf 84' lang='lat' dir='ltr'>sIc</span> <span class='ocrx_word' id='word_1_175' title='bbox 857 2763 917 2805; x_wconf 88' lang='lat' dir='ltr'>sua</span> <span class='ocrx_word' id='word_1_176' title='bbox 941 2749 1051 2806; x_wconf 87' lang='lat' dir='ltr'>castra</span> <span class='ocrx_word' id='word_1_177' title='bbox 1073 2747 1239 2810; x_wconf 88' lang='lat' dir='ltr'>muniendi</span> <span class='ocrx_word' id='word_1_178' title='bbox 1263 2749 1310 2812; x_wconf 91' lang='lat' dir='ltr'>la-</span> 
     </span>
     <span class='ocr_line' id='line_1_22' title="bbox 156 2849 1308 2934; baseline 0.003 -18"><span class='ocrx_word' id='word_1_179' title='bbox 156 2851 238 2916; x_wconf 91' lang='lat' dir='ltr'>bore</span> <span class='ocrx_word' id='word_1_180' title='bbox 260 2851 384 2915; x_wconf 81' lang='lat' dir='ltr'>levatos</span> <span class='ocrx_word' id='word_1_181' title='bbox 408 2872 497 2930; x_wconf 89' lang='lat' dir='ltr'>esse;</span> <span class='ocrx_word' id='word_1_182' title='bbox 519 2869 653 2934; x_wconf 90' lang='lat' dir='ltr'>prorsus</span> <span class='ocrx_word' id='word_1_183' title='bbox 677 2852 764 2914; x_wconf 90' lang='lat' dir='ltr'>enim</span> <span class='ocrx_word' id='word_1_184' title='bbox 786 2849 926 2914; x_wconf 89' lang='lat' dir='ltr'>eundem</span> <span class='ocrx_word' id='word_1_185' title='bbox 954 2850 1062 2914; x_wconf 90' lang='lat' dir='ltr'>Iocum</span> <span class='ocrx_word' id='word_1_186' title='bbox 1090 2853 1122 2914; x_wconf 95' lang='lat' dir='ltr'>in</span> <span class='ocrx_word' id='word_1_187' title='bbox 1146 2857 1308 2920; x_wconf 86' lang='lat' dir='ltr'>narratio-</span> 
     </span>
     <span class='ocr_line' id='line_1_23' title="bbox 153 2949 1309 3044; baseline 0.002 -19"><span class='ocrx_word' id='word_1_188' title='bbox 153 2961 207 3025; x_wconf 88' lang='lat' dir='ltr'>nis</span> <span class='ocrx_word' id='word_1_189' title='bbox 231 2959 345 3025; x_wconf 91' lang='lat' dir='ltr'>ordine</span> <span class='ocrx_word' id='word_1_190' title='bbox 368 2958 437 3023; x_wconf 86' lang='lat' dir='ltr'>haec</span> <span class='ocrx_word' id='word_1_191' title='bbox 460 2959 560 3022; x_wconf 85' lang='lat' dir='ltr'>verba</span> <span class='ocrx_word' id='word_1_192' title='bbox 589 2959 753 3036; x_wconf 88' lang='lat' dir='ltr'>obtinent,</span> <span class='ocrx_word' id='word_1_193' title='bbox 777 2949 944 3041; x_wconf 51' lang='lat' dir='ltr'>quemsut</span> <span class='ocrx_word' id='word_1_194' title='bbox 966 2957 1028 3022; x_wconf 94' lang='lat' dir='ltr'>hoc</span> <span class='ocrx_word' id='word_1_195' title='bbox 1052 2962 1200 3044; x_wconf 82' lang='lat' dir='ltr'>exemplo</span> <span class='ocrx_word' id='word_1_196' title='bbox 1222 2970 1309 3043; x_wconf 89' lang='lat' dir='ltr'>utar,</span> 
     </span>
     <span class='ocr_line' id='line_1_24' title="bbox 157 3065 1310 3145; baseline 0.001 -12"><span class='ocrx_word' id='word_1_197' title='bbox 157 3069 229 3133; x_wconf 86' lang='lat' dir='ltr'>haeo</span> <span class='ocrx_word' id='word_1_198' title='bbox 263 3070 297 3132; x_wconf 91' lang='lat' dir='ltr'>in</span> <span class='ocrx_word' id='word_1_199' title='bbox 330 3066 414 3131; x_wconf 91' lang='lat' dir='ltr'>libro</span> <span class='ocrx_word' id='word_1_200' title='bbox 449 3065 597 3142; x_wconf 82' lang='lat' dir='ltr'>XXXIX,</span> <span class='ocrx_word' id='word_1_201' title='bbox 621 3071 672 3145; x_wconf 82' lang='lat'>21,</span> <span class='ocrx_word' id='word_1_202' title='bbox 702 3070 736 3128; x_wconf 81' lang='lat'>9:</span> <span class='ocrx_word' id='word_1_203' title='bbox 772 3065 814 3128; x_wconf 89' lang='lat' dir='ltr'>ad</span> <span class='ocrx_word' id='word_1_204' title='bbox 848 3065 921 3128; x_wconf 93' lang='lat' dir='ltr'>XII</span> <span class='ocrx_word' id='word_1_205' title='bbox 944 3066 1077 3129; x_wconf 90' lang='lat' dir='ltr'>millia</span> <span class='ocrx_word' id='word_1_206' title='bbox 1109 3067 1310 3135; x_wconf 90' lang='lat' dir='ltr'>homiuum</span> 
     </span>
     <span class='ocr_line' id='line_1_25' title="bbox 147 3174 1301 3258; baseline -0.001 -16"><span class='ocrx_word' id='word_1_207' title='bbox 147 3198 269 3253; x_wconf 83' lang='lat' dir='ltr'>oaesa,</span> <span class='ocrx_word' id='word_1_208' title='bbox 292 3177 380 3258; x_wconf 91' lang='lat' dir='ltr'>plus</span> <span class='ocrx_word' id='word_1_209' title='bbox 405 3176 481 3240; x_wconf 92' lang='lat' dir='ltr'>duo</span> <span class='ocrx_word' id='word_1_210' title='bbox 506 3182 627 3257; x_wconf 87' lang='lat' dir='ltr'>capta</span> <span class='ocrx_word' id='word_1_211' title='bbox 657 3180 695 3237; x_wconf 93' lang='lat' dir='ltr'>et</span> <span class='ocrx_word' id='word_1_212' title='bbox 723 3175 878 3238; x_wconf 90' lang='lat' dir='ltr'>castris</span> <span class='ocrx_word' id='word_1_213' title='bbox 908 3174 1104 3239; x_wconf 89' lang='lat' dir='ltr'>Romanus</span> <span class='ocrx_word' id='word_1_214' title='bbox 1136 3178 1301 3258; x_wconf 91' lang='lat' dir='ltr'>potitur.</span> 
     </span>
     <span class='ocr_line' id='line_1_26' title="bbox 154 3282 1311 3367; baseline 0 -17"><span class='ocrx_word' id='word_1_215' title='bbox 154 3285 272 3367; x_wconf 85' lang='lat' dir='ltr'>Itaque</span> <span class='ocrx_word' id='word_1_216' title='bbox 296 3286 379 3349; x_wconf 85' lang='lat' dir='ltr'>latet</span> <span class='ocrx_word' id='word_1_217' title='bbox 401 3283 543 3365; x_wconf 88' lang='lat' dir='ltr'>aliquid,</span> <span class='ocrx_word' id='word_1_218' title='bbox 574 3304 638 3365; x_wconf 92' lang='lat' dir='ltr'>quo</span> <span class='ocrx_word' id='word_1_219' title='bbox 662 3282 805 3346; x_wconf 88' lang='lat' dir='ltr'>hostium</span> <span class='ocrx_word' id='word_1_220' title='bbox 836 3290 947 3346; x_wconf 89' lang='lat' dir='ltr'>castra</span> <span class='ocrx_word' id='word_1_221' title='bbox 970 3284 1204 3366; x_wconf 85' lang='lat' dir='ltr'>significentur.</span> <span class='ocrx_word' id='word_1_222' title='bbox 1228 3285 1311 3351; x_wconf 91' lang='lat' dir='ltr'>Mihi</span> 
     </span>
     <span class='ocr_line' id='line_1_27' title="bbox 153 3390 1310 3478; baseline 0.002 -20"><span class='ocrx_word' id='word_1_223' title='bbox 153 3393 291 3476; x_wconf 87' lang='lat' dir='ltr'>quidem</span> <span class='ocrx_word' id='word_1_224' title='bbox 329 3391 503 3476; x_wconf 87' lang='lat' dir='ltr'>probabile</span> <span class='ocrx_word' id='word_1_225' title='bbox 542 3390 685 3469; x_wconf 83' lang='lat' dir='ltr'>videtur,</span> <span class='ocrx_word' id='word_1_226' title='bbox 725 3391 852 3455; x_wconf 88' lang='lat' dir='ltr'>Livium</span> <span class='ocrx_word' id='word_1_227' title='bbox 894 3392 1081 3476; x_wconf 84' lang='lat' dir='ltr'>scripsisse:</span> <span class='ocrx_word' id='word_1_228' title='bbox 1119 3427 1163 3439; x_wconf 92' lang='lat'>·-</span> <span class='ocrx_word' id='word_1_229' title='bbox 1196 3396 1310 3478; x_wconf 91' lang='lat' dir='ltr'>equis</span> 
     </span>
     <span class='ocr_line' id='line_1_28' title="bbox 152 3498 1310 3588; baseline 0.001 -21"><span class='ocrx_word' id='word_1_230' title='bbox 152 3523 284 3588; x_wconf 89' lang='lat' dir='ltr'>prope</span> <span class='ocrx_word' id='word_1_231' title='bbox 303 3499 425 3565; x_wconf 91' lang='lat' dir='ltr'>mille.</span> <span class='ocrx_word' id='word_1_232' title='bbox 450 3498 700 3562; x_wconf 78' lang='lat' dir='ltr'>dcltlberlcls</span> <span class='ocrx_word' id='word_1_233' title='bbox 718 3500 871 3563; x_wconf 87' lang='lat' dir='ltr'>castris</span> <span class='ocrx_word' id='word_1_234' title='bbox 894 3521 937 3564; x_wconf 92' lang='lat' dir='ltr'>eo</span> <span class='ocrx_word' id='word_1_235' title='bbox 961 3501 1025 3565; x_wconf 89' lang='lat' dir='ltr'>die</span> <span class='ocrx_word' id='word_1_236' title='bbox 1047 3502 1182 3567; x_wconf 81' lang='lat' dir='ltr'>victor</span> <span class='ocrx_word' id='word_1_237' title='bbox 1200 3525 1310 3569; x_wconf 86' lang='lat' dir='ltr'>exer·</span> 
     </span>
     <span class='ocr_line' id='line_1_29' title="bbox 154 3590 1311 3691; baseline 0.001 -15"><span class='ocrx_word' id='word_1_238' title='bbox 154 3612 267 3676; x_wconf 87' lang='lat' dir='ltr'>citus</span> <span class='ocrx_word' id='word_1_239' title='bbox 290 3611 446 3674; x_wconf 88' lang='lat' dir='ltr'>mansit.</span> <span class='ocrx_word' id='word_1_240' title='bbox 492 3590 663 3672; x_wconf 75' lang='lat' dir='ltr'>Adiebtiuo</span> <span class='ocrx_word' id='word_1_241' title='bbox 682 3607 746 3672; x_wconf 91' lang='lat' dir='ltr'>hoc</span> <span class='ocrx_word' id='word_1_242' title='bbox 769 3605 1073 3691; x_wconf 82' lang='lat' dir='ltr'>(Celtibericus)</span> <span class='ocrx_word' id='word_1_243' title='bbox 1097 3609 1208 3676; x_wconf 90' lang='lat' dir='ltr'>Livius</span> <span class='ocrx_word' id='word_1_244' title='bbox 1231 3635 1311 3678; x_wconf 89' lang='lat' dir='ltr'>usus</span> 
     </span>
     <span class='ocr_line' id='line_1_30' title="bbox 159 3715 1310 3800; baseline 0 -15"><span class='ocrx_word' id='word_1_245' title='bbox 159 3725 212 3785; x_wconf 89' lang='lat' dir='ltr'>est</span> <span class='ocrx_word' id='word_1_246' title='bbox 228 3718 332 3797; x_wconf 92' lang='lat' dir='ltr'>XXII,</span> <span class='ocrx_word' id='word_1_247' title='bbox 352 3722 402 3797; x_wconf 77' lang='lat'>22,</span> <span class='ocrx_word' id='word_1_248' title='bbox 427 3724 455 3797; x_wconf 84' lang='lat'>4,</span> <span class='ocrx_word' id='word_1_249' title='bbox 478 3716 577 3795; x_wconf 92' lang='lat' dir='ltr'>XLII,</span> <span class='ocrx_word' id='word_1_250' title='bbox 603 3720 631 3796; x_wconf 87' lang='lat'>3,</span> <span class='ocrx_word' id='word_1_251' title='bbox 657 3720 683 3780; x_wconf 92' lang='lat' dir='ltr'>I.</span> <span class='ocrx_word' id='word_1_252' title='bbox 718 3715 782 3780; x_wconf 88' lang='lat' dir='ltr'>Sed</span> <span class='ocrx_word' id='word_1_253' title='bbox 799 3716 882 3780; x_wconf 90' lang='lat' dir='ltr'>alius</span> <span class='ocrx_word' id='word_1_254' title='bbox 901 3716 1013 3782; x_wconf 88' lang='lat' dir='ltr'>subest</span> <span class='ocrx_word' id='word_1_255' title='bbox 1031 3725 1191 3800; x_wconf 81' lang='lat' dir='ltr'>praeterea&#39;</span> <span class='ocrx_word' id='word_1_256' title='bbox 1209 3742 1310 3785; x_wconf 90' lang='lat' dir='ltr'>error.</span> 
     </span>
     <span class='ocr_line' id='line_1_31' title="bbox 151 3823 1396 3907; baseline -0.002 -15"><span class='ocrx_word' id='word_1_257' title='bbox 151 3824 384 3892; x_wconf 80' lang='lat' dir='ltr'>certissimum</span> <span class='ocrx_word' id='word_1_258' title='bbox 407 3828 494 3891; x_wconf 89' lang='lat' dir='ltr'>enim</span> <span class='ocrx_word' id='word_1_259' title='bbox 523 3832 586 3904; x_wconf 89' lang='lat' dir='ltr'>est,</span> <span class='ocrx_word' id='word_1_260' title='bbox 610 3824 735 3889; x_wconf 80' lang='lat' dir='ltr'>Livium</span> <span class='ocrx_word' id='word_1_261' title='bbox 764 3845 830 3888; x_wconf 92' lang='lat' dir='ltr'>non</span> <span class='ocrx_word' id='word_1_262' title='bbox 852 3823 914 3888; x_wconf 88' lang='lat' dir='ltr'>hoc</span> <span class='ocrx_word' id='word_1_263' title='bbox 942 3824 1056 3889; x_wconf 92' lang='lat' dir='ltr'>ordine</span> <span class='ocrx_word' id='word_1_264' title='bbox 1079 3826 1179 3890; x_wconf 85' lang='lat' dir='ltr'>verba</span> <span class='ocrx_word' id='word_1_265' title='bbox 1207 3829 1306 3892; x_wconf 89' lang='lat' dir='ltr'>collo·</span> <span class='ocrx_word' id='word_1_266' title='bbox 1325 3837 1396 3907; x_wconf 76' lang='grc'><strong>(472)</strong></span> 
     </span>
     <span class='ocr_line' id='line_1_32' title="bbox 158 3934 1410 4016; baseline 0 -16"><span class='ocrx_word' id='word_1_267' title='bbox 158 3955 270 4000; x_wconf 87' lang='lat' dir='ltr'>casse:</span> <span class='ocrx_word' id='word_1_268' title='bbox 294 3935 485 3999; x_wconf 88' lang='lat' dir='ltr'>ducentis</span> <span class='ocrx_word' id='word_1_269' title='bbox 510 3934 777 4016; x_wconf 83' lang='lat' dir='ltr'>septuaginta</span> <span class='ocrx_word' id='word_1_270' title='bbox 800 3940 957 4015; x_wconf 85' lang='lat' dir='ltr'>septem</span> <span class='ocrx_word' id='word_1_271' title='bbox 980 3934 1217 4016; x_wconf 81' lang='lat' dir='ltr'>cumsignis</span> <span class='ocrx_word' id='word_1_272' title='bbox 1241 3936 1311 4000; x_wconf 91' lang='lat' dir='ltr'>mi·</span> <span class='ocrx_word' id='word_1_273' title='bbox 1405 3968 1410 3977; x_wconf 91' lang='lat'><em>·</em></span> 
     </span>
     <span class='ocr_line' id='line_1_33' title="bbox 152 4041 1312 4126; baseline -0.001 -18"><span class='ocrx_word' id='word_1_274' title='bbox 152 4043 375 4121; x_wconf 75' lang='lat' dir='ltr'>litoribus,</span> <span class='ocrx_word' id='word_1_275' title='bbox 406 4042 638 4126; x_wconf 87' lang='lat' dir='ltr'>praepositione</span> <span class='ocrx_word' id='word_1_276' title='bbox 662 4061 797 4105; x_wconf 89' lang='lat' dir='ltr'>numero</span> <span class='ocrx_word' id='word_1_277' title='bbox 820 4043 914 4120; x_wconf 80' lang='lat' dir='ltr'>eique</span> <span class='ocrx_word' id='word_1_278' title='bbox 941 4041 1125 4106; x_wconf 89' lang='lat' dir='ltr'>trimembri</span> <span class='ocrx_word' id='word_1_279' title='bbox 1154 4043 1312 4125; x_wconf 88' lang='lat' dir='ltr'>subiecta,</span> 
     </span>
     <span class='ocr_line' id='line_1_34' title="bbox 153 4147 1310 4234; baseline -0.001 -18"><span class='ocrx_word' id='word_1_280' title='bbox 153 4151 376 4231; x_wconf 84' lang='lat' dir='ltr'>substantivo,</span> <span class='ocrx_word' id='word_1_281' title='bbox 409 4153 443 4216; x_wconf 94' lang='lat' dir='ltr'>in</span> <span class='ocrx_word' id='word_1_282' title='bbox 473 4171 536 4234; x_wconf 89' lang='lat' dir='ltr'>quo</span> <span class='ocrx_word' id='word_1_283' title='bbox 561 4172 600 4214; x_wconf 84' lang='lat' dir='ltr'>ex</span> <span class='ocrx_word' id='word_1_284' title='bbox 631 4149 795 4212; x_wconf 86' lang='lat' dir='ltr'>contrarie</span> <span class='ocrx_word' id='word_1_285' title='bbox 829 4147 943 4212; x_wconf 85' lang='lat' dir='ltr'>relatis</span> <span class='ocrx_word' id='word_1_286' title='bbox 978 4150 1105 4231; x_wconf 89' lang='lat' dir='ltr'>pondus</span> <span class='ocrx_word' id='word_1_287' title='bbox 1140 4159 1190 4215; x_wconf 89' lang='lat' dir='ltr'>est</span> <span class='ocrx_word' id='word_1_288' title='bbox 1224 4151 1310 4232; x_wconf 83' lang='lat' dir='ltr'>(vivi</span> 
     </span>
     <span class='ocr_line' id='line_1_35' title="bbox 151 4257 1311 4344; baseline -0.001 -20"><span class='ocrx_word' id='word_1_289' title='bbox 151 4261 269 4344; x_wconf 86' lang='lat' dir='ltr'>capti</span> <span class='ocrx_word' id='word_1_290' title='bbox 292 4295 335 4304; x_wconf 89' lang='lat'>—</span> <span class='ocrx_word' id='word_1_291' title='bbox 363 4261 494 4342; x_wconf 79' lang='lat' dir='ltr'>signis</span> <span class='ocrx_word' id='word_1_292' title='bbox 528 4257 780 4322; x_wconf 86' lang='lat' dir='ltr'>militaribus</span> <span class='ocrx_word' id='word_1_293' title='bbox 813 4290 856 4299; x_wconf 96' lang='lat'><em>-</em></span> <span class='ocrx_word' id='word_1_294' title='bbox 889 4257 1030 4340; x_wconf 86' lang='lat' dir='ltr'>equis),</span> <span class='ocrx_word' id='word_1_295' title='bbox 1064 4259 1098 4322; x_wconf 87' lang='lat' dir='ltr'>in</span> <span class='ocrx_word' id='word_1_296' title='bbox 1129 4268 1311 4324; x_wconf 84' lang='lat' dir='ltr'>extremum</span> 
     </span>
     <span class='ocr_line' id='line_1_36' title="bbox 150 4350 1310 4449; baseline -0.002 -15"><span class='ocrx_word' id='word_1_297' title='bbox 150 4368 268 4436; x_wconf 88' lang='lat' dir='ltr'>locum</span> <span class='ocrx_word' id='word_1_298' title='bbox 290 4368 423 4448; x_wconf 86' lang='lat' dir='ltr'>reiecto,</span> <span class='ocrx_word' id='word_1_299' title='bbox 446 4350 547 4448; x_wconf 88' lang='lat' dir='ltr'>quum</span> <span class='ocrx_word' id='word_1_300' title='bbox 569 4364 753 4449; x_wconf 83' lang='lat' dir='ltr'>praesertim</span> <span class='ocrx_word' id='word_1_301' title='bbox 775 4385 814 4428; x_wconf 82' lang='lat' dir='ltr'>ex</span> <span class='ocrx_word' id='word_1_302' title='bbox 836 4362 899 4427; x_wconf 88' lang='lat' dir='ltr'>hac</span> <span class='ocrx_word' id='word_1_303' title='bbox 923 4364 1153 4447; x_wconf 89' lang='lat' dir='ltr'>collocatione,</span> <span class='ocrx_word' id='word_1_304' title='bbox 1178 4369 1204 4431; x_wconf 91' lang='lat' dir='ltr'>si</span> <span class='ocrx_word' id='word_1_305' title='bbox 1223 4374 1310 4433; x_wconf 82' lang='lat' dir='ltr'>notae</span> 
     </span>
     <span class='ocr_line' id='line_1_37' title="bbox 1048 4485 1082 4536; baseline -0.029 0"><span class='ocrx_word' id='word_1_306' title='bbox 1048 4485 1082 4536; x_wconf 81' lang='lat'>37</span> 
     </span>
    </p>
   </div>
   <div class='ocr_carea' id='block_1_3' title="bbox 0 0 1504 5116">
    <p class='ocr_par' dir='ltr' id='par_1_3' title="bbox 0 0 1504 5116">
     <span class='ocr_line' id='line_1_38' title="bbox 0 0 1504 5116; baseline 0 0"><span class='ocrx_word' id='word_1_307' title='bbox 0 0 1504 5116; x_wconf 95' lang='lat' dir='ltr'> </span> 
     </span>
    </p>
   </div>
  </div>
 </body>
</html>
