2994 5108
138 470 141 476 ’
217 495 279 550 niu.
297 492 359 552 vu
770 481 831 542 168

218 667 373 746 tulerant,
395 667 565 750 genetivus
593 665 678 731 alios
706 664 921 731 acerbitatem
944 665 1060 732 tulisse
1082 663 1269 750 significare
1291 664 1381 731 vide·

218 782 283 841 tur.
310 774 429 860 Itaque
450 795 576 854 vereor,
597 795 640 839 ne
658 773 770 839 Liuius
792 775 976 858 scripserit:
999 795 1077 841 uon
1099 774 1241 841 damno
1264 773 1381 841 modo

219 883 382 966 civium,
427 871 497 948 sed
542 882 666 947 etiam
698 882 954 948 laceratione
987 884 1202 968 corporum
1239 881 1377 965 lew)

218 991 353 1060 Summa
391 991 493 1056 animi
531 990 698 1056 acerbitas
739 990 945 1074 significatur
984 992 1085 1057 etiam
1126 992 1246 1058 civium
1284 989 1383 1058 malis

218 1100 375 1185 gaudens.
422 1097 545 1182 (1861.)

305 1205 383 1292 (lap.
407 1212 441 1288 6,
471 1211 489 1271 3
513 1214 546 1273 et
568 1213 588 1272 4
611 1205 805 1292 (postquam
827 1207 938 1274 Livius
961 1209 1118 1289 narravit,
1148 1229 1251 1293 quum
1271 1205 1383 1274 forum

218 1316 364 1382 medium
392 1337 493 1401 specu
520 1322 613 1381 vasto
644 1315 825 1399 collapsum
847 1323 950 1397 esset,
984 1318 1088 1400 quaeri
1110 1322 1279 1402 coeptum,
1313 1336 1383 1401 quo

218 1422 397 1509 plurimum
418 1422 564 1508 populus
587 1423 758 1489 Romanus
780 1431 908 1508 posset3
931 1424 967 1490 id
990 1425 1076 1490 enim
1098 1424 1148 1489 illi
1169 1423 1244 1490 loco
1268 1422 1383 1489 dican·

219 1531 297 1598 dum
318 1537 411 1597 vates
435 1531 625 1615 cecinisse):
655 1531 749 1597 Tum
771 1530 814 1596 M.
840 1529 1033 1613 Curtium,
1063 1534 1250 1599 iuvenem
1270 1530 1383 1598 bello

219 1642 442 1724 egregium,
471 1641 702 1721 castigasse
730 1639 870 1706 ierunt
892 1640 1154 1721 dubitantes,
1182 1662 1231 1706 an
1253 1638 1384 1706 ullum

218 1749 343 1832 magis
361 1748 579 1814 Romanum
595 1748 744 1814 bonum
762 1769 876 1831 quam
893 1771 1003 1816 arma
1019 1751 1233 1832 virtusque
1251 1754 1382 1830 esset3

220 1856 393 1923 silentio
420 1855 546 1935 facto,
576 1856 728 1940 templa
751 1856 917 1923 deorum
940 1856 1233 1924 immortalium
1253 1890 1299 1902 —
1320 1857 1383 1923 in·

218 1970 398 2030 tuentem
436 1970 476 2030 et
514 1985 654 2030 manus
685 1998 730 2011 -
762 1965 1041 2049 porrigentem
1076 1987 1118 2032 se
1146 1965 1382 2046 devoviss03

220 2093 405 2157 equoque
435 2071 581 2138 deinde
610 2079 673 2137 oct.
724 2072 818 2139 Ferri
843 2095 909 2139 non
930 2080 1043 2159 potest
1064 2075 1099 2139 in
1120 2073 1184 2139 hac
1207 2073 1383 2139 continua·
1430 2140 1435 2148 ,

218 2182 311 2247 tione
344 2181 451 2248 oratio
486 2201 524 2246 so
553 2181 626 2265 ipso
656 2181 745 2262 loco,
780 2202 845 2264 quo
874 2183 1138 2265 euestigatione
1166 2181 1309 2247 aliorum
1336 2180 1384 2248 a'd

218 2290 323 2374 ipsius
346 2287 454 2355 Curtii
481 2289 648 2354 actionem
669 2288 885 2372 transfertur,
914 2290 1073 2376 asyndeto
1096 2291 1285 2375 interrupta
1307 2287 1383 2372 (ca-

220 2398 399 2480 stigasse
421 2394 561 2462 ferunt
581 2421 639 2478 —3
669 2398 839 2465 silentio
862 2397 1005 2480 facto);
1035 2399 1137 2465 scribi
1158 2398 1259 2482 igitur
1280 2398 1383 2465 debet

220 2504 349 2571 duabus
372 2504 493 2571 litteris
515 2507 705 2588 geminatis:
734 2540 779 2552 -
802 2511 923 2587 esset,
947 2514 982 2569 et
1005 2506 1179 2573 silentio
1201 2505 1315 2572 facto
1335 2515 1383 2554 -“-

220 2633 261 2679 se
295 2613 517 2679 devovisse.
572 2613 634 2680 Est
665 2620 778 2680 tamen
811 2615 921 2695 aliud,
956 2614 1046 2700 quod
1074 2616 1109 2681 in
1136 2613 1302 2681 hocloco
1331 2613 1382 2681 of·

219 2719 343 2787 fendat.
393 2721 478 2788 Nam
501 2723 530 2786 si
552 2722 697 2787 dubito
722 2743 770 2787 an
793 2722 931 2803 Livium,
961 2730 999 2789 ut
1021 2724 1222 2808 posteriores
1244 2722 1383 2804 faciunt,

220 2831 386 2896 sententia
408 2831 451 2896 ad
474 2831 662 2915 negandum
683 2830 864 2896 inclinante
887 2833 1038 2916 posuisse
1061 2838 1232 2916 putamus,
1267 2851 1383 2914 quem-

220 2937 400 3005 admodum
433 2937 525 3020 VIII,
564 2943 620 3019 24,
663 2942 699 3002 11
737 2938 886 3006 dubius
925 2962 973 3004 an
1006 2941 1132 3023 posuit,
1172 2940 1383 3024 apertissime

220 3042 355 3112 Curtius
384 3047 418 3111 iu
447 3046 572 3113 civibus
601 3048 670 3113 suis
692 3046 728 3112 id
749 3047 976 3131 reprehendit,
1005 3047 1096 3132 quod
1118 3049 1189 3133 ipse
1211 3047 1384 3115 statuebat

219 3154 362 3239 illosque
401 3161 547 3221 statuere
586 3154 732 3237 volebat,
771 3155 898 3221 nullum
939 3176 1012 3221 esse
1051 3157 1155 3239 magis
1194 3155 1384 3222 Romanum

219 3261 343 3327 bonum
376 3284 474 3345 quam
503 3285 596 3329 arma
623 3264 853 3348 virtutemque.
912 3262 969 3328 Sin
998 3263 1040 3329 ad
1069 3263 1301 3329 affirmandum
1329 3264 1383 3330 in·

134 3394 205 3462 (142)
225 3369 348 3435 clinare
376 3371 467 3436 illam
497 3372 626 3436 dicendi
648 3370 802 3452 formam,
836 3377 984 3437 veterum
1007 3373 1261 3452 consuetudine,
1293 3371 1384 3445 iudi·

220 3498 348 3557 camus
378 3480 655 3562 quemadmodum
684 3479 952 3545 addubitavit
980 3502 1027 3545 an
1055 3479 1176 3545 dicitur
1204 3478 1297 3561 VIII,
1331 3485 1383 3562 10,

221 3588 255 3666 2,
288 3592 326 3651 ut
358 3585 430 3651 haec
464 3588 507 3652 sit
536 3588 713 3653 sententia:
749 3587 854 3671 quod
889 3588 1110 3653 crederent
1141 3570 1271 3654 ullum
1304 3595 1384 3670 cet,

220 3692 349 3758 ullum
377 3695 510 3779 quidem
538 3717 720 3780 pronomen
743 3702 922 3761 excusatur
945 3718 998 3777 eo,
1028 3697 1117 3781 quod
1139 3695 1297 3783 praecedit
1318 3697 1384 3771 im·

218 3801 381 3886 probandi
416 3803 614 3887 significatio
649 3803 807 3886 (Gramm.
831 3804 904 3869 Lat.
934 3803 951 3888 ᾖ
980 3809 1044 3869 494
1072 3804 1124 3888 b),
1160 3804 1219 3871 sed
1249 3804 1384 3874 haereas

218 3932 287 3976 non
313 3911 478 3979 immerito
506 3912 541 3977 in
569 3913 632 3976 hac
658 3913 734 3996 ipsa
762 3913 927 3998 opinionis
957 3918 990 3977 et
1020 3914 1217 3998 suspicionis
1244 3895 1385 3982 ineerta

248 4181 271 4249 ¹)
291 4178 409 4249 [Latus
435 4183 618 4252 participium
644 4183 680 4237 de
708 4184 901 4253 incommodo,
929 4185 1005 4253 quod
1028 4186 1090 4254 quis
1114 4184 1245 4256 pertulit,
1273 4183 1385 4242 dieitur

286 4265 403 4407 {goir
404 4269 469 4423 Ξῖ]
483 4271 528 4336 11,
556 4269 631 4338 apud
649 4267 784 4324 Senecam
801 4269 959 4339 deIraII,
989 4274 1029 4340 14,
1055 4273 1081 4339 4,
1107 4271 1158 4340 1n,
1186 4274 1227 4339 11,
1253 4272 1293 4338 83'
1311 4287 1384 4327 mm
