2994 5108
678 483 739 545 683
1108 494 1170 550 Lib.
1190 495 1287 551 XLIV.
1358 509 1360 515 ’

139 689 191 733 me
214 676 396 734 commovet
418 668 539 734 codicis
567 668 749 751 scriptura:
773 666 939 733 nudatis
968 668 1154 734 omnibus
1188 688 1288 752 prte-

137 774 257 841 aidiis
275 777 582 860 patefactisque
602 774 711 841 bello
729 774 861 854 factis,
885 796 925 840 ex
942 796 1009 858 qua
1027 774 1185 861 Gryneus
1207 775 1289 841 fac-

136 885 194 950 tis
221 906 358 969 prorsus
388 884 540 964 sustulit,
575 883 662 968 quod
690 883 844 966 praesidia
870 891 960 949 recte
983 883 1101 949 nudari
1125 883 1287 961 dicuntur,

136 991 289 1077 patefieri
322 993 409 1060 bello
442 994 495 1058 vix
527 999 616 1059 recte
650 992 811 1058 dicuntur.
855 991 973 1076 Itaque
1006 993 1113 1058 visum
1145 997 1198 1057 est
1226 990 1288 1056 sub

137 1099 259 1167 factis
282 1101 423 1168 alterum
445 1102 549 1166 latere
567 1101 810 1167 substantivum
827 1120 847 1165 a
863 1099 1009 1181 librario,
1032 1121 1133 1183 quum
1148 1098 1289 1165 haereret

138 1209 248 1275 animo
265 1231 367 1275 sonus
384 1218 417 1275 et
434 1210 540 1275 forma
557 1210 753 1288 litterarum,
778 1230 817 1274 ex
840 1209 1065 1292 patefactis
1089 1215 1287 1291 corruptum.

138 1314 180 1381 Id
201 1325 260 1382 aut
281 1318 479 1384 claustris
502 1339 574 1384 esse
597 1319 708 1400 potuit
731 1326 789 1383 aut
811 1319 922 1402 potius
945 1317 1085 1400 portis.
1130 1315 1179 1380 Ea
1201 1314 1288 1379 bello

139 1424 313 1509 patefiunt,
335 1432 373 1491 nt
394 1428 566 1511 irrumpat.
614 1423 720 1507 1864]

225 1530 303 1617 Cap.
327 1541 355 1613 7,
381 1538 436 1599 ll:
471 1534 580 1600 Adeo
613 1535 699 1600 sine
723 1533 809 1600 ulla
831 1555 903 1618 ope
933 1533 1079 1610 hostis,
1114 1529 1289 1615 quaead-

138 1649 347 1725 gravaret‚
372 1644 570 1726 cumipse
593 1641 856 1707 difficultate
878 1660 1009 1707 rerum
1031 1638 1290 1724 pugnandum

140 1757 239 1815 erat.
284 1748 568 1816 Considerandum
600 1749 679 1814 mihi
714 1751 857 1830 videtur,
896 1751 1084 1834 potueritne
1123 1749 1170 1813 sic
1204 1748 1289 1813 siue

139 1877 212 1942 ope
235 1858 371 1925 hostis
399 1857 524 1941 aliquid
552 1858 623 1924 fieri
652 1858 732 1939 dici,
766 1864 803 1923 ut
827 1860 917 1943 opis
940 1860 1086 1935 nomine,
1108 1875 1195 1941 qua
1217 1854 1289 1920 ad·

138 1973 290 2048 gravet,
314 1967 517 2051 significetur
540 1987 640 2051 opera
661 1968 696 2031 in
715 1965 965 2032 difficultatibus
982 1964 1289 2050 impedimentisque

139 2072 334 2140 obiiciendia
356 2076 474 2160 posita.
518 2074 674 2160 Alioquin
697 2077 783 2141 enim
805 2073 1013 2140 scribendum
1035 2073 1178 2139 ridetur:
1202 2072 1289 2137 sine

140 2201 254 2264 opera
275 2182 425 2263 hostis,
449 2204 532 2266 quie
555 2183 812 2266 adgravaret.

225 2287 304 2375 Cap.
329 2296 358 2370 8,
382 2295 401 2355 2
425 2290 480 2372 (de
514 2291 646 2358 consule
675 2292 712 2370 Q.
736 2292 860 2358 Marcio
893 2290 1046 2376 Philippo
1080 2288 1122 2355 ab
1150 2288 1213 2353 Dio
1247 2285 1290 2353 ad

139 2396 268 2464 Philam
288 2399 468 2482 regress0):
501 2399 583 2465 Alii
605 2408 712 2465 metu
733 2401 959 2466 recessisse
987 2419 1075 2463 eum
1097 2396 1147 2463 ab
1168 2394 1289 2462 hoste

138 2503 342 2588 ferebant,
366 2508 462 2591 quia
483 2508 663 2573 manenti
692 2508 732 2573 in
753 2507 889 2595 Pieria
916 2506 1077 2592 proelio
1100 2505 1290 2571 dimican-

136 2612 225 2679 dum
245 2614 368 2695 foret,
392 2616 475 2694 alii,
495 2617 696 2699 ignarum,
719 2615 820 2682 belli
843 2637 930 2701 quae
952 2616 992 2680 in
1015 2615 1102 2680 dies
1124 2611 1294 2679 fortuna

134 2730 316 2803 novaret,
340 2730 383 2789 ut
406 2723 726 2808 opperientibus
755 2745 841 2790 sese
871 2725 1008 2804 rebus,
1037 2721 1223 2789 omisisse
1247 2717 1292 2783 de

135 2830 321 2897 manibus
355 2853 416 2911 ea,
450 2852 537 2916 qua
569 2852 659 2897 mox
691 2834 825 2916 repeti
859 2855 937 2898 non
970 2835 1147 2915 possent.
1192 2825 1293 2891 Recte

135 2935 209 3003 illa:
232 2944 275 3004 ut
298 2939 610 3024 opperientibus
634 2961 724 3005 sese
747 2941 868 3007 rebus
888 2938 1215 3011 Weissenborniuse
1238 2953 1293 2999 co·

133 3043 205 3111 dice
226 3048 380 3128 restituit,
403 3069 475 3133 quae
498 3054 700 3134 perverterat
728 3048 884 3133 Grynaeus
912 3049 973 3132 (sic
995 3052 1081 3117 enim
1102 3045 1277 3132 reprehen-
1297 3058 1378 3129 (ott)

137 3176 230 3222 sores
258 3156 307 3221 illi
330 3157 498 3223 consulem
521 3178 619 3240 agere
647 3156 898 3238 insimulabant,
932 3159 1026 3240 quasi
1054 3178 1108 3222 res
1137 3164 1170 3222 et
1199 3176 1292 3223 occa-

137 3265 246 3330 siones
267 3272 475 3331 cunctantem
499 3266 744 3350 opperirentur,
779 3285 845 3331 non
873 3266 1024 3331 celeriter
1053 3265 1291 3346 elaberentur);

138 3371 198 3438 ssd
218 3373 367 3457 reliquit,
402 3393 502 3456 quam
524 3372 813 3439 Drakenborchius
842 3372 966 3440 trusus
988 3373 1195 3452 defenderat,
1219 3394 1293 3456 per·

138 3501 267 3548 versam
289 3502 405 3547 vocum
433 3481 533 3547 belli
566 3489 600 3547 et
631 3480 806 3547 fortunae
840 3482 1085 3566 separationem
1107 3490 1141 3548 et
1163 3483 1292 3566 prioris,

138 3589 173 3654 in
195 3609 270 3671 qua,
294 3590 322 3655 si
344 3611 417 3656 cum
439 3589 573 3656 fortuna
595 3590 813 3674 coniungitur,
838 3589 920 3655 nihil
943 3597 995 3656 est
1010 3589 1187 3674 singularis
1210 3612 1292 3674 pon·

138 3695 236 3778 deris,
269 3698 303 3762 in
334 3699 465 3763 initium
498 3698 668 3765 sententiae
696 3705 773 3764 ante
806 3718 988 3782 pronomen
1015 3699 1291 3782 interrogativum

139 3805 374 3872 maiectmnem.
420 3806 635 3873 Scribendum
658 3815 721 3873 est:
756 3808 945 3889 ignarum
977 3805 1098 3887 belli,
1133 3808 1229 3884 qud
1252 3807 1291 3872 in

141 3913 228 3980 dies
251 3913 422 3981 fortuna
444 3922 620 3994 novaret,
643 3922 704 3981 cet.
746 3916 893 3981 Fortuna
915 3915 1001 3981 bello
1024 3935 1141 3981 novum
1165 3915 1200 3979 in
1222 3914 1291 3980 dies

137 4028 262 4088 statum
290 4027 323 4087 et
349 4021 500 4089 habitum
528 4022 594 4088 dat.
640 4023 782 4088 Relatiri
804 4023 1007 4106 pronominis
1042 4023 1235 4089 nominativi
1258 4031 1292 4088 et

141 4131 321 4200 accusativi
343 4129 454 4196 forma
477 4131 606 4213 quoties
630 4137 663 4194 et
685 4130 727 4195 ab
755 4130 817 4196 hoo
839 4131 974 4197 librario
998 4138 1032 4196 et
1054 4130 1096 4196 ab
1120 4129 1193 4196 aliis
1216 4151 1289 4214 per·

136 4243 317 4319 mutentur,
346 4238 409 4303 dici
433 4258 515 4322 opus
532 4260 598 4303 non
617 4246 675 4303 est.
716 4238 864 4322 [Rectius
882 4239 1085 4304 Perizonius:
1109 4239 1292 4322 ignarum

134 4344 238 4411 belli
261 4366 423 4429 quaeque
441 4346 479 4410 in
506 4345 590 4411 dies
612 4345 776 4414 fortuna
797 4355 857 4412 cet.
879 4345 984 4428 1864]
1023 4346 1148 4412 Deinde
1165 4346 1219 4413 hic
1236 4346 1290 4431 §5
