2994 5108
695 466 754 527 543
1061 475 1123 530 Lib.
1143 475 1296 529 XXXVIII.

142 662 212 729 ullo
237 660 333 726 modo
358 657 482 738 sinit.¹)
528 655 595 718 Nec
629 660 718 716 recte
749 650 886 714 Romani
914 648 1075 712 Gallie-0
1104 647 1300 711 tumultui

142 769 309 834 adsueti
332 768 522 831 dicerentur
544 771 713 844 tamquam
736 759 792 822 nni
816 778 854 820 ac
877 764 1053 839 perpetuo;
1077 763 1203 819 rectum
1227 763 1298 819 erat

144 876 323 941 Gallicis
345 870 603 937 tumultibus.
651 867 728 931 Haec
752 864 909 929 orationis
933 865 1014 927 vitia
1036 863 1123 928 tollit
1146 863 1172 926 B
1192 862 1245 942 (de
1264 863 1296 925 bl

143 982 298 1063 tacetur),
321 1001 387 1045 una
410 978 543 1043 exclusa
559 976 686 1040 littera:
711 973 900 1037 Romanis
925 970 1077 1035 Gallici
1100 971 1297 1035 tumultus

140 1090 316 1167 adsueti,
340 1088 466 1153 etiam
491 1085 697 1149 vanitates
720 1088 824 1145 notae
848 1086 949 1142 sunt.
984 1078 1057 1144 Non
1080 1080 1186 1142 minus
1210 1081 1296 1142 enim

139 1219 205 1263 res
229 1197 359 1261 alicui
383 1193 555 1258 adsueta
573 1211 672 1274 quam
690 1188 844 1270 aliquis
868 1187 929 1249 rei
947 1187 1146 1251 adsuetus
1168 1186 1296 1264 dicitur,

140 1312 258 1388 estque
276 1302 365 1385 apud
387 1303 494 1384 ipsum
518 1300 643 1362 Livium
669 1296 719 1377 (V,
745 1302 793 1374 54,
817 1295 850 1376 3)
879 1293 1053 1358 adsueta
1077 1294 1206 1358 oculis
1233 1314 1295 1357 re·

141 1414 210 1495 gio
235 1418 268 1476 et
302 1409 415 1490 (XXV,
452 1413 500 1485 17,
530 1408 562 1489 5)
592 1406 768 1470 motibus
791 1423 990 1466 armorum
1020 1408 1294 1483 etcorporum

137 1539 217 1583 snae
252 1519 400 1600 cuique
424 1516 538 1598 genti
561 1512 795 1589 adsuetisfl)

228 1624 307 1709 Cap.
344 1628 392 1702 18,
423 1628 455 1687 3:
491 1623 646 1686 Ducere
680 1620 773 1684 inde
815 1616 1038 1681 exercitum
1072 1616 1212 1680 consul
1246 1616 1293 1680 ad

137 1734 388 1810 Plitendum;
411 1731 559 1795 deinde
589 1728 637 1793 ad
659 1727 851 1810 Alyattos
875 1732 1013 1788 castra
1036 1724 1182 1805 posita.
1217 1723 1292 1787 Infi-

136 1844 259 1907 nitivus
288 1840 477 1909 historicus,
512 1837 593 1901 nihil
627 1837 681 1900 hic
714 1835 778 1899 loci
806 1833 914 1910 habet,
948 1832 1109 1915 longeque
1139 1832 1237 1895 aliter
1264 1833 1292 1895 is

139 1953 188 2028 12,
213 1953 232 2012 6
262 1949 406 2033 ponitur.
459 1946 574 2028 ltaque
598 1952 655 2009 aut
678 1954 753 2026 post
775 1940 1009 2004 Plitcndum
1032 1939 1154 2003 excidit
1184 1940 1225 2004 ob
1249 1940 1291 2003 si·

135 2056 353 2120 militudinem
377 2054 563 2118 litterarum
587 2051 770 2115 intendit
801 2055 859 2112 aut
889 2049 998 2130 potius
1027 2047 1059 2111 id
1089 2049 1198 2131 ipsum
1220 2068 1290 2111 ver·

135 2162 215 2228 bum
239 2184 312 2228 cum
334 2162 464 2226 nornine
486 2162 598 2242 ignoto
627 2159 763 2234 coaluit,
798 2177 897 2236 quum
924 2157 1081 2238 scriptum
1103 2156 1223 2220 fuisset
1244 2156 1292 2220 ad

134 2270 272 2335 Pliten
296 2269 496 2351 (Plitum'l)
520 2267 713 2331 intendit.
738 2263 896 2344 (1865.)³)

222 2377 300 2462 Cap.
315 2382 365 2450 21,
386 2380 425 2439 10
437 2397 506 2459 sqq.
521 2377 569 2454 (iu
588 2374 808 2455 descriptione
821 2371 937 2454 proelii
956 2392 975 2434 a
995 2370 1052 2434 Cn.
1070 2371 1192 2437 Manlio
1211 2393 1282 2435 cum
1302 2373 1374 2441 (441)

136 2483 244 2550 Gallis
261 2487 364 2567 initi):
390 2482 463 2547 Sed
482 2504 556 2547 non
577 2488 655 2546 tam
675 2479 915 2564 patentibus
932 2479 1197 2562 plagisffialli)
1216 2502 1288 2544 mo-

161 2787 187 2851 ¹)
206 2785 287 2854 Quod
309 2789 376 2840 olim
400 2804 450 2856 per
472 2787 563 2841 lexica
584 2787 797 2856 propagabatur
819 2791 962 2853 tamquam
985 2785 1101 2840 Lucilii:
1126 2788 1284 2856 publica·

202 2889 277 2925 rum
306 2889 419 2926 rerum
448 2870 655 2936 adsuefiam,
684 2871 738 2923 iam
767 2871 913 2923 omittitur.
957 2869 1046 2925 Recte
1070 2873 1177 2940 scripta
1199 2874 1286 2926 verba

203 2962 316 3010 exstant
335 2957 409 3026 apud
427 2955 550 3009 Nonium
568 2974 594 3024 p.
614 2959 647 3010 38
666 2963 694 3009 et
713 2958 760 3009 351
781 2956 865 3008 Mer-c.

158 3039 223 3108 Ἣ
248 3044 264 3094 4
287 3041 529 3095 Weissenbornius
558 3059 652 3095 emaus
680 3058 732 3110 pro
757 3040 952 3094 ineuntium
977 3041 1148 3108 proelium
1173 3043 1286 3110 scripsit

202 3126 445 3180 inchoantium
468 3126 639 3194 proelium
671 3132 814 3193 tamquam
848 3143 881 3178 ex
907 3126 950 3190 M;
979 3125 1167 3193 Carbacbius,
1199 3144 1284 3194 quum

201 3210 330 3265 ederetur
352 3211 609 3276 inchoantium,
637 3212 755 3264 alterum
779 3228 793 3263 e
817 3210 877 3263 cod.
903 3211 1037 3264 enotavit.
1083 3211 1209 3279 Medius,
1237 3215 1284 3281 qui

200 3295 325 3349 codicem
349 3297 410 3365 ipse
434 3315 490 3350 non
514 3296 636 3361 viderat,
663 3302 802 3364 ,veterem
826 3293 938 3349 cusum“
958 3293 1097 3362 (honest,
1122 3297 1285 3364 editionem)

199 3380 303 3435 habere
326 3381 573 3435 inchoantium
597 3382 702 3435 scribit.
744 3380 770 3449 [ξ
792 3383 822 3433 13
841 3381 888 3433 vix
906 3380 1021 3433 dubium
1039 3387 1083 3435 est
1101 3383 1168 3449 quin
1185 3383 1281 3436 Livius

199 3465 234 3519 in
257 3483 317 3520 sua
340 3466 492 3535 quidque
515 3466 596 3520 sede
622 3467 778 3535 scripserit,
808 3482 864 3519 uon
883 3465 937 3519 hoc
955 3483 1011 3519 uno
1031 3466 1093 3520 loco
1113 3467 1283 3536 quidquid

197 3567 250 3618 pro
269 3550 435 3619 quidque;
460 3553 513 3605 nisi
531 3551 604 3606 forte
623 3568 686 3605 cum
703 3551 905 3616 Wesenbergio
925 3552 965 3604 sic
984 3552 1070 3606 verba
1089 3553 1238 3606 scribenda
1256 3560 1284 3607 et

197 3635 424 3704 interpungenda
442 3642 519 3690 sunt:
549 3636 762 3691 Generosius
781 3642 847 3703 est,
876 3637 911 3689 in
930 3654 990 3690 sua
1009 3636 1183 3705 quidquid
1202 3637 1283 3691 sede

195 3719 364 3789 gignitur.
403 3720 619 3789 recusaturo]

152 3801 179 3871 ⁸)
199 3802 308 3859 Ibidem
340 3803 357 3872 ξ
382 3808 397 3858 8
423 3806 666 3860 Weissenbornins
690 3804 838 3858 mirificum
864 3805 935 3858 illud
960 3806 1139 3876 Compulsi
1165 3807 1281 3875 reguli

196 3887 285 3956 (quod
304 3906 318 3942 e
336 3887 611 3945 Drakenborchianis
631 3890 774 3944 codicibus
792 3908 863 3944 unus
883 3891 988 3956 tuetur)
1007 3892 1037 3945 in
1056 3891 1138 3945 Frob.
1157 3891 1188 3944 Π
1206 3908 1280 3944 com·

195 3974 322 4042 paruisse
340 3979 434 4044 putat,
457 3982 599 4045 sumptum
623 3975 731 4030 scilicet
749 3992 783 4028 ex
800 3974 837 4027 Μ.
879 3976 933 4030 Sed
952 3977 1057 4045 legitur
1075 3976 1149 4044 apud
1167 3975 1278 4043 Aldum,

195 4059 243 4123 qui
268 4058 302 4112 de
327 4059 358 4112 M
385 4061 454 4113 nihil
479 4062 587 4115 sciebat
608 4062 663 4114 nisi
686 4059 833 4114 Carbachii
855 4060 974 4127 indicio;
1003 4060 1172 4114 Carbachius
1195 4065 1278 4115 tacet.

194 4140 276 4210 Quod
294 4143 392 4197 Weiss.
413 4145 559 4213 probabile
577 4150 673 4215 putat,
701 4144 789 4213 reguli
813 4161 915 4198 nomen
934 4162 951 4197 a
967 4144 1049 4198 Livio
1067 4147 1191 4213 positum
1209 4162 1279 4210 csse,

192 4226 224 4281 id
246 4244 311 4280 vero
336 4228 486 4296 aliquoties
509 4230 634 4298 positum
653 4235 709 4295 est;
736 4230 828 4298 ipsum
853 4229 926 4282 enim
944 4229 1157 4298 Eposognatum
1175 4227 1278 4300 signifi·

190 4312 250 4365 cari
267 4318 297 4365 et
311 4312 385 4366 Livii
404 4315 528 4368 narratio
546 4314 696 4368 manifesto
713 4315 889 4369 demonstrat
907 4319 936 4368 et
949 4315 1058 4383 Polybii
1075 4314 1176 4382 (XXII,
1191 4318 1232 4381 20,
1242 4315 1278 4381 2).
