<?xml version="1.0" encoding="UTF-8"?>
<!DOCTYPE html PUBLIC "-//W3C//DTD XHTML 1.0 Transitional//EN"
    "http://www.w3.org/TR/xhtml1/DTD/xhtml1-transitional.dtd">
<html xmlns="http://www.w3.org/1999/xhtml" xml:lang="en" lang="en">
 <head>
  <title>
</title>
<meta http-equiv="Content-Type" content="text/html;charset=utf-8" />
  <meta name='ocr-system' content='tesseract 3.04.00' />
  <meta name='ocr-capabilities' content='ocr_page ocr_carea ocr_par ocr_line ocrx_word'/>
</head>
<body>
  <div class='ocr_page' id='page_1' title='image "./emendationesliv00madvgoog_0718.png"; bbox 0 0 2994 5108; ppageno 0'>
   <div class='ocr_carea' id='block_1_1' title="bbox 680 488 1360 576">
    <p class='ocr_par' dir='ltr' id='par_1_1' title="bbox 680 488 1360 576">
     <span class='ocr_line' id='line_1_1' title="bbox 680 488 1360 576; baseline 0.009 -29"><span class='ocrx_word' id='word_1_1' title='bbox 680 488 741 548; x_wconf 78' lang='lat'>705</span> <span class='ocrx_word' id='word_1_2' title='bbox 1106 498 1167 552; x_wconf 71' lang='grc'>111.</span> <span class='ocrx_word' id='word_1_3' title='bbox 1186 497 1282 552; x_wconf 81' lang='lat' dir='ltr'>xnrv.</span> <span class='ocrx_word' id='word_1_4' title='bbox 1357 572 1360 576; x_wconf 15' lang='lat'><strong>⁴</strong></span> 
     </span>
    </p>
   </div>
   <div class='ocr_carea' id='block_1_2' title="bbox 133 667 1371 2592">
    <p class='ocr_par' dir='ltr' id='par_1_2' title="bbox 133 667 1371 2375">
     <span class='ocr_line' id='line_1_2' title="bbox 133 667 1284 757; baseline -0.004 -17"><span class='ocrx_word' id='word_1_5' title='bbox 133 696 189 740; x_wconf 89' lang='lat' dir='ltr'>res</span> <span class='ocrx_word' id='word_1_6' title='bbox 211 680 280 739; x_wconf 82' lang='lat' dir='ltr'>tam</span> <span class='ocrx_word' id='word_1_7' title='bbox 303 681 433 757; x_wconf 82' lang='lat' dir='ltr'>aperta,</span> <span class='ocrx_word' id='word_1_8' title='bbox 462 679 500 738; x_wconf 89' lang='lat' dir='ltr'>ut</span> <span class='ocrx_word' id='word_1_9' title='bbox 528 671 677 756; x_wconf 89' lang='lat' dir='ltr'>pluribus</span> <span class='ocrx_word' id='word_1_10' title='bbox 711 669 905 754; x_wconf 86' lang='lat' dir='ltr'>explicanda</span> <span class='ocrx_word' id='word_1_11' title='bbox 938 692 1003 735; x_wconf 90' lang='lat' dir='ltr'>non</span> <span class='ocrx_word' id='word_1_12' title='bbox 1032 671 1084 735; x_wconf 89' lang='lat' dir='ltr'>sit.</span> <span class='ocrx_word' id='word_1_13' title='bbox 1130 667 1199 752; x_wconf 90' lang='lat' dir='ltr'>[IX‚</span> <span class='ocrx_word' id='word_1_14' title='bbox 1236 674 1284 748; x_wconf 87' lang='grc'>18,</span> 
     </span>
     <span class='ocr_line' id='line_1_3' title="bbox 139 777 1283 865; baseline -0.003 -18"><span class='ocrx_word' id='word_1_15' title='bbox 139 787 194 847; x_wconf 79' lang='lat'>14:</span> <span class='ocrx_word' id='word_1_16' title='bbox 219 782 462 865; x_wconf 80' lang='lat' dir='ltr'>circumegit</span> <span class='ocrx_word' id='word_1_17' title='bbox 484 802 522 846; x_wconf 88' lang='lat' dir='ltr'>sc</span> <span class='ocrx_word' id='word_1_18' title='bbox 556 777 707 862; x_wconf 76' lang='lat' dir='ltr'>annus]</span> <span class='ocrx_word' id='word_1_19' title='bbox 752 779 894 863; x_wconf 83' lang='lat' dir='ltr'><strong>Tempus</strong></span> <span class='ocrx_word' id='word_1_20' title='bbox 922 778 1021 844; x_wconf 90' lang='lat' dir='ltr'>rebus</span> <span class='ocrx_word' id='word_1_21' title='bbox 1049 779 1202 862; x_wconf 78' lang='lat' dir='ltr'>gerendis</span> <span class='ocrx_word' id='word_1_22' title='bbox 1226 799 1283 861; x_wconf 90' lang='lat' dir='ltr'>ap·</span> 
     </span>
     <span class='ocr_line' id='line_1_4' title="bbox 135 882 1284 973; baseline -0.004 -17"><span class='ocrx_word' id='word_1_23' title='bbox 135 895 207 956; x_wconf 90' lang='lat' dir='ltr'>tum</span> <span class='ocrx_word' id='word_1_24' title='bbox 229 911 269 954; x_wconf 88' lang='lat' dir='ltr'>ne</span> <span class='ocrx_word' id='word_1_25' title='bbox 292 889 441 973; x_wconf 82' lang='lat' dir='ltr'>vagando</span> <span class='ocrx_word' id='word_1_26' title='bbox 464 895 688 967; x_wconf 69' lang='lat' dir='ltr'>consummar,</span> <span class='ocrx_word' id='word_1_27' title='bbox 716 888 840 952; x_wconf 78' lang='lat' dir='ltr'>Nasica</span> <span class='ocrx_word' id='word_1_28' title='bbox 864 894 1005 953; x_wconf 79' lang='lat' dir='ltr'>veretur.</span> <span class='ocrx_word' id='word_1_29' title='bbox 1051 882 1114 968; x_wconf 82' lang='lat' dir='ltr'>(Do</span> <span class='ocrx_word' id='word_1_30' title='bbox 1136 887 1284 953; x_wconf 86' lang='lat' dir='ltr'>exercitu</span> 
     </span>
     <span class='ocr_line' id='line_1_5' title="bbox 134 993 1284 1064; baseline -0.004 0"><span class='ocrx_word' id='word_1_31' title='bbox 134 998 311 1064; x_wconf 87' lang='lat' dir='ltr'>dicendum</span> <span class='ocrx_word' id='word_1_32' title='bbox 335 1003 422 1062; x_wconf 83' lang='lat' dir='ltr'>erat:</span> <span class='ocrx_word' id='word_1_33' title='bbox 444 997 656 1062; x_wconf 79' lang='lat' dir='ltr'>inutiliter</span> <span class='ocrx_word' id='word_1_34' title='bbox 677 1003 849 1061; x_wconf 84' lang='lat' dir='ltr'>veretur</span> <span class='ocrx_word' id='word_1_35' title='bbox 871 1002 929 1060; x_wconf 88' lang='lat' dir='ltr'>aut</span> <span class='ocrx_word' id='word_1_36' title='bbox 952 995 1111 1061; x_wconf 90' lang='lat' dir='ltr'>similiter.</span> <span class='ocrx_word' id='word_1_37' title='bbox 1144 993 1284 1060; x_wconf 91' lang='lat' dir='ltr'>Perseus</span> 
     </span>
     <span class='ocr_line' id='line_1_6' title="bbox 135 1103 1284 1187; baseline -0.002 -16"><span class='ocrx_word' id='word_1_38' title='bbox 135 1126 203 1171; x_wconf 91' lang='lat' dir='ltr'>non</span> <span class='ocrx_word' id='word_1_39' title='bbox 226 1106 510 1187; x_wconf 75' lang='lat' dir='ltr'>circumageretur,</span> <span class='ocrx_word' id='word_1_40' title='bbox 534 1105 592 1170; x_wconf 89' lang='lat' dir='ltr'>sed</span> <span class='ocrx_word' id='word_1_41' title='bbox 611 1105 775 1170; x_wconf 84' lang='lat' dir='ltr'>Romanos</span> <span class='ocrx_word' id='word_1_42' title='bbox 792 1103 1092 1187; x_wconf 82' lang='lat' dir='ltr'>circumegerat.)¹)</span> <span class='ocrx_word' id='word_1_43' title='bbox 1115 1103 1284 1169; x_wconf 90' lang='lat' dir='ltr'>Postremo</span> 
     </span>
     <span class='ocr_line' id='line_1_7' title="bbox 134 1212 1371 1297; baseline 0.002 -19"><span class='ocrx_word' id='word_1_44' title='bbox 134 1212 153 1297; x_wconf 65' lang='grc'>5</span> <span class='ocrx_word' id='word_1_45' title='bbox 179 1218 218 1278; x_wconf 84' lang='grc'>13</span> <span class='ocrx_word' id='word_1_46' title='bbox 241 1214 288 1295; x_wconf 89' lang='lat' dir='ltr'>(in</span> <span class='ocrx_word' id='word_1_47' title='bbox 312 1213 436 1278; x_wconf 82' lang='lat' dir='ltr'>AEmilii</span> <span class='ocrx_word' id='word_1_48' title='bbox 457 1213 600 1278; x_wconf 91' lang='lat' dir='ltr'>consulis</span> <span class='ocrx_word' id='word_1_49' title='bbox 622 1212 743 1294; x_wconf 85' lang='lat' dir='ltr'>verbis)</span> <span class='ocrx_word' id='word_1_50' title='bbox 767 1212 937 1278; x_wconf 85' lang='lat' dir='ltr'>scribitur:</span> <span class='ocrx_word' id='word_1_51' title='bbox 960 1212 1045 1277; x_wconf 91' lang='lat' dir='ltr'>Non</span> <span class='ocrx_word' id='word_1_52' title='bbox 1067 1232 1199 1296; x_wconf 86' lang='lat' dir='ltr'>oporae</span> <span class='ocrx_word' id='word_1_53' title='bbox 1223 1213 1371 1282; x_wconf 69' lang='grc'>1111686)</span> 
     </span>
     <span class='ocr_line' id='line_1_8' title="bbox 136 1318 1286 1405; baseline -0.001 -19"><span class='ocrx_word' id='word_1_54' title='bbox 136 1323 273 1387; x_wconf 84' lang='lat' dir='ltr'>stanti</span> <span class='ocrx_word' id='word_1_55' title='bbox 295 1342 397 1386; x_wconf 89' lang='lat' dir='ltr'>nunc</span> <span class='ocrx_word' id='word_1_56' title='bbox 419 1323 456 1386; x_wconf 88' lang='lat' dir='ltr'>in</span> <span class='ocrx_word' id='word_1_57' title='bbox 479 1322 565 1386; x_wconf 87' lang='lat' dir='ltr'>acie</span> <span class='ocrx_word' id='word_1_58' title='bbox 588 1320 747 1401; x_wconf 86' lang='lat' dir='ltr'>docere,</span> <span class='ocrx_word' id='word_1_59' title='bbox 771 1320 917 1405; x_wconf 89' lang='lat' dir='ltr'>quibus</span> <span class='ocrx_word' id='word_1_60' title='bbox 941 1320 987 1386; x_wconf 93' lang='lat' dir='ltr'>de</span> <span class='ocrx_word' id='word_1_61' title='bbox 1009 1320 1145 1386; x_wconf 87' lang='lat' dir='ltr'>causis</span> <span class='ocrx_word' id='word_1_62' title='bbox 1167 1318 1286 1386; x_wconf 87' lang='lat' dir='ltr'>hodie</span> 
     </span>
     <span class='ocr_line' id='line_1_9' title="bbox 138 1426 1287 1513; baseline -0.001 -19"><span class='ocrx_word' id='word_1_63' title='bbox 138 1430 299 1512; x_wconf 86' lang='lat' dir='ltr'>quiesse</span> <span class='ocrx_word' id='word_1_64' title='bbox 323 1427 465 1494; x_wconf 90' lang='lat' dir='ltr'>melius</span> <span class='ocrx_word' id='word_1_65' title='bbox 487 1429 550 1494; x_wconf 91' lang='lat' dir='ltr'>sit.</span> <span class='ocrx_word' id='word_1_66' title='bbox 585 1426 776 1494; x_wconf 79' lang='lat' dir='ltr'>Certissima</span> <span class='ocrx_word' id='word_1_67' title='bbox 789 1428 947 1495; x_wconf 88' lang='lat' dir='ltr'>sermonis</span> <span class='ocrx_word' id='word_1_68' title='bbox 964 1428 1017 1493; x_wconf 86' lang='lat' dir='ltr'>lex</span> <span class='ocrx_word' id='word_1_69' title='bbox 1033 1427 1181 1512; x_wconf 87' lang='lat' dir='ltr'>postulat</span> <span class='ocrx_word' id='word_1_70' title='bbox 1199 1447 1287 1513; x_wconf 85' lang='lat' dir='ltr'>ope-</span> 
     </span>
     <span class='ocr_line' id='line_1_10' title="bbox 135 1535 1288 1620; baseline -0.002 -18"><span class='ocrx_word' id='word_1_71' title='bbox 135 1559 188 1602; x_wconf 87' lang='lat' dir='ltr'>rae</span> <span class='ocrx_word' id='word_1_72' title='bbox 212 1544 264 1618; x_wconf 87' lang='lat' dir='ltr'>st;</span> <span class='ocrx_word' id='word_1_73' title='bbox 288 1538 335 1602; x_wconf 91' lang='lat' dir='ltr'>sic</span> <span class='ocrx_word' id='word_1_74' title='bbox 358 1537 444 1602; x_wconf 93' lang='lat' dir='ltr'>enim</span> <span class='ocrx_word' id='word_1_75' title='bbox 466 1536 653 1619; x_wconf 90' lang='lat' dir='ltr'>loquuntur,</span> <span class='ocrx_word' id='word_1_76' title='bbox 677 1538 733 1620; x_wconf 92' lang='lat' dir='ltr'>qui</span> <span class='ocrx_word' id='word_1_77' title='bbox 750 1537 812 1601; x_wconf 91' lang='lat' dir='ltr'>sibi</span> <span class='ocrx_word' id='word_1_78' title='bbox 828 1543 956 1620; x_wconf 89' lang='lat' dir='ltr'>tempus</span> <span class='ocrx_word' id='word_1_79' title='bbox 974 1536 1143 1620; x_wconf 90' lang='lat' dir='ltr'>otiumque</span> <span class='ocrx_word' id='word_1_80' title='bbox 1161 1535 1288 1619; x_wconf 87' lang='lat' dir='ltr'>aliquid</span> 
     </span>
     <span class='ocr_line' id='line_1_11' title="bbox 134 1642 1287 1728; baseline -0.004 -17"><span class='ocrx_word' id='word_1_81' title='bbox 134 1645 277 1711; x_wconf 83' lang='lat' dir='ltr'>faciendi</span> <span class='ocrx_word' id='word_1_82' title='bbox 291 1646 403 1710; x_wconf 87' lang='lat' dir='ltr'>deesse</span> <span class='ocrx_word' id='word_1_83' title='bbox 421 1645 535 1710; x_wconf 88' lang='lat' dir='ltr'>dicunt</span> <span class='ocrx_word' id='word_1_84' title='bbox 546 1643 599 1725; x_wconf 90' lang='lat' dir='ltr'>(ut</span> <span class='ocrx_word' id='word_1_85' title='bbox 614 1645 685 1728; x_wconf 89' lang='lat' dir='ltr'>ipse</span> <span class='ocrx_word' id='word_1_86' title='bbox 697 1645 807 1710; x_wconf 87' lang='lat' dir='ltr'>Livius</span> <span class='ocrx_word' id='word_1_87' title='bbox 823 1645 848 1724; x_wconf 89' lang='lat'>1,</span> <span class='ocrx_word' id='word_1_88' title='bbox 862 1649 913 1725; x_wconf 84' lang='grc'>24,</span> <span class='ocrx_word' id='word_1_89' title='bbox 936 1649 964 1723; x_wconf 89' lang='grc'>6,</span> <span class='ocrx_word' id='word_1_90' title='bbox 986 1644 1040 1723; x_wconf 87' lang='lat' dir='ltr'>IV,</span> <span class='ocrx_word' id='word_1_91' title='bbox 1063 1648 1093 1723; x_wconf 89' lang='lat'>8,</span> <span class='ocrx_word' id='word_1_92' title='bbox 1117 1647 1145 1724; x_wconf 88' lang='lat'>3,</span> <span class='ocrx_word' id='word_1_93' title='bbox 1169 1642 1287 1723; x_wconf 83' lang='lat' dir='ltr'>XXIX,</span> 
     </span>
     <span class='ocr_line' id='line_1_12' title="bbox 138 1748 1286 1834; baseline -0.002 -16"><span class='ocrx_word' id='word_1_94' title='bbox 138 1758 188 1833; x_wconf 93' lang='grc'>17,</span> <span class='ocrx_word' id='word_1_95' title='bbox 221 1757 268 1834; x_wconf 92' lang='grc'>17,</span> <span class='ocrx_word' id='word_1_96' title='bbox 291 1752 440 1832; x_wconf 86' lang='lat' dir='ltr'>XXXIII,</span> <span class='ocrx_word' id='word_1_97' title='bbox 475 1756 525 1830; x_wconf 84' lang='lat'>20,</span> <span class='ocrx_word' id='word_1_98' title='bbox 563 1756 611 1829; x_wconf 88' lang='grc'>13,</span> <span class='ocrx_word' id='word_1_99' title='bbox 645 1751 726 1832; x_wconf 81' lang='lat' dir='ltr'>XLI,</span> <span class='ocrx_word' id='word_1_100' title='bbox 760 1755 810 1832; x_wconf 82' lang='lat'>25,</span> <span class='ocrx_word' id='word_1_101' title='bbox 840 1757 875 1834; x_wconf 87' lang='lat'>8;</span> <span class='ocrx_word' id='word_1_102' title='bbox 908 1748 1112 1818; x_wconf 84' lang='lat' dir='ltr'>adfirmative</span> <span class='ocrx_word' id='word_1_103' title='bbox 1139 1751 1286 1834; x_wconf 90' lang='lat' dir='ltr'>quibus</span> 
     </span>
     <span class='ocr_line' id='line_1_13' title="bbox 134 1859 1286 1946; baseline -0.002 -20"><span class='ocrx_word' id='word_1_104' title='bbox 134 1883 271 1946; x_wconf 83' lang='lat' dir='ltr'>operae</span> <span class='ocrx_word' id='word_1_105' title='bbox 301 1868 363 1926; x_wconf 90' lang='lat' dir='ltr'>est</span> <span class='ocrx_word' id='word_1_106' title='bbox 392 1860 448 1939; x_wconf 85' lang='lat' dir='ltr'>IX,</span> <span class='ocrx_word' id='word_1_107' title='bbox 479 1863 529 1939; x_wconf 86' lang='grc'>23,</span> <span class='ocrx_word' id='word_1_108' title='bbox 555 1863 604 1939; x_wconf 93' lang='grc'>12,</span> <span class='ocrx_word' id='word_1_109' title='bbox 627 1859 685 1925; x_wconf 85' lang='lat' dir='ltr'>cfr.</span> <span class='ocrx_word' id='word_1_110' title='bbox 709 1860 747 1940; x_wconf 91' lang='lat' dir='ltr'>V,</span> <span class='ocrx_word' id='word_1_111' title='bbox 773 1865 821 1938; x_wconf 85' lang='lat'>15,</span> <span class='ocrx_word' id='word_1_112' title='bbox 846 1861 894 1944; x_wconf 81' lang='lat'>6);</span> <span class='ocrx_word' id='word_1_113' title='bbox 916 1860 1152 1927; x_wconf 83' lang='lat' dir='ltr'>condicionalis</span> <span class='ocrx_word' id='word_1_114' title='bbox 1180 1861 1286 1925; x_wconf 90' lang='lat' dir='ltr'>oratio</span> 
     </span>
     <span class='ocr_line' id='line_1_14' title="bbox 134 1968 1287 2054; baseline 0 -21"><span class='ocrx_word' id='word_1_115' title='bbox 134 1968 343 2054; x_wconf 87' lang='lat' dir='ltr'>ineptissima</span> <span class='ocrx_word' id='word_1_116' title='bbox 382 1975 446 2047; x_wconf 86' lang='lat' dir='ltr'>est,</span> <span class='ocrx_word' id='word_1_117' title='bbox 491 1968 586 2052; x_wconf 88' lang='lat' dir='ltr'>quasi</span> <span class='ocrx_word' id='word_1_118' title='bbox 625 1974 723 2051; x_wconf 87' lang='lat' dir='ltr'>neget</span> <span class='ocrx_word' id='word_1_119' title='bbox 766 1968 888 2034; x_wconf 84' lang='lat' dir='ltr'>Paulus</span> <span class='ocrx_word' id='word_1_120' title='bbox 930 1991 1018 2034; x_wconf 93' lang='lat' dir='ltr'>nunc</span> <span class='ocrx_word' id='word_1_121' title='bbox 1061 1990 1096 2034; x_wconf 91' lang='lat' dir='ltr'>se</span> <span class='ocrx_word' id='word_1_122' title='bbox 1140 1968 1173 2032; x_wconf 93' lang='lat' dir='ltr'>in</span> <span class='ocrx_word' id='word_1_123' title='bbox 1196 1969 1287 2033; x_wconf 82' lang='lat' dir='ltr'>&#39;acie</span> 
     </span>
     <span class='ocr_line' id='line_1_15' title="bbox 135 2063 1287 2160; baseline -0.003 -17"><span class='ocrx_word' id='word_1_124' title='bbox 135 2063 236 2143; x_wconf 75' lang='lat' dir='ltr'>stare.</span> <span class='ocrx_word' id='word_1_125' title='bbox 282 2077 330 2142; x_wconf 91' lang='lat' dir='ltr'>De</span> <span class='ocrx_word' id='word_1_126' title='bbox 359 2097 479 2159; x_wconf 85' lang='lat' dir='ltr'>genere</span> <span class='ocrx_word' id='word_1_127' title='bbox 511 2075 620 2140; x_wconf 88' lang='lat' dir='ltr'>mendi</span> <span class='ocrx_word' id='word_1_128' title='bbox 655 2075 721 2140; x_wconf 84' lang='lat' dir='ltr'>dixi</span> <span class='ocrx_word' id='word_1_129' title='bbox 750 2077 936 2160; x_wconf 88' lang='lat' dir='ltr'>multosque</span> <span class='ocrx_word' id='word_1_130' title='bbox 964 2076 1056 2143; x_wconf 90' lang='lat' dir='ltr'>locos</span> <span class='ocrx_word' id='word_1_131' title='bbox 1090 2077 1216 2141; x_wconf 86' lang='lat' dir='ltr'>correxi</span> <span class='ocrx_word' id='word_1_132' title='bbox 1245 2075 1287 2140; x_wconf 88' lang='lat' dir='ltr'>ad</span> 
     </span>
     <span class='ocr_line' id='line_1_16' title="bbox 135 2182 1287 2270; baseline -0.001 -21"><span class='ocrx_word' id='word_1_133' title='bbox 135 2182 204 2250; x_wconf 78' lang='lat' dir='ltr'>Cic.</span> <span class='ocrx_word' id='word_1_134' title='bbox 228 2185 297 2249; x_wconf 83' lang='lat' dir='ltr'>Fin.</span> <span class='ocrx_word' id='word_1_135' title='bbox 320 2184 378 2264; x_wconf 91' lang='lat' dir='ltr'>III,</span> <span class='ocrx_word' id='word_1_136' title='bbox 401 2189 441 2248; x_wconf 77' lang='lat'>58</span> <span class='ocrx_word' id='word_1_137' title='bbox 463 2207 495 2268; x_wconf 92' lang='lat' dir='ltr'>p.</span> <span class='ocrx_word' id='word_1_138' title='bbox 519 2188 591 2263; x_wconf 84' lang='grc'>444,</span> <span class='ocrx_word' id='word_1_139' title='bbox 613 2184 733 2267; x_wconf 89' lang='lat' dir='ltr'>Opusc.</span> <span class='ocrx_word' id='word_1_140' title='bbox 755 2184 869 2249; x_wconf 84' lang='lat' dir='ltr'>AcII</span> <span class='ocrx_word' id='word_1_141' title='bbox 890 2208 922 2270; x_wconf 87' lang='lat' dir='ltr'>p.</span> <span class='ocrx_word' id='word_1_142' title='bbox 946 2189 1025 2265; x_wconf 89' lang='grc'>222;</span> <span class='ocrx_word' id='word_1_143' title='bbox 1059 2184 1165 2250; x_wconf 84' lang='lat' dir='ltr'>habeo</span> <span class='ocrx_word' id='word_1_144' title='bbox 1189 2185 1287 2249; x_wconf 90' lang='lat' dir='ltr'>etiam</span> 
     </span>
     <span class='ocr_line' id='line_1_17' title="bbox 135 2290 864 2375; baseline -0.001 -17"><span class='ocrx_word' id='word_1_145' title='bbox 135 2314 234 2370; x_wconf 90' lang='lat' dir='ltr'>nunc,</span> <span class='ocrx_word' id='word_1_146' title='bbox 257 2314 338 2375; x_wconf 89' lang='lat' dir='ltr'>quos</span> <span class='ocrx_word' id='word_1_147' title='bbox 360 2292 488 2357; x_wconf 88' lang='lat' dir='ltr'>addam.</span> <span class='ocrx_word' id='word_1_148' title='bbox 535 2291 603 2375; x_wconf 86' lang='lat' dir='ltr'>[Sic</span> <span class='ocrx_word' id='word_1_149' title='bbox 625 2293 690 2357; x_wconf 82' lang='lat' dir='ltr'>iam</span> <span class='ocrx_word' id='word_1_150' title='bbox 714 2290 864 2375; x_wconf 77' lang='lat' dir='ltr'>GronP)</span> 
     </span>
    </p>

    <p class='ocr_par' dir='ltr' id='par_1_3' title="bbox 137 2399 1287 2592">
     <span class='ocr_line' id='line_1_18' title="bbox 224 2399 1287 2485; baseline -0.001 -20"><span class='ocrx_word' id='word_1_151' title='bbox 224 2399 531 2485; x_wconf 71' lang='grc'>010.37,12,111</span> <span class='ocrx_word' id='word_1_152' title='bbox 563 2400 674 2483; x_wconf 90' lang='lat' dir='ltr'>agitur</span> <span class='ocrx_word' id='word_1_153' title='bbox 703 2399 743 2465; x_wconf 90' lang='lat' dir='ltr'>de</span> <span class='ocrx_word' id='word_1_154' title='bbox 768 2401 803 2465; x_wconf 89' lang='lat' dir='ltr'>L.</span> <span class='ocrx_word' id='word_1_155' title='bbox 826 2400 930 2466; x_wconf 87' lang='lat' dir='ltr'>Paulo</span> <span class='ocrx_word' id='word_1_156' title='bbox 964 2401 1067 2466; x_wconf 91' lang='lat' dir='ltr'>altero</span> <span class='ocrx_word' id='word_1_157' title='bbox 1100 2401 1201 2466; x_wconf 86' lang='lat' dir='ltr'>etiam</span> <span class='ocrx_word' id='word_1_158' title='bbox 1235 2400 1287 2465; x_wconf 90' lang='lat' dir='ltr'>die</span> 
     </span>
     <span class='ocr_line' id='line_1_19' title="bbox 137 2508 1287 2592; baseline 0.002 -20"><span class='ocrx_word' id='word_1_159' title='bbox 137 2530 280 2592; x_wconf 88' lang='lat' dir='ltr'>pugnam</span> <span class='ocrx_word' id='word_1_160' title='bbox 304 2509 395 2590; x_wconf 83' lang='lat' dir='ltr'>segni</span> <span class='ocrx_word' id='word_1_161' title='bbox 417 2528 509 2572; x_wconf 92' lang='lat' dir='ltr'>mora</span> <span class='ocrx_word' id='word_1_162' title='bbox 531 2510 635 2573; x_wconf 87' lang='lat' dir='ltr'>vitare</span> <span class='ocrx_word' id='word_1_163' title='bbox 657 2508 770 2573; x_wconf 91' lang='lat' dir='ltr'>multis</span> <span class='ocrx_word' id='word_1_164' title='bbox 787 2510 866 2590; x_wconf 84' lang='lat' dir='ltr'>riso,</span> <span class='ocrx_word' id='word_1_165' title='bbox 889 2509 1093 2575; x_wconf 87' lang='lat' dir='ltr'>etsinullum</span> <span class='ocrx_word' id='word_1_166' title='bbox 1112 2515 1162 2574; x_wconf 90' lang='lat' dir='ltr'>est</span> <span class='ocrx_word' id='word_1_167' title='bbox 1180 2510 1287 2574; x_wconf 86' lang='lat' dir='ltr'>autin</span> 
     </span>
    </p>
   </div>
   <div class='ocr_carea' id='block_1_3' title="bbox 135 2603 1391 3128">
    <p class='ocr_par' dir='ltr' id='par_1_4' title="bbox 135 2603 1391 3128">
     <span class='ocr_line' id='line_1_20' title="bbox 136 2603 1391 2712; baseline 0.001 -29"><span class='ocrx_word' id='word_1_168' title='bbox 136 2617 252 2683; x_wconf 87' lang='lat' dir='ltr'>codice</span> <span class='ocrx_word' id='word_1_169' title='bbox 274 2617 389 2681; x_wconf 89' lang='lat' dir='ltr'>autin</span> <span class='ocrx_word' id='word_1_170' title='bbox 411 2603 594 2695; x_wconf 84' lang='lat' dir='ltr'>verborum,</span> <span class='ocrx_word' id='word_1_171' title='bbox 618 2638 689 2701; x_wconf 85' lang='lat' dir='ltr'>quae</span> <span class='ocrx_word' id='word_1_172' title='bbox 707 2618 830 2701; x_wconf 87' lang='lat' dir='ltr'>scripta</span> <span class='ocrx_word' id='word_1_173' title='bbox 847 2624 932 2698; x_wconf 84' lang='lat' dir='ltr'>sunt,</span> <span class='ocrx_word' id='word_1_174' title='bbox 955 2618 1169 2701; x_wconf 85' lang='lat' dir='ltr'>grammatica</span> <span class='ocrx_word' id='word_1_175' title='bbox 1183 2618 1290 2684; x_wconf 77' lang='lat' dir='ltr'>forma</span> <span class='ocrx_word' id='word_1_176' title='bbox 1388 2704 1391 2712; x_wconf 43' lang='lat'>‚</span> 
     </span>
     <span class='ocr_line' id='line_1_21' title="bbox 135 2724 1288 2804; baseline 0.002 -15"><span class='ocrx_word' id='word_1_177' title='bbox 135 2725 249 2790; x_wconf 90' lang='lat' dir='ltr'>mendi</span> <span class='ocrx_word' id='word_1_178' title='bbox 283 2725 448 2804; x_wconf 86' lang='lat' dir='ltr'>indicium,</span> <span class='ocrx_word' id='word_1_179' title='bbox 480 2731 590 2788; x_wconf 90' lang='lat' dir='ltr'>tamen</span> <span class='ocrx_word' id='word_1_180' title='bbox 623 2724 658 2788; x_wconf 92' lang='lat' dir='ltr'>id</span> <span class='ocrx_word' id='word_1_181' title='bbox 691 2727 881 2790; x_wconf 89' lang='lat' dir='ltr'>certissimis</span> <span class='ocrx_word' id='word_1_182' title='bbox 911 2732 944 2790; x_wconf 92' lang='lat' dir='ltr'>et</span> <span class='ocrx_word' id='word_1_183' title='bbox 967 2726 1125 2791; x_wconf 89' lang='lat' dir='ltr'>orationis</span> <span class='ocrx_word' id='word_1_184' title='bbox 1154 2733 1188 2791; x_wconf 88' lang='lat' dir='ltr'>et</span> <span class='ocrx_word' id='word_1_185' title='bbox 1215 2747 1288 2791; x_wconf 88' lang='lat' dir='ltr'>sen-</span> 
     </span>
     <span class='ocr_line' id='line_1_22' title="bbox 137 2831 1288 2915; baseline 0 -18"><span class='ocrx_word' id='word_1_186' title='bbox 137 2833 259 2897; x_wconf 82' lang='lat' dir='ltr'>tentiae·</span> <span class='ocrx_word' id='word_1_187' title='bbox 272 2833 472 2915; x_wconf 86' lang='lat' dir='ltr'>argumentis</span> <span class='ocrx_word' id='word_1_188' title='bbox 497 2832 706 2896; x_wconf 87' lang='lat' dir='ltr'>convincitur.</span> <span class='ocrx_word' id='word_1_189' title='bbox 752 2831 806 2898; x_wconf 86' lang='lat' dir='ltr'>Sic</span> <span class='ocrx_word' id='word_1_190' title='bbox 829 2835 916 2899; x_wconf 90' lang='lat' dir='ltr'>enim</span> <span class='ocrx_word' id='word_1_191' title='bbox 939 2833 1108 2898; x_wconf 87' lang='lat' dir='ltr'>scribitur:</span> <span class='ocrx_word' id='word_1_192' title='bbox 1133 2831 1288 2899; x_wconf 78' lang='lat' dir='ltr'>Consul</span> 
     </span>
     <span class='ocr_line' id='line_1_23' title="bbox 136 2939 1287 3025; baseline 0.001 -20"><span class='ocrx_word' id='word_1_193' title='bbox 136 2940 188 3005; x_wconf 82' lang='lat' dir='ltr'>cd</span> <span class='ocrx_word' id='word_1_194' title='bbox 217 2940 273 3018; x_wconf 88' lang='lat' dir='ltr'>id,</span> <span class='ocrx_word' id='word_1_195' title='bbox 308 2940 411 3022; x_wconf 91' lang='lat' dir='ltr'>quod</span> <span class='ocrx_word' id='word_1_196' title='bbox 445 2939 578 3023; x_wconf 85' lang='lat' dir='ltr'>pridie</span> <span class='ocrx_word' id='word_1_197' title='bbox 611 2943 924 3023; x_wconf 77' lang='lat' dir='ltr'>praetermisisse</span> <span class='ocrx_word' id='word_1_198' title='bbox 946 2941 1151 3025; x_wconf 85' lang='lat' dir='ltr'>pugnandi</span> <span class='ocrx_word' id='word_1_199' title='bbox 1175 2962 1287 3007; x_wconf 84' lang='grc'>0000-</span> 
     </span>
     <span class='ocr_line' id='line_1_24' title="bbox 135 3048 1287 3128; baseline 0.003 -16"><span class='ocrx_word' id='word_1_200' title='bbox 135 3048 295 3113; x_wconf 89' lang='lat' dir='ltr'>sionem</span> <span class='ocrx_word' id='word_1_201' title='bbox 318 3048 535 3113; x_wconf 86' lang='lat' dir='ltr'>videbatur</span> <span class='ocrx_word' id='word_1_202' title='bbox 558 3054 597 3112; x_wconf 91' lang='lat' dir='ltr'>et</span> <span class='ocrx_word' id='word_1_203' title='bbox 618 3048 749 3113; x_wconf 90' lang='lat' dir='ltr'>locum</span> <span class='ocrx_word' id='word_1_204' title='bbox 773 3049 937 3115; x_wconf 88' lang='lat' dir='ltr'>dedisse</span> <span class='ocrx_word' id='word_1_205' title='bbox 960 3050 1084 3128; x_wconf 84' lang='lat' dir='ltr'>hosti,</span> <span class='ocrx_word' id='word_1_206' title='bbox 1110 3052 1144 3115; x_wconf 94' lang='lat' dir='ltr'>si</span> <span class='ocrx_word' id='word_1_207' title='bbox 1165 3056 1287 3116; x_wconf 93' lang='lat' dir='ltr'>nocte</span> 
     </span>
    </p>
   </div>
   <div class='ocr_carea' id='block_1_4' title="bbox 100 3336 1406 4431">
    <p class='ocr_par' dir='ltr' id='par_1_5' title="bbox 164 3336 1290 3564">
     <span class='ocr_line' id='line_1_25' title="bbox 164 3336 1287 3409; baseline 0.004 -20"><span class='ocrx_word' id='word_1_208' title='bbox 164 3336 190 3403; x_wconf 90' lang='lat'>¹)</span> <span class='ocrx_word' id='word_1_209' title='bbox 207 3336 243 3390; x_wconf 93' lang='lat' dir='ltr'>In</span> <span class='ocrx_word' id='word_1_210' title='bbox 261 3337 371 3391; x_wconf 86' lang='lat' dir='ltr'>verbis:</span> <span class='ocrx_word' id='word_1_211' title='bbox 400 3355 453 3406; x_wconf 82' lang='lat' dir='ltr'>ne,</span> <span class='ocrx_word' id='word_1_212' title='bbox 472 3341 573 3391; x_wconf 88' lang='lat' dir='ltr'>nocte</span> <span class='ocrx_word' id='word_1_213' title='bbox 597 3338 712 3405; x_wconf 81' lang='lat' dir='ltr'>abeat,</span> <span class='ocrx_word' id='word_1_214' title='bbox 741 3338 936 3407; x_wconf 87' lang='lat' dir='ltr'>sequendus</span> <span class='ocrx_word' id='word_1_215' title='bbox 955 3339 1002 3393; x_wconf 88' lang='grc'>111</span> <span class='ocrx_word' id='word_1_216' title='bbox 1018 3339 1183 3409; x_wconf 83' lang='lat' dir='ltr'>pervellem,</span> <span class='ocrx_word' id='word_1_217' title='bbox 1202 3339 1287 3394; x_wconf 85' lang='lat' dir='ltr'>Weis-</span> 
     </span>
     <span class='ocr_line' id='line_1_26' title="bbox 207 3421 1290 3494; baseline 0.004 -19"><span class='ocrx_word' id='word_1_218' title='bbox 207 3422 389 3490; x_wconf 86' lang='lat' dir='ltr'>senbornius,</span> <span class='ocrx_word' id='word_1_219' title='bbox 409 3440 493 3492; x_wconf 89' lang='lat' dir='ltr'>quum</span> <span class='ocrx_word' id='word_1_220' title='bbox 521 3423 548 3475; x_wconf 90' lang='grc'>11</span> <span class='ocrx_word' id='word_1_221' title='bbox 574 3421 664 3476; x_wconf 79' lang='lat' dir='ltr'>audiri</span> <span class='ocrx_word' id='word_1_222' title='bbox 681 3441 764 3492; x_wconf 87' lang='lat' dir='ltr'>posse</span> <span class='ocrx_word' id='word_1_223' title='bbox 784 3424 955 3494; x_wconf 83' lang='lat' dir='ltr'>disputaret,</span> <span class='ocrx_word' id='word_1_224' title='bbox 983 3441 1046 3478; x_wconf 87' lang='lat' dir='ltr'>meo</span> <span class='ocrx_word' id='word_1_225' title='bbox 1071 3425 1184 3479; x_wconf 91' lang='lat' dir='ltr'>nomine</span> <span class='ocrx_word' id='word_1_226' title='bbox 1204 3426 1290 3479; x_wconf 85' lang='lat' dir='ltr'>absti-</span> 
     </span>
     <span class='ocr_line' id='line_1_27' title="bbox 208 3507 959 3564; baseline 0.003 -4"><span class='ocrx_word' id='word_1_227' title='bbox 208 3507 322 3560; x_wconf 86' lang='lat' dir='ltr'>nuisset.</span> <span class='ocrx_word' id='word_1_228' title='bbox 359 3507 430 3561; x_wconf 87' lang='lat' dir='ltr'>Mihi</span> <span class='ocrx_word' id='word_1_229' title='bbox 449 3508 521 3561; x_wconf 91' lang='lat' dir='ltr'>enim</span> <span class='ocrx_word' id='word_1_230' title='bbox 539 3507 609 3561; x_wconf 91' lang='lat' dir='ltr'>nihil</span> <span class='ocrx_word' id='word_1_231' title='bbox 627 3508 821 3563; x_wconf 85' lang='lat' dir='ltr'>incredibilius</span> <span class='ocrx_word' id='word_1_232' title='bbox 840 3509 959 3564; x_wconf 86' lang='lat' dir='ltr'>videtur.</span> 
     </span>
    </p>

    <p class='ocr_par' dir='ltr' id='par_1_6' title="bbox 164 3590 1290 3750">
     <span class='ocr_line' id='line_1_28' title="bbox 164 3590 1290 3661; baseline 0.004 -17"><span class='ocrx_word' id='word_1_233' title='bbox 164 3590 193 3658; x_wconf 79' lang='lat'>²)</span> <span class='ocrx_word' id='word_1_234' title='bbox 210 3592 294 3661; x_wconf 84' lang='lat' dir='ltr'>Apud</span> <span class='ocrx_word' id='word_1_235' title='bbox 312 3592 430 3646; x_wconf 85' lang='lat' dir='ltr'>Festum</span> <span class='ocrx_word' id='word_1_236' title='bbox 445 3611 471 3647; x_wconf 87' lang='lat' dir='ltr'>r.</span> <span class='ocrx_word' id='word_1_237' title='bbox 492 3592 694 3648; x_wconf 74' lang='lat' dir='ltr'>offendices</span> <span class='ocrx_word' id='word_1_238' title='bbox 718 3614 776 3649; x_wconf 90' lang='lat' dir='ltr'>non</span> <span class='ocrx_word' id='word_1_239' title='bbox 794 3601 871 3649; x_wconf 87' lang='lat' dir='ltr'>recte</span> <span class='ocrx_word' id='word_1_240' title='bbox 888 3594 1043 3649; x_wconf 86' lang='lat' dir='ltr'>Muellerus</span> <span class='ocrx_word' id='word_1_241' title='bbox 1063 3613 1077 3649; x_wconf 90' lang='lat' dir='ltr'>e</span> <span class='ocrx_word' id='word_1_242' title='bbox 1096 3595 1192 3651; x_wconf 92' lang='lat' dir='ltr'>codice</span> <span class='ocrx_word' id='word_1_243' title='bbox 1211 3597 1290 3649; x_wconf 88' lang='lat' dir='ltr'>resti·</span> 
     </span>
     <span class='ocr_line' id='line_1_29' title="bbox 207 3678 1287 3750; baseline 0.005 -21"><span class='ocrx_word' id='word_1_244' title='bbox 207 3678 277 3731; x_wconf 90' lang='lat' dir='ltr'>tuit:</span> <span class='ocrx_word' id='word_1_245' title='bbox 301 3696 402 3746; x_wconf 90' lang='lat' dir='ltr'>quum</span> <span class='ocrx_word' id='word_1_246' title='bbox 420 3679 461 3733; x_wconf 84' lang='lat' dir='ltr'>sd</span> <span class='ocrx_word' id='word_1_247' title='bbox 478 3685 628 3734; x_wconf 89' lang='lat' dir='ltr'>mentum</span> <span class='ocrx_word' id='word_1_248' title='bbox 645 3685 850 3748; x_wconf 86' lang='lat' dir='ltr'>perventum</span> <span class='ocrx_word' id='word_1_249' title='bbox 869 3681 915 3735; x_wconf 90' lang='grc'>111</span> <span class='ocrx_word' id='word_1_250' title='bbox 932 3681 996 3750; x_wconf 79' lang='lat' dir='ltr'>(pro</span> <span class='ocrx_word' id='word_1_251' title='bbox 1014 3686 1220 3750; x_wconf 86' lang='lat' dir='ltr'>perventum</span> <span class='ocrx_word' id='word_1_252' title='bbox 1234 3681 1287 3749; x_wconf 83' lang='grc'>11),</span> 
     </span>
    </p>

    <p class='ocr_par' dir='ltr' id='par_1_7' title="bbox 100 3761 1288 3835">
     <span class='ocr_line' id='line_1_30' title="bbox 100 3761 1288 3835; baseline 0.004 -21"><span class='ocrx_word' id='word_1_253' title='bbox 100 3813 104 3821; x_wconf 87' lang='grc'>,</span> <span class='ocrx_word' id='word_1_254' title='bbox 207 3761 364 3816; x_wconf 73' lang='lat' dir='ltr'>offendit</span> <span class='ocrx_word' id='word_1_255' title='bbox 380 3769 542 3834; x_wconf 90' lang='lat' dir='ltr'>mentum,</span> <span class='ocrx_word' id='word_1_256' title='bbox 570 3764 723 3835; x_wconf 85' lang='lat' dir='ltr'>miramque</span> <span class='ocrx_word' id='word_1_257' title='bbox 741 3766 878 3820; x_wconf 85' lang='lat' dir='ltr'>confinxit</span> <span class='ocrx_word' id='word_1_258' title='bbox 905 3767 1041 3821; x_wconf 83' lang='grc'>0111101111</span> <span class='ocrx_word' id='word_1_259' title='bbox 1064 3772 1149 3821; x_wconf 79' lang='lat' dir='ltr'>recta</span> <span class='ocrx_word' id='word_1_260' title='bbox 1172 3772 1201 3820; x_wconf 92' lang='lat' dir='ltr'>et</span> <span class='ocrx_word' id='word_1_261' title='bbox 1219 3766 1288 3820; x_wconf 90' lang='lat' dir='ltr'>obli·</span> 
     </span>
    </p>

    <p class='ocr_par' dir='ltr' id='par_1_8' title="bbox 203 3848 1406 4431">
     <span class='ocr_line' id='line_1_31' title="bbox 206 3848 1406 3921; baseline 0.005 -20"><span class='ocrx_word' id='word_1_262' title='bbox 206 3864 268 3916; x_wconf 86' lang='lat' dir='ltr'>quae</span> <span class='ocrx_word' id='word_1_263' title='bbox 296 3848 496 3903; x_wconf 82' lang='lat' dir='ltr'>confusionom</span> <span class='ocrx_word' id='word_1_264' title='bbox 540 3850 625 3919; x_wconf 84' lang='lat' dir='ltr'>Apud</span> <span class='ocrx_word' id='word_1_265' title='bbox 653 3849 786 3907; x_wconf 85' lang='lat' dir='ltr'>Senecam</span> <span class='ocrx_word' id='word_1_266' title='bbox 818 3853 909 3921; x_wconf 86' lang='lat' dir='ltr'>Epist.</span> <span class='ocrx_word' id='word_1_267' title='bbox 942 3855 985 3920; x_wconf 85' lang='grc'>92,</span> <span class='ocrx_word' id='word_1_268' title='bbox 1016 3856 1045 3905; x_wconf 93' lang='grc'>11</span> <span class='ocrx_word' id='word_1_269' title='bbox 1079 3852 1163 3906; x_wconf 87' lang='lat' dir='ltr'>scribi</span> <span class='ocrx_word' id='word_1_270' title='bbox 1190 3852 1288 3906; x_wconf 86' lang='lat' dir='ltr'>debet:</span> <span class='ocrx_word' id='word_1_271' title='bbox 1403 3854 1406 3861; x_wconf 78' lang='grc'><strong>’</strong></span> 
     </span>
     <span class='ocr_line' id='line_1_32' title="bbox 206 3932 1290 4007; baseline 0.006 -22"><span class='ocrx_word' id='word_1_272' title='bbox 206 3932 292 4000; x_wconf 82' lang='lat' dir='ltr'>Quid</span> <span class='ocrx_word' id='word_1_273' title='bbox 311 3935 416 4005; x_wconf 80' lang='lat' dir='ltr'>ergo?</span> <span class='ocrx_word' id='word_1_274' title='bbox 444 3933 478 3988; x_wconf 87' lang='lat' dir='ltr'>Si</span> <span class='ocrx_word' id='word_1_275' title='bbox 496 3934 665 3989; x_wconf 86' lang='lat' dir='ltr'>virtutem</span> <span class='ocrx_word' id='word_1_276' title='bbox 683 3937 774 3990; x_wconf 81' lang='lat' dir='ltr'>nihil</span> <span class='ocrx_word' id='word_1_277' title='bbox 792 3937 1003 4007; x_wconf 80' lang='lat' dir='ltr'>impeditura</span> <span class='ocrx_word' id='word_1_278' title='bbox 1022 3942 1053 3991; x_wconf 90' lang='grc'>11</span> <span class='ocrx_word' id='word_1_279' title='bbox 1071 3940 1105 4004; x_wconf 82' lang='grc'>(1,</span> <span class='ocrx_word' id='word_1_280' title='bbox 1127 3936 1290 4003; x_wconf 75' lang='grc'>1111100111</span> 
     </span>
     <span class='ocr_line' id='line_1_33' title="bbox 204 4018 1289 4092; baseline 0.007 -22"><span class='ocrx_word' id='word_1_281' title='bbox 204 4018 371 4075; x_wconf 80' lang='lat' dir='ltr'>valetudo</span> <span class='ocrx_word' id='word_1_282' title='bbox 391 4025 424 4074; x_wconf 86' lang='lat' dir='ltr'>et</span> <span class='ocrx_word' id='word_1_283' title='bbox 441 4020 539 4088; x_wconf 87' lang='lat' dir='ltr'>quies</span> <span class='ocrx_word' id='word_1_284' title='bbox 557 4025 591 4074; x_wconf 88' lang='lat' dir='ltr'>et</span> <span class='ocrx_word' id='word_1_285' title='bbox 609 4022 767 4076; x_wconf 90' lang='lat' dir='ltr'>dolorum</span> <span class='ocrx_word' id='word_1_286' title='bbox 788 4023 938 4089; x_wconf 80' lang='grc'>1101110,</span> <span class='ocrx_word' id='word_1_287' title='bbox 965 4039 1032 4077; x_wconf 93' lang='lat' dir='ltr'>non</span> <span class='ocrx_word' id='word_1_288' title='bbox 1053 4028 1155 4092; x_wconf 89' lang='lat' dir='ltr'>petes</span> <span class='ocrx_word' id='word_1_289' title='bbox 1179 4023 1289 4078; x_wconf 78' lang='lat' dir='ltr'>illas?</span> 
     </span>
     <span class='ocr_line' id='line_1_34' title="bbox 205 4101 1287 4177; baseline 0.006 -21"><span class='ocrx_word' id='word_1_290' title='bbox 205 4101 407 4159; x_wconf 84' lang='lat' dir='ltr'>Coniunctivus</span> <span class='ocrx_word' id='word_1_291' title='bbox 427 4106 622 4160; x_wconf 85' lang='lat' dir='ltr'>vitiosissimus</span> <span class='ocrx_word' id='word_1_292' title='bbox 641 4111 691 4160; x_wconf 84' lang='lat' dir='ltr'>est.</span> <span class='ocrx_word' id='word_1_293' title='bbox 718 4106 813 4161; x_wconf 82' lang='lat' dir='ltr'>Etiam</span> <span class='ocrx_word' id='word_1_294' title='bbox 831 4107 906 4177; x_wconf 83' lang='lat' dir='ltr'>apud</span> <span class='ocrx_word' id='word_1_295' title='bbox 924 4106 1005 4161; x_wconf 82' lang='lat' dir='ltr'>Corn.</span> <span class='ocrx_word' id='word_1_296' title='bbox 1026 4105 1100 4177; x_wconf 63' lang='lat' dir='ltr'>Nep„</span> <span class='ocrx_word' id='word_1_297' title='bbox 1118 4107 1252 4177; x_wconf 82' lang='lat' dir='ltr'>Thresyb.</span> <span class='ocrx_word' id='word_1_298' title='bbox 1275 4113 1287 4162; x_wconf 95' lang='lat'>1</span> 
     </span>
     <span class='ocr_line' id='line_1_35' title="bbox 205 4189 1292 4262; baseline 0.006 -21"><span class='ocrx_word' id='word_1_299' title='bbox 205 4189 384 4245; x_wconf 87' lang='lat' dir='ltr'>scribendum</span> <span class='ocrx_word' id='word_1_300' title='bbox 403 4189 477 4259; x_wconf 91' lang='lat' dir='ltr'>[cnm</span> <span class='ocrx_word' id='word_1_301' title='bbox 495 4190 704 4261; x_wconf 85' lang='lat' dir='ltr'>Fleckeiseno]:</span> <span class='ocrx_word' id='word_1_302' title='bbox 725 4191 758 4245; x_wconf 80' lang='lat' dir='ltr'>Si</span> <span class='ocrx_word' id='word_1_303' title='bbox 776 4209 837 4262; x_wconf 89' lang='lat' dir='ltr'>per</span> <span class='ocrx_word' id='word_1_304' title='bbox 859 4209 894 4247; x_wconf 86' lang='lat' dir='ltr'>se</span> <span class='ocrx_word' id='word_1_305' title='bbox 918 4191 1029 4245; x_wconf 81' lang='lat' dir='ltr'>virtus</span> <span class='ocrx_word' id='word_1_306' title='bbox 1053 4193 1128 4247; x_wconf 87' lang='lat' dir='ltr'>sine</span> <span class='ocrx_word' id='word_1_307' title='bbox 1145 4192 1292 4248; x_wconf 84' lang='lat' dir='ltr'>fortuna</span> 
     </span>
     <span class='ocr_line' id='line_1_36' title="bbox 204 4274 1290 4346; baseline 0.005 -18"><span class='ocrx_word' id='word_1_308' title='bbox 204 4275 433 4344; x_wconf 82' lang='lat' dir='ltr'>ponderanda</span> <span class='ocrx_word' id='word_1_309' title='bbox 460 4282 493 4329; x_wconf 88' lang='lat' dir='ltr'>st</span> <span class='ocrx_word' id='word_1_310' title='bbox 520 4280 583 4346; x_wconf 82' lang='lat' dir='ltr'>(pro</span> <span class='ocrx_word' id='word_1_311' title='bbox 611 4277 677 4346; x_wconf 82' lang='lat' dir='ltr'>sit),</span> <span class='ocrx_word' id='word_1_312' title='bbox 697 4277 838 4345; x_wconf 84' lang='lat' dir='ltr'>dubito,</span> <span class='ocrx_word' id='word_1_313' title='bbox 864 4296 905 4333; x_wconf 83' lang='lat' dir='ltr'>au</span> <span class='ocrx_word' id='word_1_314' title='bbox 923 4282 976 4332; x_wconf 87' lang='lat' dir='ltr'>cet.</span> <span class='ocrx_word' id='word_1_315' title='bbox 1013 4274 1087 4343; x_wconf 84' lang='lat' dir='ltr'>[Alia</span> <span class='ocrx_word' id='word_1_316' title='bbox 1104 4279 1215 4332; x_wconf 82' lang='lat' dir='ltr'>correxi</span> <span class='ocrx_word' id='word_1_317' title='bbox 1232 4279 1290 4334; x_wconf 81' lang='lat' dir='ltr'>Ad·</span> 
     </span>
     <span class='ocr_line' id='line_1_37' title="bbox 203 4353 738 4431; baseline 0.007 -18"><span class='ocrx_word' id='word_1_318' title='bbox 203 4377 276 4414; x_wconf 83' lang='lat' dir='ltr'>vers.</span> <span class='ocrx_word' id='word_1_319' title='bbox 296 4360 362 4415; x_wconf 82' lang='lat' dir='ltr'>Orit.</span> <span class='ocrx_word' id='word_1_320' title='bbox 382 4361 434 4415; x_wconf 84' lang='lat' dir='ltr'>vol.</span> <span class='ocrx_word' id='word_1_321' title='bbox 454 4353 481 4415; x_wconf 94' lang='lat' dir='ltr'>II</span> <span class='ocrx_word' id='word_1_322' title='bbox 500 4361 626 4431; x_wconf 86' lang='lat' dir='ltr'>pluribus</span> <span class='ocrx_word' id='word_1_323' title='bbox 644 4362 738 4431; x_wconf 76' lang='lat' dir='ltr'>locis]</span> 
     </span>
    </p>
   </div>
   <div class='ocr_carea' id='block_1_5' title="bbox 1052 4431 1086 4486">
    <p class='ocr_par' dir='ltr' id='par_1_9' title="bbox 1052 4431 1086 4486">
     <span class='ocr_line' id='line_1_38' title="bbox 1052 4431 1086 4486; baseline 0 0"><span class='ocrx_word' id='word_1_324' title='bbox 1052 4431 1086 4486; x_wconf 82' lang='lat'>45</span> 
     </span>
    </p>
   </div>
   <div class='ocr_carea' id='block_1_6' title="bbox 0 0 1502 5108">
    <p class='ocr_par' dir='ltr' id='par_1_10' title="bbox 0 0 1502 5108">
     <span class='ocr_line' id='line_1_39' title="bbox 0 0 1502 5108; baseline 0 0"><span class='ocrx_word' id='word_1_325' title='bbox 0 0 1502 5108; x_wconf 95' lang='lat' dir='ltr'> </span> 
     </span>
    </p>
   </div>
  </div>
 </body>
</html>
