2994 5108
700 471 761 531 293
1142 480 1203 534 Lib.
1223 478 1309 534 XXII.

149 656 278 721 consilii
306 656 502 738 significatio
530 658 564 721 in
593 653 858 720 deducendas
887 660 967 737 apta
996 660 1048 718 est
1076 659 1109 717 et
1138 651 1309 717 vehemen-

64 800 67 806 ·
147 766 275 830 tissime
305 763 442 830 offendit
470 763 614 829 secunda
643 782 787 847 persona
815 762 989 844 singularis
1017 762 1142 826 numeri
1173 760 1229 840 (ut
1251 760 1310 823 vir

148 893 235 939 cum
274 874 362 938 viro
401 870 702 955 congrediaris)
743 877 818 952 post
858 869 939 934 illud
981 870 1135 933 armari
1169 869 1309 951 copias

78 1054 81 1059 ,
148 988 326 1066 oportet.
387 980 452 1046 Sed
490 981 524 1045 in
559 978 728 1045 codicibus
762 977 912 1042 omnibus
946 977 1117 1041 scribitur:
1159 977 1309 1040 armari

147 1089 289 1174 copias
333 1095 500 1172 oportet
538 1095 578 1153 et
618 1085 877 1152 deducendas
916 1086 959 1148 in
993 1106 1144 1167 aequum
1177 1092 1216 1148 et
1248 1085 1310 1147 vir

148 1217 235 1262 cnm
263 1197 349 1261 viro
380 1195 683 1278 congrediaris,
717 1194 779 1258 nisi
808 1193 896 1277 quod
924 1193 950 1256 P
979 1214 1045 1257 una
1071 1191 1187 1257 littera
1215 1212 1235 1256 a
1259 1212 1310 1255 ce-

148 1305 230 1371 teris
260 1303 451 1388 discrepans
481 1303 648 1385 (armari
677 1301 832 1385 capias)
863 1321 975 1365 verum
1003 1308 1173 1365 monstrat.
1226 1300 1310 1364 Scri-

147 1411 294 1478 bendmn
323 1420 375 1477 est
397 1413 484 1477 enim
507 1410 753 1493 elegantissima
775 1417 808 1474 et
831 1410 1001 1493 aptissima
1024 1410 1183 1473 orationis
1206 1408 1312 1472 forma

148 1526 184 1585 et
224 1520 288 1585 sibi
322 1520 364 1587 ab
398 1520 492 1584 initio
527 1519 569 1584 ad
603 1526 785 1583 extremum
818 1518 998 1583 constanti:
1044 1517 1146 1578 ,11111
1180 1515 1311 1597 coplas

148 1634 319 1712 oportet
359 1632 393 1692 et
432 1628 641 1690 descendas
681 1627 721 1690 in
755 1646 906 1707 aequum
941 1632 980 1689 et
1013 1626 1072 1688 vir
1106 1645 1190 1688 cum
1224 1625 1310 1688 viro

148 1734 446 1819 congrediaris.
491 1734 541 1799 Ex
565 1754 673 1798 arma
696 1734 738 1798 ob
761 1733 950 1816 praecedens
974 1732 1177 1797 debellari
1202 1740 1311 1797 ortum

149 1843 310 1922 armari,
332 1850 402 1908 tum
426 1843 577 1925 capias,
600 1841 888 1925 quodPservavit,
910 1842 944 1904 11
967 1842 1085 1906 ceteris
1108 1842 1142 1905 in
1165 1842 1398 1924 6161661139)

147 1954 322 2016 mutatum.
350 1950 581 2015 Descendas
598 1948 751 2014 facillime
768 1951 803 2014 in
820 1948 1080 2013 deducendas
1097 1948 1308 2031 transibat.¹)

237 2057 317 2143 Cap.
343 2062 397 2138 17,
433 2063 451 2123 3
481 2057 536 2140 (de
560 2058 667 2123 bubus
688 2057 795 2122 fasces
818 2058 984 2139 virgarum
1009 2065 1042 2122 et
1065 2064 1309 2122 sarmentorum

147 2166 304 2231 cornibus
326 2166 490 2250 adligatos
512 2166 722 2251 portantibus
745 2173 780 2230 et
803 2170 881 2230 ante
905 2167 1087 2229 exercitum
1112 2188 1170 2248 661
1188 2165 1309 2230 saltum

148 2280 183 2339 et
204 2281 334 2339 montes
358 2276 470 2353 actisl:
506 2296 582 2359 quo
616 2280 788 2357 repente
823 2273 1023 2352 discursu,
1057 2273 1159 2338 haud
1194 2294 1309 2338 secus

148 2401 269 2465 quam
303 2381 423 2447 silvis
451 2383 738 2464 montibusque
767 2382 967 2460 accensis,
996 2383 1131 2446 omnia
1158 2383 1310 2447 circum

47 2472 51 2477 ⁴
150 2489 334 2570 virgulta
358 2488 510 2554 ardere.
553 2489 587 2555 Si
610 2491 658 2555 sio
681 2487 791 2554 Livius
814 2490 954 2572 scripsit,
978 2510 1041 2555 non
1065 2490 1170 2554 solum
1194 2511 1310 2573 parum

152 2648 350 2657 ————----
359 2652 369 2657 -

179 2714 205 2783 ¹)
223 2713 305 2769 Hanc
331 2712 559 2769 emendationem
581 2732 667 2783 quum
691 2715 937 2770 Weissenbornius
960 2718 1050 2769 totam
1074 2717 1109 2770 ab
1133 2716 1310 2785 Ingerslevio

221 2785 332 2853 sumere
353 2804 464 2869 posset,
490 2800 591 2853 maluit
617 2806 726 2868 partem
754 2801 941 2866 posteriorem
971 2802 1017 2867 (et
1044 2801 1251 2867 descendas)
1275 2803 1310 2856 ab

220 2883 423 2953 Heerwagenio
441 2886 581 2955 accipere,
609 2886 710 2940 relicta
731 2886 785 2939 hac
803 2887 1008 2954 inaequabtate:
1036 2888 1165 2940 armari
1190 2888 1310 2955 copias

221 2973 369 3038 oportet
395 2975 429 3024 et
451 2969 652 3025 descendas.
696 2970 729 3024 In
753 2972 855 3040 eapitis
880 2974 911 3024 15
935 2972 1017 3025 initio
1040 2970 1144 3025 frustra
1168 2971 1308 3026 Weissen-

218 3054 338 3109 bornius
356 3060 530 3123 retorquet,
558 3060 589 3108 ut
612 3072 647 3109 ex
668 3056 802 3110 mendosa
826 3056 954 3110 codicum
979 3057 1118 3125 scriptura
1142 3057 1311 3110 sententiam

220 3138 334 3194 efficiat
378 3138 451 3193 Nam
477 3144 510 3194 11
533 3141 662 3194 omittam
684 3141 855 3195 intentum
877 3143 970 3195 inter
995 3158 1076 3195 suos
1099 3142 1232 3195 Latinum
1255 3159 1312 3196 non

220 3241 283 3279 6116
304 3230 335 3279 61
356 3225 556 3280 obscurissime
579 3226 634 3279 dici
656 3226 726 3280 illud
748 3227 847 3295 prius
871 3227 911 3279 ab
935 3227 1017 3281 aliis
1041 3226 1208 3282 invictum
1228 3228 1267 3293 (et
1285 3228 1315 3281 in

221 3310 324 3380 prius
341 3327 396 3381 pro
414 3314 515 3363 antea
532 3310 658 3379 vitiose),
681 3329 795 3380 prorsus
817 3329 981 3381 perversum
999 3317 1043 3367 est
1060 3318 1228 3381 praestare
1246 3314 1314 3367 ani-

220 3412 308 3449 mum
330 3394 427 3464 prius
452 3395 633 3463 invictum,
661 3397 795 3464 quoniam
819 3398 905 3450 animi
928 3398 1027 3452 invicti
1050 3400 1197 3467 praestatio
1220 3399 1316 3466 adid,

221 3479 300 3549 qn'od
316 3496 394 3535 nunc
412 3481 522 3550 agitur,
545 3485 655 3549 tempus
677 3482 805 3550 pertinet
823 3484 1052 3552 comparatioqne
1070 3484 1224 3553 superioris
1244 3489 1315 3539 tem-

221 3565 299 3634 poris
322 3564 410 3634 longe
434 3565 518 3619 aliter
539 3564 726 3634 significanda
743 3565 804 3620 1111.
847 3566 919 3635 Quid
940 3569 1080 3622 sententia
1096 3570 1232 3641 postulet,
1251 3587 1314 3640 per·

221 3650 351 3719 spicuam
369 3655 420 3705 est.
460 3650 551 3704 Fabio
574 3655 604 3705 et
624 3656 724 3706 contra
746 3653 823 3708 cives
847 3659 876 3706 et
898 3657 1000 3708 contra
1017 3655 1113 3709 hostes
1131 3655 1316 3725 pugnandum

222 3742 298 3802 erat3
325 3736 402 3805 prius
424 3735 574 3804 praestitit,
602 3738 679 3805 quod
703 3737 801 3791 ordine
825 3754 917 3792 rerum
940 3740 1018 3807 prius
1041 3744 1111 3806 erat,
1141 3757 1176 3795 no
1201 3741 1315 3794 illorum

220 3820 317 3890 pravis
341 3819 455 3874 iudiciis
481 3824 510 3874 et
534 3822 695 3875 rumoribus
719 3828 888 3877 moveretur.
933 3825 1032 3878 Inter
1054 3843 1105 3894 pro
1130 3826 1163 3879 in
1186 3843 1221 3878 ex
1243 3826 1316 3880 male

219 3905 345 3975 repetita
363 3909 489 3959 extrema
507 3905 618 3975 syllaba
634 3906 713 3960 vocis
732 3907 865 3976 pariter
883 3913 977 3962 ortum
997 3914 1049 3976 est,
1068 3909 1148 3962 aliis
1166 3926 1218 3977 pro
1238 3908 1314 3963 illis

219 3994 379 4061 pervagato
402 4006 505 4046 errore.
550 3988 579 4059 [ὅ
603 3992 619 4044 b
642 3996 708 4059 post
730 3990 897 4046 Numidas
925 3993 1030 4047 excidit
1052 4010 1109 4047 non
1133 3993 1239 4059 vidit,
1266 3994 1315 4047 sed

219 4075 315 4131 vidit
341 4082 384 4130 et.
423 4077 497 4130 1861
554 4075 619 4145 Cap.
649 4078 694 4144 16,
721 4079 740 4129 4
765 4094 800 4131 ex
827 4077 938 4131 situas
965 4083 1043 4132 recto
1070 4077 1314 4133 Weissenbornius

220 4162 330 4215 silvas
357 4160 438 4227 feeit3
465 4161 514 4215 sed
537 4177 599 4231 quse
621 4161 786 4230 praecedunt
808 4162 922 4229 litterae,
950 4163 1055 4216 rectius
1079 4162 1255 4232 separandae,
1285 4168 1316 4216 11

220 4245 378 4301 scribatur:
396 4262 457 4315 per
473 4244 636 4301 horridas
655 4247 775 4313 silvas,
793 4264 851 4302 non
868 4246 1112 4315 perhorridas;
1131 4264 1221 4317 neque
1240 4248 1315 4301 enim

218 4334 315 4386 inter
332 4330 436 4385 silvas
454 4330 653 4387 hibernaturus
672 4336 733 4384 6161
749 4331 898 4386 Hannibal.
937 4330 1023 4399 isra]
