3000 5116
186 485 248 540 Lib.
267 486 424 541 XXXVIII.
734 477 796 538 552

188 660 300 722 averti.
348 658 465 741 Itaque
495 661 541 724 sic
569 660 680 726 Livius
715 661 862 744 scripsit:
897 659 975 724 Vos
1010 658 1055 724 de
1084 658 1118 724 P.
1152 657 1345 743 Scipione

187 767 358 848 palmam
380 768 468 850 peti
490 767 661 833 feretis?
695 769 781 832 Huic
805 767 935 832 demum
952 767 1207 848 interrogationi
1228 768 1343 832 rectis·

187 875 267 938 sime
290 874 348 938 ille
370 875 559 939 subiicitur:
583 875 771 940 Nullisne
793 875 953 939 meritis
975 875 1061 938 suis
1082 909 1127 918 —
1150 876 1189 938 in
1214 896 1344 940 arcem

185 988 318 1046 tutam
349 1017 394 1028 -
427 983 533 1046 clari
572 984 651 1048 viri
690 982 953 1066 pervenient?
1005 980 1039 1045 Si
1079 983 1134 1048 cui
1170 981 1345 1065 displiceat

186 1091 292 1155 oratio
316 1090 358 1154 ad
380 1089 539 1174 populum
562 1111 693 1169 aversa,
729 1091 759 1155 ei
788 1087 998 1154 scribendum
1026 1088 1083 1167 sit,
1112 1098 1151 1154 ut
1173 1091 1281 1155 omnis
1303 1089 1345 1154 ad

185 1198 337 1263 tribunos
360 1198 547 1281 appellatos
570 1204 795 1262 convertatur:
828 1196 956 1262 nullis
986 1198 1145 1262 nostris
1175 1197 1344 1263 honori·

177 1304 272 1369 rbus,
307 1305 370 1369 Pro
388 1305 773 1388 recepitscribendum
792 1304 910 1387 opinor
927 1305 1081 1387 recipit
1098 1305 1176 1385 (vid.
1190 1304 1235 1370 ad
1246 1304 1344 1384 XXX,

186 1416 236 1488 30,
262 1416 298 1475 ll
324 1435 354 1495 p.
380 1412 456 1491 354)
481 1411 541 1474 bac
564 1412 743 1476 sententia:
767 1411 898 1477 Patitur
919 1410 1061 1476 libenter
1083 1412 1118 1475 L.
1144 1411 1256 1497 Scipio
1279 1412 1344 1477 fra·

184 1526 269 1584 trem
298 1520 361 1584 sibi
390 1519 505 1600 gloriae
540 1526 726 1584 consortem
762 1517 905 1600 adiungi.
951 1518 1077 1583 Eodem
1111 1521 1224 1602 capite
1258 1519 1347 1585 infra

186 1626 217 1710 (ᾗ
242 1629 274 1707 9)
299 1628 456 1692 restituta
486 1633 519 1690 et
542 1627 698 1711 supplete
726 1648 765 1691 ex
787 1626 821 1689 M
845 1626 952 1691 oratio
976 1626 1106 1691 defectu
1128 1634 1261 1707 tamen,
1286 1628 1344 1693 sed

185 1736 317 1817 exiguo,
350 1735 490 1799 laborat.
540 1734 593 1799 Sic
627 1736 712 1815 enim
748 1734 904 1798 scribitur
939 1733 979 1797 de
1007 1733 1042 1797 P.
1072 1733 1246 1818 Scipione:
1280 1736 1345 1800 Vir

184 1843 481 1919 memorabilis3
517 1842 686 1907 bellicis
719 1849 855 1906 tamen
888 1862 1003 1922 quam
1032 1844 1148 1925 pacis
1183 1844 1345 1908 artibus

183 1949 488 2014 memorabilior
511 1952 640 2032 prime
659 1971 753 2032 pars
776 1950 867 2013 vitae
886 1969 1003 2032 quem
1021 1957 1233 2033 postrema
1255 1951 1342 2030 luit,

185 2057 283 2139 quia
305 2058 344 2120 in
367 2059 539 2121 iuventa
565 2058 676 2122 bella
703 2056 868 2122 assidue
896 2063 1028 2139 gesta,
1063 2077 1148 2122 cum
1178 2067 1344 2124 senecta

183 2185 247 2255 res
271 2185 432 2246 quoque
456 2165 695 2230 defloruere
718 2185 792 2229 nec
815 2164 988 2248 praebita
1010 2171 1076 2229 est
1093 2168 1268 2231 materia
1289 2168 1342 2231 in·

184 2270 347 2354 genio.¹)
394 2272 474 2350 Qui,
506 2294 572 2337 non
595 2273 685 2350 dico,
710 2271 900 2354 diligentius
935 2273 1134 2337 seutentiam
1156 2273 1342 2339 considera-

184 2381 275 2456 verit,
300 2379 357 2443 sed
381 2381 513 2444 omnino
538 2380 580 2445 ad
603 2401 676 2444 enm
706 2380 902 2457 attenderit,
935 2380 1180 2446 animadvertat
1214 2404 1344 2447 necesse

184 2494 242 2565 est,
267 2488 546 2570 comparationem
569 2487 667 2570 plane
689 2507 879 2570 perversam
902 2494 936 2551 et
959 2508 976 2551 e
1000 2486 1130 2552 duabus
1153 2509 1228 2553 cum
1247 2491 1342 2554 iuter·

179 2595 231 2658 itu
262 2596 431 2658 sententiae
461 2594 631 2660 confusam
667 2616 753 2674 esse3
788 2596 896 2678 prima
918 2595 1005 2660 enim
1034 2596 1109 2660 vitae
1132 2583 1213 2678 pars
1246 2617 1341 2681 quam

184 2709 350 2785 postrema
379 2702 626 2767 memorabilior
650 2702 787 2782 dicitur;
822 2723 889 2785 qua
911 2703 968 2767 re?
1000 2703 1235 2786 Respondetnr
1262 2724 1342 2769 nova

183 2811 445 2892 comparatione:
470 2808 549 2873 belli
572 2830 671 2891 quarn
694 2811 785 2892 pacis
814 2809 953 2875 artibus.
999 2810 1100 2891 Atqui
1128 2818 1188 2875 aut
1215 2832 1282 2875 nne
1306 2831 1339 2874 re

182 2917 246 2982 duo
271 2918 322 2999 (ut
345 2917 510 3000 loquimur
532 2918 566 2980 in
589 2915 674 2997 arte)
701 2918 852 2981 subiecta
875 2924 932 2982 aut
955 2919 987 2981 in
1005 2940 1071 2982 uno
1095 2918 1248 2982 subiecto
1272 2918 1338 2982 dne

181 3047 234 3089 res
258 3026 442 3107 comparari
467 3024 596 3088 debent.
642 3025 758 3107 ltaque
793 3025 892 3088 etiam
921 3026 1050 3106 reliqua
1078 3046 1177 3090 sensu
1209 3031 1329 3090 carent.

162 3134 276 3211 ,Quod
300 3135 385 3196 enim
408 3132 516 3213 prima
538 3152 615 3213 pars
643 3132 717 3196 vitae
747 3131 825 3195 belli
849 3132 962 3212 (quam
986 3132 1092 3214 pacis)
1117 3133 1248 3197 artibus
1275 3154 1337 3197 me·

180 3240 372 3304 morabilior
393 3238 464 3316 fuit,
488 3239 567 3319 quid
590 3238 711 3317 obstat,
735 3260 800 3323 quo
824 3241 931 3303 minus
954 3241 1046 3322 pacis
1065 3241 1195 3305 artibus
1215 3249 1337 3325 postre-

181 3369 234 3411 ma
257 3369 333 3429 pars
350 3347 562 3412 excelluerit?
586 3346 711 3429 Nempe
728 3347 762 3410 id
780 3347 918 3425 obstitit,
938 3347 1024 3429 quod
1042 3369 1108 3411 non
1127 3349 1243 3430 aliqua
1266 3349 1337 3413 vitoe

180 3474 265 3535 pars,
289 3455 346 3518 sed
370 3475 464 3518 omne
489 3453 650 3536 Scipionis
667 3455 834 3537 ingenium
857 3454 936 3518 belli
955 3454 1080 3519 artibus
1104 3458 1212 3538 magis
1237 3477 1333 3539 qnam

179 3562 270 3644 pacis
293 3561 457 3645 praestitit,
482 3562 548 3625 illis
572 3568 681 3626 autem
705 3563 869 3645 posterior
891 3563 966 3625 vitae
985 3583 1061 3644 pars
1078 3565 1256 3628 materiam
1273 3585 1336 3629 non

93 3669 165 3737 (449)
184 3668 333 3752 praebuit.
378 3668 428 3733 Ne
451 3667 534 3732 illud
558 3668 688 3750 quidem
713 3669 902 3746 obscurum,
925 3690 1026 3750 quum
1050 3677 1125 3750 post
1147 3670 1217 3734 tale
1242 3670 1340 3753 elogii

178 3776 323 3840 initium:
348 3777 407 3840 vir
430 3775 713 3841 memorabilis
736 3763 946 3841 subiiciatur:
980 3783 1114 3840 tamen
1138 3798 1341 3842 memora·

177 3884 311 3964 bilior,
329 3885 416 3948 hunc
429 3884 689 3967 comparativum
702 3883 743 3946 ad
761 3883 848 3948 idem
866 3884 1051 3948 subiectum
1064 3882 1154 3964 (vir)
1174 3887 1344 3967 pertinere

210 4154 235 4219 ¹)
255 4153 348 4207 Ceteri
379 4155 459 4208 codd.
480 4160 508 4208 et
534 4160 603 4209 vett.
623 4154 685 4207 edd.
704 4170 756 4222 pro
779 4154 822 4207 his
846 4155 987 4207 omnibns:
1015 4155 1128 4223 prims
1150 4171 1236 4224 pers
1263 4157 1342 4210 vitre

247 4265 281 4276 —
299 4240 443 4292 materia
471 4239 617 4307 ingenio
647 4239 710 4291 haec
738 4238 857 4292 habent:
887 4240 943 4294 oui
967 4256 1028 4309 per
1050 4239 1174 4294 habite
1199 4246 1254 4294 est
1275 4258 1346 4295 ms·

248 4324 339 4377 teria
357 4325 508 4393 ingenio.
