2994 5108
681 458 743 520 597

133 643 276 710 subinde
299 644 366 709 suis
387 641 469 708 loeis
493 642 639 708 collectis
662 641 817 725 exemplis
838 640 972 706 notabo.
1017 638 1056 704 In
1084 640 1193 705 verbis
1216 641 1375 728 111-(100)

134 752 221 836 gulis
238 751 426 836 pluribusve
449 750 638 816 omittendis
656 756 783 833 quanta
803 748 905 814 fuerit
925 748 1055 814 librarii
1071 748 1290 831 neglegentia,

135 880 203 925 non
226 859 332 925 solum
360 860 417 925 ubi
446 859 563 924 eadem
595 859 754 924 similiave
787 857 948 923 voeabula
980 877 1082 941 parvo
1114 859 1288 925 intervallo

135 969 249 1053 posita
270 989 414 1032 errorem
437 967 636 1044 obiecerunt,
660 969 726 1031 iam
743 988 784 1031 ex
802 967 909 1031 indice
926 965 982 1030 illc
1001 966 1147 1031 locorum
1169 988 1190 1031 a
1206 966 1288 1051 Gry-

135 1097 208 1142 noeo
230 1077 403 1142 verborum
425 1076 607 1141 adiectione
631 1075 858 1159 suppleturum
880 1075 1027 1157 intellegi
1050 1081 1168 1157 potest,
1191 1095 1290 1157 quem

134 1183 344 1268 Kreyssigius
364 1186 482 1250 Annot.
507 1208 537 1268 p.
564 1187 601 1248 10
625 1185 744 1267 posuit,
768 1185 830 1249 etsi
852 1184 881 1248 is
904 1190 938 1248 et
960 1183 1119 1266 plurimos
1142 1183 1218 1249 illos
1240 1183 1288 1248 lo·

136 1313 203 1373 cos,
228 1315 310 1376 quos
332 1295 398 1358 iam
420 1291 587 1357 Beklrerus
608 1298 791 1371 notaverat,
815 1293 924 1356 omisit
946 1298 979 1356 et
1001 1291 1182 1375 permultos
1205 1292 1288 1356 alios

135 1422 244 1485 neque
269 1423 324 1466 sas
346 1402 481 1468 lacunas
503 1403 687 1465 numeravit
709 1402 789 1465 satis
811 1401 933 1465 multae
950 1400 1180 1482 molestasque,
1204 1422 1288 1486 quas

136 1517 196 1576 ant
224 1508 382 1593 Gryuaeus
414 1511 541 1575 notavit
573 1515 718 1587 tautum,
755 1508 908 1592 supplere
937 1529 1036 1572 ausus
1064 1530 1130 1573 non
1158 1515 1209 1573 est
1238 1508 1296 1591 (ut

135 1619 249 1684 statim
272 1618 344 1682 XLI
367 1640 393 1682 c.
418 1623 469 1696 21,
493 1622 520 1697 9,
545 1639 570 1682 0.
594 1622 644 1696 23,
669 1618 710 1700 3),
735 1624 793 1682 aut
816 1616 857 1683 ab
882 1638 920 1681 eo
949 1638 1014 1680 non
1038 1617 1287 1697 animadversas,

135 1726 256 1793 saltem
278 1749 344 1792 non
366 1736 510 1805 notatas,
533 1728 733 1810 posteriores
756 1725 948 1807 notaruut¹)
973 1724 1024 1806 (ut
1046 1726 1191 1793 eiusdem
1212 1726 1289 1792 libri

205 2022 332 2086 tempora
362 2018 511 2083 sciebatur,
540 2018 569 2071 in
596 2016 692 2071 codice
719 2017 802 2070 aliter
829 2021 913 2085 atque
938 2017 968 2069 in
987 2015 1069 2070 editis
1087 2033 1152 2071 esse.
1190 2016 1289 2071 Cetera

207 2120 317 2171 qnoque
335 2105 500 2158 communia
518 2121 644 2156 errorum
663 2119 773 2173 genera,
792 2102 870 2157 velut
887 2103 1117 2156 terminationem
1136 2103 1172 2156 ad
1189 2104 1284 2173 proxi-

205 2204 253 2241 ma
279 2190 581 2255 accommodationem,
604 2191 690 2243 etiarn
717 2190 746 2242 in
772 2188 826 2242 hcc
845 2188 943 2242 codice
973 2189 1104 2256 reperiri,
1128 2190 1199 2243 nihil
1217 2207 1289 2260 opus

207 2280 250 2328 est
268 2274 461 2329 demonstrari.
500 2273 675 2345 [„Singulare
694 2274 807 2330 errandi
825 2292 914 2343 genus
939 2276 1062 2344 positum
1081 2276 1171 2329 estin
1189 2277 1286 2330 entici-

205 2362 319 2430 patione
338 2361 471 2430 quadam,
500 2380 585 2430 quum
611 2362 742 2416 librarius
770 2363 850 2415 oculo
877 2362 960 2414 nimis
987 2367 1158 2430 properante
1175 2361 1286 2416 litterae

206 2447 363 2515 syllabasre
382 2453 431 2500 aut
448 2448 599 2500 verborum
617 2448 740 2516 specium
759 2447 857 2512 exiis,
880 2463 944 2514 quus
969 2452 1138 2514 sequuntur,
1160 2448 1286 2501 intermi-

204 2537 265 2586 scet
282 2532 423 2600 prioribus
442 2537 490 2586 aut
508 2551 559 2602 pro
578 2533 719 2601 prioribus
738 2534 827 2601 ponit,
854 2538 886 2585 ut
903 2531 994 2597 XLII,
1013 2534 1098 2597 111,
1117 2549 1202 2600 quum
1220 2534 1288 2588 scri·

203 2617 327 2671 bendum
345 2624 420 2671 esset
442 2636 483 2672 ne
510 2625 680 2688 temptata
706 2618 845 2686 quidem
871 2617 1146 2687 oppugnatione,
1174 2621 1289 2688 scripsit

204 2721 244 2756 ne
262 2711 413 2772 pugnata
430 2704 578 2771 quidem,
606 2705 719 2758 obiecta
741 2705 822 2758 verbi
840 2704 933 2773 specie
950 2720 984 2756 ex
1004 2705 1287 2773 ‘oppugnationm

205 2788 331 2843 eiusdem
358 2790 468 2858 generis
491 2796 534 2842 est
551 2789 643 2855 XLH,
661 2792 703 2855 65,
724 2793 756 2843 10
782 2789 1156 2843 circumfundebantur
1181 2789 1290 2846 funda

202 2890 257 2941 pro
293 2874 597 2929 circumdabantur
636 2881 665 2929 et
699 2874 799 2941 XLIV,
836 2877 877 2941 33,
912 2879 941 2928 ll
978 2892 1017 2927 ex
1057 2875 1187 2928 statiua
1217 2882 1287 2930 sta·

206 2959 304 3012 tione
344 2977 395 3028 pro
432 2977 471 3013 ex
497 2961 670 3015 matutina
704 2966 733 3013 et
768 2964 810 3029 34,
841 2964 852 3012 1
882 2959 1046 3014 contione
1081 2960 1289 3015 adnuntiata

202 3045 470 3113 pronuntiasset
497 3063 548 3114 pro
575 3046 754 3100 advocata.
799 3045 926 3099 Alterum
958 3062 1048 3113 genus
1076 3051 1118 3097 est
1142 3046 1232 3099 simile
1260 3054 1289 3102 01

204 3136 358 3197 cognatum
376 3131 405 3184 in
423 3131 614 3199 praecipienda
632 3132 830 3186 terminatione
845 3135 873 3183 et
886 3129 977 3182 forma
990 3131 1121 3183 vocabuli
1135 3135 1287 3202 sequentis,

203 3214 431 3282 Iaxamatae
454 3218 590 3270 scribitur
608 3235 683 3270 cum
707 3217 763 3270 1111
787 3215 1045 3282 cogitationum
1068 3218 1215 3271 omnium
1232 3236 1285 3272 or·

204 3299 317 3354 diuum
336 3320 388 3369 pro
407 3303 687 3370 cogitationibus
714 3310 743 3356 et
768 3304 810 3368 60,
828 3303 845 3353 6
863 3301 896 3354 in
923 3302 1079 3353 transitu
1105 3300 1288 3357 fluminum

202 3385 355 3439 hostium
373 3405 425 3456 pro
443 3387 600 3442 fluminis
619 3389 706 3455 0165,
726 3391 742 3443 9
760 3387 823 3441 hoc
842 3386 908 3440 1110
931 3387 1059 3439 bellum
1086 3405 1210 3443 novum
1232 3406 1286 3457 pro
1368 3394 1371 3398 ’

203 3471 303 3525 110110.
340 3471 404 3525 Non
426 3472 468 3525 ita
484 3490 551 3526 raro
570 3473 701 3527 librarius
725 3475 865 3527 obiectam
883 3473 977 3525 animo
1001 3488 1035 3524 ex
1056 3470 1157 3526 litteris
1176 3472 1284 3542 aliquot

204 3558 325 3626 speciem
343 3558 422 3609 verbi
441 3565 490 3612 aut
507 3558 604 3612 formae
621 3559 739 3613 licenter
758 3559 883 3627 sequitur
901 3563 929 3610 et
947 3558 1042 3627 explet
1057 3555 1116 3622 (cfr.
1136 3557 1170 3610 de
1189 3559 1285 3612 codice

203 3642 345 3696 Puteaneo
363 3660 389 3711 p.
399 3643 469 3708 207),
488 3650 520 3697 ut
537 3644 628 3711 XLII,
647 3647 689 3711 21,
707 3647 723 3698 8
742 3643 1030 3713 plebissciuitati
1047 3644 1222 3712 iussitque
1240 3645 1286 3712 (ex

203 3727 306 3782 litteris
333 3728 538 3797 01111),41,6
561 3746 692 3783 sumere
720 3733 945 3783 accusaturus
968 3744 1020 3798 pro
1048 3747 1119 3782 snm
1142 3746 1284 3785 recusa·

202 3819 301 3867 turus
320 3813 453 3881 (expleto,
474 3814 549 3882 quod
567 3821 632 3883 post
658 3833 793 3869 sumere
809 3815 943 3880 restabat,
962 3819 1164 3880 0111111111),
1182 3815 1283 3882 XLIII,

203 3899 229 3964 6,
249 3901 281 3951 10
299 3900 518 3953 committere
536 3917 672 3969 possum
689 3918 741 3969 pro
757 3902 903 3954 comiter
916 3917 1131 3967 responsum;
1158 3900 1284 3954 indidem

204 3988 267 4037 orta
284 3983 346 4037 hos
365 3986 462 4038 noris
481 4003 531 4054 pro
550 3986 692 4039 honoris
710 3985 798 4051 XLII,
820 3989 861 4053 24,
879 3987 896 4036 7
915 3991 944 4039 01
971 3985 1127 4053 accipiat
1153 3985 1205 4038 his
1232 4003 1283 4054 pro

204 4070 430 4138 1001111111110Ι
450 4074 491 4137 42,
510 4070 552 4122 tf*
588 4072 632 4125 Ex
648 4071 726 4141 proef.
748 4069 833 4140 1661]

134 4153 182 4222 ,1)
201 4154 280 4208 Alius
298 4157 410 4223 generis
430 4162 485 4224 est,
510 4156 587 4225 quod
604 4158 746 4211 nonnullis
774 4157 844 4210 locis
871 4157 990 4210 maxime
1016 4157 1047 4209 in
1068 4155 1140 4209 libro
1159 4154 1223 4209 XLI
1241 4159 1284 4222 (ut

203 4256 227 4294 c.
245 4242 288 4307 21,
309 4243 350 4308 22,
369 4244 411 4309 21,
431 4243 485 4309 28),
513 4260 566 4311 per
584 4242 693 4311 aliquot
710 4260 807 4297 versus
834 4243 932 4296 charta
958 4257 1072 4295 corrosa
1095 4248 1124 4294 et
1146 4248 1282 4310 corrupta
