2994 5108
214 505 276 561 Lib.
295 504 354 559 XL.
761 493 823 554 582

214 683 361 756 tantum,
391 677 448 742 sed
482 698 556 741 cum
589 679 716 758 lacuna,
749 678 905 762 quoniam
937 674 1086 760 pontifex
1112 678 1277 743 maximus
1306 698 1369 743 non

217 792 401 870 cooptatur.
452 786 566 869 Itaque
606 787 652 851 sic
693 785 902 851 scribendum
934 785 1079 851 videtur:
1102 820 1146 832 -
1177 786 1365 866 Flaccus,

217 902 367 958 creatus
389 894 480 958 inde
502 895 688 977 pontifex
710 915 805 958 max.
851 893 947 959 Inde
970 895 1036 959 iam
1058 895 1109 959 W.
1133 893 1258 976 (1865.)

302 1001 381 1086 Gap.
405 1006 455 1081 43,
479 1007 513 1065 6:
549 1002 660 1067 Tulit
688 1004 726 1067 in
755 1003 962 1086 triumpho
998 1001 1049 1086 (Q.
1072 1002 1211 1068 Fulvius
1233 1002 1358 1068 Flaccus

218 1132 258 1175 ex
285 1109 459 1194 Hispania)
494 1132 666 1177 coronas
700 1132 846 1176 aureas
875 1118 1033 1176 centum
1066 1113 1220 1194 viginti
1254 1116 1355 1194 quat·

216 1225 317 1297 tuor,
338 1224 539 1301 praeterea
562 1221 651 1284 auri
667 1220 799 1304 pondo
818 1220 994 1302 triginta
1009 1240 1138 1298 unum,
1158 1226 1197 1285 et
1216 1217 1355 1302 signati

217 1325 413 1391 Oscensis
435 1349 632 1393 nummum
661 1336 820 1393 centum
843 1329 1110 1411 septuaginta
1133 1329 1216 1392 tria
1238 1327 1366 1393 millia

217 1435 426 1500 ducentos.
460 1434 564 1500 Nimis
587 1437 702 1501 leviter
723 1435 1013 1502 Drakenborchius
1035 1438 1195 1501 tractavit
1217 1430 1388 1501 Glarean'l

218 1544 439 1608 dubitationes
469 1566 508 1609 ex
537 1546 728 1610 iustissimis
756 1545 863 1609 causis
891 1551 997 1624 ortas,
1032 1566 1116 1627 quas
1147 1546 1250 1608 ceteri
1277 1536 1400 1607 taciti

216 1653 452 1737 praeterierant.
486 1654 570 1717 Nam
583 1651 726 1718 Oscense
744 1659 918 1735 argentum
935 1654 1184 1718 commemorari
1202 1652 1291 1736 apud
1316 1667 1407 1713 an·

215 1762 335 1845 tiquos.
345 1783 411 1825 non
423 1782 548 1839 aurum,
557 1763 707 1826 convenit
719 1760 879 1842 (XXXIV,
892 1766 939 1841 lo,
951 1768 971 1824 4
983 1766 1073 1839 etio,
1087 1760 1132 1841 2),
1140 1781 1202 1826 nec
1213 1770 1414 1844 umquam

216 1869 275 1933 illa
297 1877 394 1933 aetate
418 1891 568 1933 nummos
592 1890 727 1949 aureos,
757 1871 813 1953 qui
835 1870 946 1934 Romae
975 1890 1105 1953 quoque
1129 1871 1198 1933 rari
1220 1875 1292 1933 tum
1325 1879 1418 1926 cu·

217 1978 394 2056 debentur,
430 1999 469 2042 ex
491 1977 653 2062 Hispania
675 1979 805 2043 adlatos
832 1978 961 2042 narrari
989 1979 1022 2040 in
1049 1976 1294 2060 triumphorum
1325 1970 1418 2035 (ἰθ-

217 2085 470 2169 scriptionibus3
504 2087 615 2167 itaque
649 2089 748 2151 etiam
789 2086 843 2151 hic
881 2087 1041 2168 argenti
1081 2085 1190 2150 audiri
1224 2084 1419 2148 Draken-

218 2193 373 2259 borchius
396 2193 474 2258 vult.
521 2193 584 2259 Sed
608 2195 721 2278 quiid
744 2194 852 2259 audiri
875 2195 1008 2278 potest?
1032 2203 1090 2258 aut
1113 2195 1187 2277 quis
1211 2202 1416 2276 umquam

218 2295 393 2367 Oscense
411 2303 561 2367 absolute
585 2303 676 2381 dixit,
698 2303 882 2386 prasertim
904 2303 1112 2387 precedente
1129 2303 1200 2366 auri
1217 2289 1415 2366 nomine?

217 2408 343 2474 Deinde
367 2410 573 2476 desideratur
594 2412 724 2476 omnino
747 2411 875 2494 argenti
897 2432 962 2476 non
982 2411 1104 2494 signati
1127 2411 1261 2490 mentio,
1284 2395 1412 2493 quod

134 2532 204 2603 (476)
223 2538 297 2581 cum
320 2538 399 2582 auro
422 2526 710 2585 commemoratum
732 2520 832 2584 fuisse
856 2525 1001 2603 oportet;
1030 2528 1130 2602 atque
1158 2520 1269 2602 ipsum
1290 2503 1409 2582 illud

220 2626 375 2707 signati
407 2624 548 2690 refertrn·
581 2629 766 2693 necessario
795 2628 837 2692 ad
871 2628 1112 2712 precedentem
1146 2627 1276 2710 argenti
1308 2632 1405 2686 11⁰1!

219 2736 339 2816 signat-i
361 2757 542 2799 numerum.
576 2736 641 2800 lies
664 2737 840 2820 perspicua
863 2743 914 2801 est
937 2743 970 2801 et
992 2758 1053 2819 per
1076 2758 1110 2800 se
1129 2742 1163 2799 ct
1182 2757 1221 2799 ex
1244 2733 1286 2798 M.
1318 2722 1402 2789 Ca·

218 2844 305 2907 tonis
329 2844 486 2927 triumphi
510 2845 739 2927 Hispaniensis
769 2845 989 2927 descriptione
1012 2845 1085 2908 libr.
1110 2842 1255 2920 XXXIl',
1277 2842 1348 2910 46,
1383 2830 1399 2888 2

219 2952 396 3034 (argenti
429 2952 578 3016 infecti
612 2989 663 3021 -,
699 2954 829 3036 bigati
864 2989 914 3032 --,
950 2951 1140 3017 Oscensis
1175 2988 1226 3017 —.
1264 2933 1396 3015 aurit

220 3062 339 3142 signati
374 3063 501 3141 argent-i
533 3061 814 3142 alteruurgen1m‚
839 3062 1000 3142 bigatum,
1031 3083 1105 3125 cum
1130 3060 1266 3124 Oscensi
1298 3062 1395 3117 0⁰¹¹·

220 3169 701 3251 iungit-uretiamXXXll',10,
720 3170 762 3250 4).
786 3170 903 3251 Itaque
926 3165 988 3248 hie,
1007 3169 1047 3232 de
1071 3192 1136 3253 quo
1162 3171 1302 3251 agimus·
1338 3151 1393 3262 1⁰:

220 3301 276 3342 cus
300 3278 429 3342 aLivio
453 3278 602 3341 adhunc
626 3278 765 3341 formam
789 3280 930 3360 scriptus
949 3286 1033 3342 erat:
1058 3285 1259 3361 praeterea
1281 3273 1392 3337 auri

220 3387 350 3469 pondo
385 3387 563 3468 triginta
593 3408 724 3465 unum,
760 3386 910 3465 argentl
939 3385 1118 3466 lulectlssss
1148 3394 1186 3449 et
1219 3357 1392 3465 signati

221 3493 415 3558 Oscensis
440 3503 499 3558 oct.
548 3495 687 3558 Lacuna
723 3495 754 3556 in
785 3494 846 3558 hac
877 3501 1020 3557 extrema
1049 3501 1144 3577 parte
1174 3502 1207 3556 et
1235 3491 1274 3557 ab
1305 3467 1392 3587 alhs·

222 3603 350 3684 aliquot
383 3609 504 3666 notata
539 3611 614 3666 suut
644 3604 684 3680 (o.
709 3606 759 3679 46,
785 3607 802 3661 ss
833 3609 866 3666 et
890 3607 937 3681 53,
962 3606 979 3663 3
1004 3610 1037 3666 et
1067 3608 1116 3672 56,
1151 3608 1202 3681 lo)
1232 3608 1264 3664 et
1295 3569 1393 3657 1¹1¹h¹

222 3731 288 3774 una
311 3718 343 3774 et
366 3710 471 3774 altera
495 3718 653 3793 praeterea
676 3711 823 3775 notanda
846 3712 917 3774 erit.

308 3818 385 3901 (lap.
411 3825 461 3896 45,
487 3824 520 3880 5:
546 3817 600 3882 Ob
624 3840 668 3882 ea
691 3818 868 3902 (prodigia)
893 3819 1110 3883 decemviri
1134 3818 1236 3881 iussi
1259 3796 1393 3899 adste

221 3929 353 3992 libros
378 3926 556 4001 edidere,
582 3929 729 4012 quibus
753 3928 829 3991 diis
853 3935 892 3991 et
915 3935 1012 4009 quot
1035 3925 1189 3990 hostiis
1219 3891 1393 3988 sacrif¹‘

222 4043 402 4113 caretur,
439 4043 477 4100 et
512 4036 559 4098 ob
594 4035 833 4099 fulminibus
868 4035 1085 4118 complura
1113 4034 1205 4099 loca
1239 4016 1392 4096 delos·

221 4153 327 4208 mata
350 4145 397 4207 ad
422 4143 541 4207 adm
564 4144 671 4208 lovis
694 4154 737 4208 ut
760 4143 1014 4227 supplicatio
1045 4143 1152 4206 diem
1175 4163 1291 4206 unum
1318 4126 1389 4222 &SJ

223 4258 292 4315 set.
339 4252 542 4335 Supplicatio
576 4251 648 4330 illa,
682 4259 719 4315 ut
748 4275 786 4316 ex
814 4252 986 4343 permultis
1010 4251 1093 4315 Livii
1124 4250 1205 4315 locis
1230 4231 1387 4314 intelle&

221 4367 341 4440 potest,
364 4382 429 4424 non
453 4361 496 4423 ad
517 4360 590 4425 loca
608 4359 741 4422 fulmine
759 4365 848 4423 tacta
865 4359 1060 4442 (praesertim
1080 4359 1219 4424 aliorum
1239 4340 1383 4422 deorum
