3000 5116
182 443 246 499 Lib.
264 442 348 498 LXV.
722 430 783 492 ⁷44

263 614 341 699 Cap.
355 619 404 694 38,
420 613 499 697 4(in
511 613 624 681 eadem
637 613 766 681 Servilii
778 614 955 695 oraticne):
974 615 1148 697 Erratis,
1167 617 1335 697 milites,

176 725 209 790 si
230 724 481 807 triumphum
502 724 769 808 imperatoris
793 730 948 789 tantum
979 732 1019 789 et
1048 747 1126 790 non
1156 725 1333 792 militum

176 853 333 917 quoqne
349 832 581 898 etuniversi
598 832 742 916 populi
760 831 928 897 Romani
947 853 1034 898 esse
1054 832 1178 898 decus
1198 854 1332 899 cense-

89 935 161 1006 (620)
180 941 251 1021 tis;
268 961 345 1005 non
362 941 481 1005 unius
500 938 630 1028 in‘hoe
647 939 772 1005 Pauli.
801 938 863 1017 Qui
887 940 930 1005 ad
951 940 1020 1005 haec
1038 948 1216 1025 postrema·
1226 942 1333 1008 audiri

175 1070 271 1134 posse
294 1056 414 1133 putant
437 1055 498 1114 est
521 1048 656 1128 decus,
680 1055 713 1114 et
730 1069 750 1113 a
768 1049 926 1113 sermonis
944 1049 1014 1132 lege
1031 1049 1193 1114 aberrant
1211 1050 1332 1133 (neque

176 1157 262 1221 enim
285 1157 332 1222 sic
355 1178 394 1221 ex
415 1156 575 1222 infinitivo
593 1156 790 1221 indicativus
809 1157 893 1222 sumi
911 1163 1032 1241 potest,
1054 1158 1243 1241 prasertim
1265 1179 1331 1223 non

174 1264 380 1349 praecedente
391 1265 432 1330 in
448 1265 660 1349 triumpho,
678 1264 736 1331 sed
748 1265 814 1330 alia
832 1264 991 1330 orationis
1008 1264 1124 1344 forma,
1142 1285 1205 1329 nec
1222 1267 1329 1331 omitti

175 1371 313 1454 decus)
343 1378 376 1439 et
397 1375 493 1438 nimis
515 1381 666 1458 apertam
688 1371 903 1457 tautologiam
925 1371 1081 1437 efficiunt.
1127 1373 1330 1440 Exciderunt

174 1481 240 1547 dno
262 1481 330 1547 fere
354 1481 462 1561 verba,
485 1503 586 1566 quum
609 1481 652 1546 ad
674 1480 758 1546 hanc
777 1478 917 1547 formam
934 1481 1093 1563 scriptum
1116 1488 1223 1548 esset:
1247 1482 1328 1547 Non

174 1591 296 1654 unius
328 1591 369 1654 in
401 1589 474 1654 hoc
503 1588 621 1654 Pauli
650 1589 775 1654 honos
809 1589 953 1672 agitur.
1006 1589 1111 1654 Paulo
1139 1597 1218 1674 post
1248 1588 1279 1673 (ἓ
1308 1595 1326 1656 ⁷

174 1704 207 1763 θῖ
229 1698 262 1780 8)
286 1698 456 1763 scribitur:
490 1697 648 1762 Literni
676 1697 923 1762 domicilium
957 1703 995 1761 θῖ
1031 1697 1167 1762 sedem
1196 1697 1326 1764 fuisse

173 1806 390 1872 domitoris
413 1805 576 1892 Africae!
601 1805 761 1871 Literni
781 1804 1012 1889 sepulcrum
1030 1806 1213 1871 ostendi!
1237 1806 1326 1872 Eru-

173 1913 403 1994 bescimus,
437 1913 571 1997 gloria
605 1914 638 1978 si
666 1934 737 1997 par
765 1912 855 1978 illis
884 1913 990 1977 viris
1013 1912 1048 1976 L.
1072 1913 1241 1994 Paulus,
1269 1917 1325 1979 in·

171 2023 282 2087 iuria
304 2030 439 2088 vestra
461 2029 703 2106 exaequetur.
738 2020 892 2086 Mendum
914 2021 965 2086 vel
988 2042 1055 2085 una
1076 2043 1140 2088 vox
1163 2023 1196 2088 si
1221 2023 1325 2104 arguit

172 2132 365 2215 pravissime
387 2132 597 2216 interposita3
620 2130 679 2195 sed
700 2150 853 2214 perversa
875 2136 927 2194 θεῖ
949 2136 1021 2194 tota
1037 2129 1109 2195 hoec
1126 2130 1325 2195 exhortatio·

172 2240 222 2303 nis
247 2260 321 2304 eum
344 2238 534 2304 condicione
557 2239 739 2303 coniunctae
766 2237 873 2303 forma
902 2239 937 2303 in
965 2258 1005 2303 ea
1034 2259 1070 2304 re
1101 2237 1325 2321 significanda,

172 2366 269 2431 quam
308 2345 379 2411 fieri
418 2347 524 2430 pudor
564 2353 668 2412 vetet:
709 2346 1018 2424 erubescamus,
1058 2347 1092 2411 si
1133 2344 1216 2410 fiat
1254 2346 1324 2430 (pro

172 2475 226 2533 eo,
260 2453 348 2536 quod
381 2459 448 2518 est:
482 2453 634 2537 pudeat
665 2453 824 2535 faeere).
875 2453 912 2518 ln
944 2453 1056 2520 codice
1086 2461 1138 2520 est
1172 2457 1234 2519 sic
1267 2474 1323 2538 pro

172 2563 214 2627 si.
259 2560 433 2642 ltlutanda,
455 2584 521 2627 non
543 2562 698 2641 tollenda,
721 2563 834 2627 littera
857 2569 943 2641 erat,
967 2567 1001 2626 et
1023 2562 1122 2627 simul
1145 2563 1214 2628 alia
1235 2561 1324 2628 adhi-

172 2669 281 2735 benda
298 2671 468 2749 correctio,
488 2677 524 2735 ut
540 2679 631 2737 recta
647 2670 741 2736 fieret
757 2672 878 2736 oratic:
897 2669 1060 2735 Literni
1077 2669 1324 2736 domicilium

173 2785 212 2844 et
235 2777 367 2843 sedem
389 2776 517 2844 fuisse
551 2778 768 2845 domitoris
798 2776 962 2857 Africa,
996 2776 1160 2843 Literni
1192 2777 1322 2862 sepul-

172 2907 281 2951 crum
305 2888 473 2966 ostendi,
499 2887 805 2952 erubescamus.
840 2884 982 2952 Gloria
1006 2886 1057 2948 slt
1080 2886 1254 2970 parillis
1277 2886 1323 2949 ri·

171 2996 229 3060 ris
249 2995 283 3059 L.
302 2995 468 3074 Paulus,
487 2996 641 3060 iniuria
657 3001 794 3060 vestra
810 3014 854 3058 ne
872 3000 1113 3079 exaequetur.
1139 2993 1220 3077 [Sed
1237 2994 1323 3059 aliud

171 3111 331 3187 praterea
352 3103 459 3180 iniis,
482 3124 554 3185 quae
577 3104 724 3187 proxime
747 3101 951 3187 praecedunt,
974 3102 1157 3168 tollendum
1174 3103 1323 3169 mendum

171 3222 231 3275 est.
266 3212 403 3275 Prorsus
428 3212 513 3275 enim
536 3233 601 3276 non
624 3212 835 3294 intellegitur,
860 3211 938 3293 quid
962 3211 994 3273 in
1012 3210 1159 3276 Africani
1177 3211 1321 3295 exemplo

170 3340 245 3383 cum
274 3318 403 3383 Camilli
436 3320 662 3402 coniungendo
696 3324 772 3402 agat
806 3320 989 3401 insuper3
1025 3339 1130 3399 neque
1167 3321 1254 3384 enim
1287 3340 1321 3384 ea

170 3429 316 3491 accessio
351 3427 463 3508 aliqua
497 3428 641 3492 eiusdem
671 3428 811 3492 aetionis
842 3425 921 3505 fuit3
956 3428 1154 3491 maiorum
1188 3438 1320 3512 peccato

168 3541 256 3599 rect-e
281 3535 481 3599 contrarium
506 3536 648 3618 ponitur,
674 3534 761 3618 quod
784 3534 825 3600 ab
849 3536 905 3611 iis,
931 3536 986 3616 qui
1009 3555 1096 3599 nune
1121 3543 1216 3614 sunt,
1240 3557 1320 3601 com·

168 3643 304 3705 missum
327 3650 385 3706 est.
433 3640 647 3707 scribendum
670 3644 772 3726 igitur
794 3650 861 3708 est:
886 3643 990 3707 satis
1013 3664 1144 3725 nuper
1167 3665 1188 3706 a
1212 3645 1319 3708 vobis

168 3750 207 3813 in
230 3749 264 3812 P.
290 3748 491 3814 Africano.
529 3749 635 3833 1864]
682 3752 797 3816 Restat
821 3750 836 3833 ἓ
863 3753 917 3829 12,
943 3751 998 3832 qui
1020 3749 1116 3815 locus
1140 3752 1189 3816 sic
1212 3750 1319 3816 scribi·

236 3972 330 4021 tamen
358 3968 456 4022 dubito
475 3968 509 4021 de
528 3970 676 4038 scriptura,
704 3970 781 4038 quod
799 3970 827 4022 in
854 3987 939 4039 prosa
958 3970 1089 4024 oratione
1109 3988 1253 4039 nunquam
1271 3970 1318 4024 hoc

236 4054 359 4120 positum
377 4052 459 4108 video
479 4054 553 4120 (nam
572 4054 657 4122 XXV,
676 4058 718 4122 22,
741 4058 772 4110 13
791 4056 1026 4110 contumelias
1055 4057 1178 4110 dicere
1197 4058 1257 4110 sine
1274 4056 1317 4109 ds·

235 4137 293 4189 tivo
321 4138 443 4206 ponitur,
472 4138 570 4207 XXVI,
594 4144 635 4206 31,
655 4143 671 4194 5
694 4141 928 4195 contumelias
957 4141 990 4193 in
1016 4141 1168 4210 aliquem
1196 4141 1317 4204 dicere)

235 4227 264 4273 θῖ
290 4223 364 4288 quod
393 4224 489 4277 durius
518 4226 601 4278 etiam
629 4231 670 4278 ost
703 4227 832 4280 crimen
860 4225 968 4279 alicui
996 4225 1124 4280 dicere.
1168 4227 1269 4297 ltaque
1293 4227 1318 4279 in

234 4315 357 4359 mentem
376 4309 454 4362 venit
473 4310 639 4376 obiicere;
659 4312 709 4365 sed
727 4311 797 4366 nihil
816 4308 944 4365 adfirmo.
985 4311 1074 4381 1864]
