2994 5108
219 477 282 529 nn.
301 474 400 528 xxxa
765 459 827 521 462

220 668 290 711 nos
324 645 459 722 urbae,
502 664 603 724 quum
637 643 820 725 praesertim
853 641 907 706 hic
939 640 1094 707 librarius
1126 662 1231 707 raeuo
1266 641 1377 725 spatio

221 775 301 818 usus
324 750 392 831 sit,
413 758 447 816 et
469 750 550 829 alia,
581 749 624 814 ad
647 771 719 832 qua
742 749 868 814 tuenda
890 759 1041 834 apertum
1065 747 1195 814 Galanii
1218 755 1279 814 aut
1300 755 1378 831 post

221 860 369 938 XXXIII,
401 864 439 922 17
462 858 646 940 Moguntini
669 857 895 922 testimonium
917 878 983 921 non
1006 855 1197 922 habemus.“
1221 890 1267 901 —
1293 853 1375 932 Qua

220 969 270 1031 his
294 989 322 1031 a.
349 971 430 1031 1865
453 966 487 1028 in
510 964 637 1048 praefat.
663 963 741 1029 fasc.
765 968 784 1026 2
808 964 1023 1048 superaddidi
1052 963 1092 1028 da
1115 962 1264 1045 reliquiis
1287 981 1377 1027 erro·

220 1075 266 1138 ris
296 1081 329 1138 et
357 1073 552 1155 suspicionis
581 1073 758 1136 maximam
786 1079 914 1155 partem
943 1071 1080 1135 abiecta
1102 1069 1192 1157 apud
1214 1070 1377 1135 Weissen-

220 1181 382 1258 bornium,
405 1180 511 1262 repeti
534 1179 616 1244 nibil
639 1200 722 1262 opus
745 1175 818 1260 est]
889 1202 891 1206 ·

655 1403 747 1484 Lib.
781 1402 925 1483 XXXI

307 1535 385 1618 Cap.
410 1540 444 1613 2,
475 1541 508 1598 6:
543 1535 578 1598 P.
604 1535 729 1599 AElius
759 1534 902 1599 consul
930 1535 969 1598 in
999 1532 1139 1599 Gallia
1159 1568 1205 1579 —
1227 1532 1263 1598 C.
1287 1533 1376 1598 Am·

222 1645 345 1726 pium,
379 1643 618 1727 praefectum
653 1644 818 1721 socium,
850 1640 923 1706 hao
958 1641 1231 1707 tumultuaria
1260 1661 1377 1706 manu

221 1771 292 1832 por
331 1750 550 1825 Umbriam,
596 1770 714 1832 quam
759 1749 910 1813 tribum
951 1749 1160 1832 Sapiniam
1206 1754 1377 1826 vocant,

221 1880 357 1939 agrum
387 1858 574 1922 Boiorum
604 1856 798 1921 invadere
827 1858 959 1920 iussit.
1017 1855 1192 1934 Convenit,
1226 1854 1316 1938 quod
1343 1861 1378 1919 et

220 1987 260 2028 ex
277 1964 387 2028 altero
410 1965 498 2041 1000,
529 1965 601 2028 libr.
625 1962 783 2041 XXXIII,
812 1968 868 2042 37,
896 1963 1099 2047 intellegitur
1127 1968 1162 2028 et
1184 1983 1225 2027 ex
1246 1962 1378 2046 plaga)

221 2072 427 2136 Materinae
449 2073 482 2135 in
505 2071 578 2136 libr.
602 2070 663 2149 lX,
693 2074 730 2133 41
756 2072 936 2150 montione,
966 2070 1073 2135 tribus
1097 2069 1241 2155 Sapinia
1262 2068 1377 2155 appel·

220 2179 342 2242 latione
365 2201 430 2242 non
453 2186 555 2243 totam
579 2177 764 2255 Umbriam,
794 2178 852 2242 sed
881 2176 1026 2261 aliquam
1054 2180 1123 2243 eins
1145 2182 1277 2262 partem
1300 2197 1377 2242 eon·

113 2298 125 2329 ·
220 2287 333 2361 tineri3
364 2286 420 2350 sed
449 2288 483 2349 in
512 2307 584 2348 eam
613 2287 810 2349 sententiam
833 2285 913 2348 Livii
938 2285 1052 2365 verba,
1080 2292 1117 2349 ut
1139 2304 1228 2349 nuno
1248 2285 1378 2367 scripta

220 2401 311 2469 sunt,
340 2416 406 2456 non
435 2402 513 2475 puto
544 2394 756 2475 interpretari
778 2391 924 2472 licere.¹)
974 2392 1090 2476 ltaque
1114 2414 1135 2457 a
1156 2392 1249 2457 Livio
1272 2391 1377 2475 aerip-

135 2507 294 2580 (367)tuur
324 2521 394 2563 esse
423 2507 518 2582 puto:
554 2522 623 2582 per
646 2499 863 2578 Umbriam,
897 2518 967 2576 qua
995 2499 1143 2564 tribum
1167 2497 1379 2582 Sapiniam

220 2612 377 2682 vocant,
410 2606 472 2669 hoo
505 2614 568 2671 est:
604 2628 662 2689 per
691 2596 858 2670 Umbriam
892 2628 931 2671 ea
964 2615 1074 2689 parte,
1109 2628 1176 2688 qua
1211 2607 1279 2671 sita
1312 2614 1375 2685 ost,

220 2732 317 2793 quam
341 2713 464 2776 tribum
484 2715 651 2796 Sapiniam
675 2725 799 2777 vocant.
842 2714 894 2778 Sic
917 2716 1002 2778 euim
1025 2713 1192 2779 Interdum
1216 2719 1250 2777 et
1269 2714 1378 2778 Graeci

222 2825 256 2882 et
278 2820 387 2882 Latini
410 2821 604 2903 loquuntur,
639 2830 675 2884 ut
704 2822 829 2904 aliquid
859 2843 929 2885 esse
959 2821 1079 2885 alicubi
1098 2831 1137 2885 'et
1160 2823 1293 2885 nomine
1317 2821 1378 2884 ali·

222 2949 286 3009 quo
312 2928 473 3009 appellari
495 2929 638 2992 breiiter
661 2951 725 2991 uno
750 2929 937 3011 appellandi
961 2930 1058 2993 verbo
1083 2925 1378 3011 comprehendant.

220 3035 324 3098 Graeci
349 3057 428 3098 usus
452 3036 601 3116 exempla
623 3045 741 3118 praeter
764 3037 878 3113 Ionica,
907 3039 940 3099 in
964 3036 1083 3120 quibus
1107 3039 1176 3100 fere
1199 3042 1379 3118 poetarum

219 3142 409 3205 testimonia
431 3151 598 3223 ponuntur
623 3144 710 3221 (inde
735 3144 775 3206 ab
800 3143 934 3206 Homeri
957 3143 1013 3208 illo
1038 3166 1077 3208 ex
1102 3142 1196 3207 Iliad.
1215 3141 1272 3219 XI,
1298 3147 1378 3205 757:

219 3257 349 3309 Alalaiou
373 3254 443 3308 ἔνθα
467 3258 570 3324 κολώνη
594 3250 728 3328 κέκληται)
754 3273 811 3313 nec
841 3253 922 3314 Sabis
946 3251 987 3315 ab
1012 3251 1086 3316 111118
1109 3251 1285 3329 distincta,
1319 3250 1380 3315 (18·

221 3355 269 3417 bit
298 3355 568 3437 ll'yttenbachins
598 3356 638 3420 ad
669 3356 815 3421 Platonis
839 3357 993 3423 Phaedon.
1017 3381 1047 3440 p.
1073 3362 1134 3422 285
1166 3357 1222 3439 (ad
1254 3380 1288 3442 p.
1313 3362 1377 3424 107

220 3462 276 3541 U),
304 3463 393 3526 velut
421 3462 503 3525 illud
527 3463 752 3546 Xenophontis
775 3486 813 3527 ex
837 3464 921 3528 Holl.
945 3464 987 3544 V,
1019 3469 1052 3543 l,
1085 3470 1139 3528 10;
1174 3470 1249 3527 ἔνθα
1272 3472 1289 3541 ἢ
1314 3481 1381 3548 roa

220 3578 324 3649 nappin
359 3579 490 3636 καλεῖται,
526 3579 558 3634 Ob
587 3571 628 3633 ad
658 3571 821 3635 Plutarch.
845 3571 962 3636 Morfl
990 3595 1020 3654 p.
1045 3576 1104 3636 901
1131 3571 1180 3654 [eb
1202 3571 1384 3640 Namkius

221 3676 263 3739 ad
288 3678 439 3759 Sophool.
461 3678 539 3741 Oed.
559 3679 595 3741 11,
619 3677 724 3760 14511.
771 3679 899 3758 balina,
923 3700 994 3761 quaa
1016 3700 1123 3758 nemo,
1146 3678 1239 3763 quod
1264 3683 1383 3763 seiam,

220 3785 339 3864 attigit,
363 3785 432 3847 haeo
455 3794 544 3848 sunt:
576 3785 742 3850 Ciceronis
767 3807 825 3869 pro
850 3786 976 3850 Clueut.
1004 3792 1051 3863 15,
1075 3791 1132 3849 43:
1157 3785 1385 3855 Martiales

220 3892 381 3970 quidam
407 3893 546 3954 Larini
570 3892 907 3975 appellabantur,
937 3895 1083 3958 eiusdem
1107 3894 1147 3958 do
1172 3895 1275 3980 Legg.
1300 3896 1328 3978 I,
1352 3902 1385 3979 8,

249 4149 272 4216 ¹)
293 4150 436 4203 Creverius
455 4154 613 4205 enarrabat:
642 4171 700 4221 per
718 4153 892 4207 Umbriam
916 4162 949 4209 et
971 4173 1041 4209 eam
1065 4156 1203 4223 quidam
1228 4167 1386 4231 partem,

289 4253 395 4302 quarn,
414 4236 480 4289 ficto
500 4237 678 4291 attractionis
697 4255 808 4306 genera.
