2994 5108
633 464 693 525 523
1031 477 1092 532 Lib.
1111 478 1236 533 XXXVI.

81 667 230 725 muros,
260 665 344 729 qua
366 681 408 692 -
436 645 720 725 habitabatur,
749 648 801 711 Ti.
832 647 1065 732 Sempronio
1095 651 1231 733 Longo
1251 666 1320 733 (421)

83 753 394 838 oppugnandam
423 754 537 818 dedit
567 756 787 837 regionem3
823 776 841 820 a
865 758 953 843 sinu
976 757 1150 823 Maliaco
1174 768 1235 824 cet.

84 862 287 946 Apparetin
309 861 430 926 illustri
453 862 601 945 exemplo
625 862 742 943 (eaque
765 865 837 946 ipsa
861 885 962 929 causa
984 865 1062 930 mihi
1086 865 1148 931 fuit
1172 866 1236 932 loci

83 967 360 1036 commemorandi
406 970 690 1052 suspicionemque
735 971 898 1033 incertam
936 993 1001 1036 non
1040 975 1235 1056 premendi),

82 1096 181 1159 quam
203 1074 379 1141 molestum
402 1077 458 1147 sit,
489 1076 578 1158 quod
600 1097 708 1159 neque
731 1077 764 1140 in
788 1076 923 1157 singulis
947 1078 1027 1143 locis
1051 1081 1082 1144 M
1106 1081 1236 1163 plenam

82 1185 338 1267 continuamque
369 1184 566 1267 scripturam
589 1191 680 1248 certa
702 1183 765 1247 fide
790 1191 957 1248 enotatam
979 1185 1153 1252 habemus.
1188 1189 1236 1252 in·

83 1290 208 1370 dicatis,
237 1291 360 1372 siquae
383 1291 546 1373 ambigua,
574 1312 679 1370 erasa,
708 1312 809 1375 supra
833 1293 966 1377 scripta,
996 1302 1145 1359 correcta
1167 1296 1235 1361 fue-

82 1406 175 1476 runt,
209 1419 315 1483 neque
345 1399 447 1462 totius
471 1398 592 1463 codicis
616 1399 872 1483 mendornmque
895 1400 1007 1466 turmae
1031 1405 1237 1486 perspicuam

83 1507 257 1590 imaginem
279 1506 387 1571 animo
411 1505 686 1588 comprehendere
709 1508 928 1590 possunrus.¹)

166 1612 244 1698 Cap.
270 1616 320 1692 25,
345 1617 373 1676 7.
409 1612 529 1678 Consul
553 1614 720 1678 Romanus
743 1613 931 1698 Philippum
953 1635 1062 1696 regem
1088 1616 1235 1682 Lamiam

83 1727 326 1806 oppugnantem
360 1726 392 1785 et
427 1721 467 1785 de
501 1719 668 1786 deditione
703 1743 776 1786 cum
807 1722 981 1804 oppidanis
1012 1729 1162 1803 agentem
1193 1724 1233 1789 ab

84 1829 327 1913 oppugnatione
365 1827 523 1893 desistere
557 1830 669 1894 iussit:
712 1831 863 1911 aequius
903 1849 995 1893 esse
1036 1830 1234 1896 Romanos

84 1936 253 2015 milites,
284 1937 350 2019 qui
377 1937 463 2000 acie
487 1935 752 2001 dimicassent
776 1958 858 2001 cum
881 1935 1043 2011 AEtolis,
1073 1940 1235 2019 praemia

85 2045 265 2109 victoriae
292 2043 450 2107 habere.
506 2043 579 2108 Non
608 2050 737 2109 tantum
766 2066 839 2108 oum
870 2045 1003 2123 AEtolis‚
1038 2044 1110 2123 sed,
1146 2047 1235 2127 quod

85 2160 180 2236 caput
210 2151 431 2216 dimicationis
460 2157 492 2215 et
520 2152 664 2215 victoriae
694 2160 779 2225 erat,
814 2173 887 2216 cum
910 2151 1080 2217 Antiocho.
1137 2153 1174 2216 In
1203 2153 1235 2216 M

86 2268 154 2324 erat
181 2280 297 2342 quam
324 2258 497 2333 Arrolos,
531 2279 700 2341 perrers03
736 2259 878 2323 debebat
912 2260 997 2324 enim
1027 2260 1090 2323 dici
1120 2279 1235 2343 quam

84 2365 333 2432 Macedonas.
392 2364 457 2430 Sed
491 2387 530 2429 ex
558 2387 658 2449 pravo
687 2366 744 2430 illo
775 2367 1003 2450 supplemento
1033 2366 1074 2432 ad
1104 2367 1235 2451 explen-

86 2473 157 2539 dam
185 2474 465 2557 comparationem
489 2472 602 2537 addito
626 2481 734 2538 ortum
758 2474 900 2550 ridetur,
935 2473 1021 2555 quod
1050 2477 1151 2539 ceteri
1181 2495 1234 2539 co·

85 2581 170 2647 dices
193 2581 334 2659 habent,
370 2581 545 2665 Liuiusque
575 2588 704 2645 tantum
734 2583 923 2664 scripsisse:
958 2583 1108 2664 aequius
1137 2603 1233 2661 esse,

84 2688 278 2755 Romanos
318 2689 486 2764 milites,
527 2689 594 2770 qui
631 2691 718 2753 acie
753 2688 1031 2766 dimicassent,
1073 2693 1235 2772 praemia

84 2799 267 2863 victoriae
289 2795 446 2861 habere.
496 2794 705 2862 Commodius
736 2797 869 2880 praeda
893 2803 926 2861 et
949 2797 1057 2860 acies
1080 2799 1229 2863 universe
1248 2816 1320 2885 (422)

85 2903 167 2971 inter
195 2925 231 2969 se
258 2904 461 2981 referuntur,
495 2925 561 2968 non
584 2903 712 2981 addito,
748 2903 944 2986 quibuscum
973 2913 1153 2986 pugnatum
1182 2908 1233 2970 sit.

87 3010 508 3094 (cfr,quaeadxxxi·11‚
533 3017 582 3087 30,
607 3016 625 3074 2
650 3012 824 3091 dicentur.)

167 3118 249 3205 Cap.
273 3124 328 3198 28,
364 3124 382 3183 6
411 3119 457 3200 (in
487 3120 540 3184 M.'
562 3118 659 3183 Acilii
690 3120 837 3183 oratione
867 3118 910 3183 od
933 3118 1117 3183 AEtolorum
1147 3120 1234 3204 lega·

87 3229 164 3310 tosl:
199 3227 359 3311 ltaque,
388 3229 427 3292 ni
456 3248 631 3310 propere
661 3226 730 3298 fit,
761 3226 866 3309 quod
895 3228 1061 3310 impero,
1089 3229 1234 3292 vinciri

88 3355 151 3402 ros
178 3338 256 3400 iam
284 3334 413 3400 iubeo.
471 3334 564 3414 Quod
592 3335 683 3399 verbi
712 3341 841 3417 tempus
871 3354 971 3397 unum
1000 3335 1033 3398 in
1063 3335 1123 3399 tali
1147 3356 1234 3401 com·

88 3443 261 3507 minatione
289 3463 362 3507 cum
391 3442 555 3526 particula
582 3444 659 3507 iam
687 3443 840 3524 coniungi
862 3449 952 3506 recte
974 3449 1098 3524 potest,
1133 3443 1235 3508 habet

88 3546 125 3613 B:
153 3551 231 3614 iam
254 3548 414 3615 iubebo.
460 3548 522 3630 (De
546 3549 579 3614 M
601 3549 754 3627 tacetur.)
807 3548 875 3614 Nec
907 3549 982 3614 ideo
1011 3571 1076 3614 non
1099 3572 1235 3633 prorsus

89 3652 228 3740 legitime
256 3657 289 3721 in
313 3657 505 3723 condicione
529 3679 672 3741 praeseus
696 3657 830 3740 ponitur
852 3657 892 3722 cle
915 3678 968 3736 eo,
999 3658 1088 3738 quod
1111 3660 1176 3723 iam
1199 3658 1235 3722 lit

116 3892 140 3961 ¹)
158 3893 185 3948 (l.
207 3896 253 3961 at,
280 3894 449 3962 aquoniam
479 3910 575 3950 eorum
604 3893 745 3958 codicum,
774 3892 820 3959 qui
850 3898 1094 3961 exspectantes
1121 3893 1234 3961 babent,

153 3979 283 4048 princeps
310 3978 353 4045 (B)
381 3984 478 4047 aperto
510 3977 613 4033 mendo
644 3979 750 4031 iussit
776 3978 893 4043 omittit,
928 3978 1085 4045 sequendus
1113 3978 1155 4044 M,
1187 3980 1234 4047 qui

154 4062 253 4119 habet:
281 4063 326 4116 Ti.
347 4061 591 4132 Sempronium
615 4070 734 4117 tenere
757 4064 914 4117 intentos
936 4064 1065 4118 milites
1086 4064 1235 4132 signnm·

153 4165 216 4217 que
238 4154 423 4218 expectare
441 4148 549 4202 iussit
567 4148 683 4218 (ipsum,
708 4155 751 4211 ut,
775 4165 860 4215 quum
879 4149 1044 4216 accepisset,
1068 4164 1235 4216 procurrere

154 4233 257 4286 milites
283 4234 409 4297 iuberet).
453 4232 585 4288 Intentus
613 4238 641 4286 et
667 4239 781 4302 paratus
807 4237 918 4286 tenetur
944 4232 1036 4297 miles,
1069 4240 1234 4300 exspectaus

153 4318 245 4373 teneri
262 4318 310 4371 vix
326 4324 403 4372 reete
422 4318 532 4373 dicitur.
