2994 5108
683 481 747 543 499
1083 493 1145 548 Lib.
1165 490 1291 546 XXXIV.

140 667 187 730 sic
220 666 373 731 omissum
407 665 496 749 apud
523 652 709 747 genetivum
738 666 967 749 possessivum,
1001 669 1039 728 ut
1067 663 1223 728 audiatur
1252 685 1292 729 ex

138 773 276 858 pluralis
308 774 436 839 numeri
470 772 569 839 verbo
603 778 720 855 postea
754 793 827 837 cnm
856 771 1010 838 adverbio
1039 771 1110 853 (ibi
1139 770 1291 851 essent)

140 880 303 961 subiecto,
344 879 459 945 deinde
499 878 675 963 oportebat
708 880 827 945 saltem
860 880 1032 963 scriptum:
1073 886 1113 944 et
1151 899 1292 943 eorum

138 989 411 1071 imperatores
440 987 497 1052 ibi
526 994 587 1052 cet.
644 987 726 1067 Sed,
755 986 843 1071 quod
867 994 967 1071 eaput
989 994 1055 1066 est,
1084 1007 1149 1051 nou
1172 987 1291 1069 agitur,

138 1115 279 1178 quorum
301 1094 461 1179 Hispania
481 1095 590 1172 fuerit,
620 1095 679 1160 sed
701 1095 940 1172 tantummodo,
968 1095 1034 1159 utri
1056 1093 1103 1158 ibi
1127 1095 1291 1159 exercitus

138 1202 328 1282 habuerint,
362 1203 430 1267 utri
463 1223 529 1267 nou
562 1202 754 1282 habuerint,
789 1204 1052 1285 pervertiturque
1086 1203 1290 1284 comparatio

137 1310 195 1375 illo
216 1310 362 1390 adiect03
394 1330 501 1394 neque
529 1330 606 1374 sane
630 1307 712 1375 Cato
737 1330 953 1376 concessurus
977 1317 1063 1389 erat,
1096 1309 1292 1393 Hispaniam

136 1424 217 1497 tum,
241 1439 340 1501 quum
364 1417 505 1482 Romani
526 1417 742 1500 postularent,
765 1419 857 1482 utin
880 1417 1013 1483 foedere
1037 1416 1290 1495 adscriberetur,

138 1524 220 1591 lines
238 1525 362 1591 Hibero
380 1526 561 1604 terminari,
580 1524 902 1607 Carthaginiensium
919 1526 1036 1604 luisse,
1059 1526 1184 1590 iniusta
1206 1526 1292 1588 enim

137 1633 304 1699 Romanos
327 1632 511 1716 postulasse
535 1632 670 1698 diceret.
722 1630 931 1698 Contrarium
955 1652 1095 1715 quoque,
1125 1632 1181 1716 qui
1204 1653 1291 1697 nuno

138 1741 196 1822 sit,
227 1762 338 1806 rerum
367 1746 491 1805 statum
520 1738 601 1804 Cato
630 1741 789 1824 proximis
816 1740 925 1806 verbis
953 1762 1020 1805 non
1048 1740 1095 1805 ite
1124 1741 1291 1818 describit,

136 1854 174 1913 ut
200 1848 423 1914 Romanorum
451 1848 645 1931 Hispaniam
674 1869 745 1913 esse
774 1847 879 1927 diost,
913 1847 971 1912 sed
998 1854 1036 1912 ιιι
1064 1848 1290 1913 Romanorum

135 1961 294 2039 praetores
329 1957 557 2039 exercitusque
592 1976 664 2020 eam
699 1956 861 2033 obtinere,
898 1953 1203 2039 Carthaginiensem
1233 1976 1289 2019 ne·

136 2064 256 2128 minem
282 2063 328 2128 ibi
357 2085 450 2129 esse..
494 2064 656 2147 Apparet,
692 2063 901 2129 scribendum
924 2084 1011 2129 esse:
1045 2063 1188 2128 Patres
1216 2071 1374 2139 ιιι-(400)

136 2171 229 2248 stri,
264 2193 379 2255 quum
416 2171 452 2233 Ιι
481 2171 684 2254 Hispania
711 2159 1113 2255 Carthaginiensium
1147 2179 1186 2235 et
1219 2171 1289 2234 im·

136 2283 353 2362 peratores
382 2285 420 2343 et
450 2281 657 2343 exercitus
689 2285 825 2343 essent
853 2286 915 2344 cet.
971 2279 1077 2359 Quum
1100 2279 1289 2362 praepositio

135 2391 212 2469 post
232 2385 377 2451 litteram
401 2405 438 2465 ι,
463 2393 500 2450 ut
523 2407 619 2469 saepe,
642 2387 873 2467 intercidisset,
896 2386 1044 2452 additum
1068 2393 1118 2451 est
1141 2386 1206 2450 ibi.
1247 2384 1291 2448 Et

136 2492 174 2557 in
197 2493 326 2557 eratin
348 2491 551 2559 editionibus
575 2501 651 2558 ante
674 2493 869 2573 Gronvium,
905 2494 962 2559 sed
992 2516 1093 2579 quum
1115 2492 1212 2558 simul
1235 2492 1291 2556 ibi

135 2600 350 2680 retineretur,
383 2602 503 2666 vitiosa
524 2600 627 2666 fiebat
651 2602 769 2667 oratio.
825 2601 1012 2681 Postremo,
1046 2623 1086 2666 ne
1110 2600 1189 2684 quid
1211 2602 1291 2665 reti·

136 2726 242 2785 ceam,
277 2708 329 2772 vix
352 2706 485 2787 dubito,
521 2710 600 2791 quin
623 2708 734 2773 Livius
758 2708 813 2789 (de
836 2731 871 2774 re
895 2711 1069 2793 imperiose
1093 2706 1290 2792 efflagitata)

135 2815 318 2898 scripserit:
347 2820 481 2880 tamen
506 2815 596 2878 ιιΙιΙΙ
618 2816 693 2881 hoc
716 2818 757 2881 in
780 2816 945 2882 loedere
967 2818 1196 2893 voluerunt,
1225 2837 1291 2879 non

135 2920 296 2987 addere

221 3026 299 3113 Cap.
323 3033 371 3108 15,
395 3033 413 3092 3
437 3029 485 3109 (in
508 3032 700 3096 narratione
722 3051 839 3115 pugnae
863 3037 979 3096 eontra
997 3030 1191 3112 Hispanos):
1214 3030 1292 3096 Ubi

135 3137 270 3202 omnia
291 3135 387 3218 fuga
409 3138 614 3221 completa
636 3138 740 3203 vidit
764 3137 871 3217 Cato,
895 3141 979 3222 ipse
1003 3137 1050 3202 ad
1073 3137 1291 3202 secundam

134 3242 351 3327 legionem,
379 3264 463 3326 quse
487 3245 526 3309 in
549 3244 734 3310 subsidio
762 3248 900 3329 posita
923 3253 1029 3324 erat,
1059 3266 1159 3329 equo
1183 3267 1290 3310 reve-

133 3348 248 3416 hitur
275 3358 314 3415 et
342 3352 456 3433 signe
484 3372 564 3435 pree
592 3372 633 3417 se
661 3351 762 3418 terri
785 3353 987 3436 plenoque
1010 3353 1136 3435 gradu
1159 3353 1207 3418 ad
1231 3374 1290 3418 ea-

136 3464 225 3524 stra
255 3456 433 3523 hostium
468 3460 742 3542 oppugnanda
770 3461 992 3525 succedere
1020 3461 1144 3526 iubet.
1199 3460 1291 3526 Nun·
1384 3530 1388 3537 ,

134 3584 234 3647 qnam
255 3563 336 3648 legi,
370 3584 470 3648 quum
500 3567 534 3630 in
562 3565 691 3632 hostem
720 3567 863 3632 eundum
887 3575 987 3648 esset,
1020 3589 1086 3632 nou
1109 3569 1206 3633 modo
1229 3570 1290 3633 im·

134 3676 323 3756 potatorem
356 3673 450 3757 signa
483 3694 562 3757 pree
596 3695 636 3740 se
664 3674 764 3739 lerri
797 3674 874 3756 (hoc
909 3681 961 3740 est
988 3677 1188 3756 necessario,
1222 3697 1290 3760 prae

135 3780 347 3864 imperatore)
370 3782 521 3861 iussisse,
554 3782 641 3866 quod
669 3789 776 3848 totum
803 3782 977 3849 ridiculum
1001 3790 1066 3863 est,
1101 3783 1221 3849 sedne
1243 3782 1290 3847 le·

138 3886 249 3969 giones
284 3887 417 3969 quidem
450 3895 484 3954 et
517 3889 671 3954 cohortes
705 3890 823 3971 signa
852 3911 931 3973 prae
960 3912 1001 3956 se
1029 3891 1136 3955 ferre
1165 3891 1289 3970 iussas,

137 3993 250 4075 signa
283 3993 381 4059 ferri
416 3994 573 4062 iubentur
606 4016 710 4078 eaque
739 3990 864 4062 locutio
893 3998 1066 4081 permultis
1095 3996 1178 4062 Livii
1206 3996 1289 4061 loeis

138 4098 270 4185 legitur,
303 4109 462 4185 quattuor
484 4103 634 4188 exempla
655 4103 750 4170 dabit
771 4103 1060 4171 Drakenborehius
1089 4103 1131 4169 ad
1155 4102 1288 4181 XXVII,

143 4210 187 4286 47,
214 4210 244 4288 8,
274 4208 393 4291 quibus
420 4210 516 4294 plura
544 4210 621 4298 addi
644 4217 783 4294 possunt
806 4212 857 4294 (ut
879 4211 1030 4287 XXXIII,
1055 4216 1083 4290 7,
1109 4218 1135 4289 1,
1158 4210 1289 4291 XXXV,

144 4315 188 4393 27,
213 4320 267 4396 16;
296 4316 378 4396 XLI,
404 4321 432 4397 3,
457 4322 475 4380 8
498 4320 530 4381 iu
553 4318 735 4383 narrando:
769 4318 907 4383 lerunt
930 4321 1050 4384 citati
1074 4322 1202 4403 signe,
1231 4319 1287 4398 IX,
