2994 5108
592 531 596 538 .
692 484 752 546 125
1171 498 1234 553 Lib.
1252 497 1299 553 IV.

139 668 419 750 divideretur,
450 704 495 715 —
525 705 570 715 -
602 676 722 736 atrox
755 668 867 754 plebi
899 669 1174 755 patribusque
1207 693 1299 756 pro·

139 779 321 863 positum
348 778 569 845 videbatur
597 784 811 845 certamen.
862 777 953 842 Nihil
981 779 1050 860 agit
1073 785 1113 844 et
1135 780 1301 863 particula

136 888 226 953 inter
253 886 424 954 hominum
450 888 656 953 notationem
684 892 717 951 et
745 887 794 951 rei
822 885 865 951 ab
893 887 935 951 iis
964 893 1047 952 actea
1075 889 1300 953 narrationem

138 996 347 1080 interposita.
403 993 568 1061 Constans
601 994 807 1061 consuetudo
842 1001 877 1060 et
903 1002 1025 1060 natura
1054 997 1212 1061 sermonis
1241 1020 1299 1080 po-

139 1103 262 1184 stulat,
290 1109 330 1169 ut
358 1104 537 1169 scribatur:
565 1138 609 1148 -
636 1103 778 1169 creati.
830 1103 868 1164 ΕΙ
897 1125 1015 1187 quum
1042 1106 1300 1187 rogationem

138 1210 480 1296 promulgassent,
503 1218 564 1277 cet.
608 1210 765 1277 Mendum
787 1217 904 1276 notum
926 1218 976 1276 est
998 1212 1050 1291 iis,
1073 1213 1130 1294 qui
1152 1213 1301 1278 codicum

140 1321 326 1405 scripturas
348 1326 537 1386 tractarunt
559 1317 674 1402 (Dralr.
698 1321 742 1385 ad
764 1318 849 1399 XLI,
881 1324 929 1399 15,
959 1319 1002 1402 6).
1052 1320 1123 1385 Lib.
1146 1320 1183 1400 V,
1208 1326 1257 1400 33,
1281 1326 1299 1385 9

140 1447 245 1512 quum
280 1436 370 1494 reete
404 1429 571 1494 ederetur:
605 1427 651 1493 Ei
679 1427 802 1510 (Tusci,
838 1427 877 1493 de
905 1449 1046 1512 quorum
1074 1429 1213 1511 antiqua
1242 1451 1300 1513 po-

141 1538 250 1603 tantia
282 1537 384 1602 maria
405 1536 504 1602 Tusci
526 1518 656 1602 nomine
678 1541 804 1601 testata
829 1535 941 1601 Livius
964 1534 1063 1618 dixit)
1086 1537 1125 1601 in
1148 1544 1299 1602 utrum-

138 1666 217 1730 que
245 1666 355 1711 mare
382 1651 600 1729 vergentes
628 1652 706 1724 cet,
733 1664 840 1728 nuper
861 1665 959 1728 prave
982 1665 1000 1709 e
1023 1652 1119 1729 parte
1147 1645 1298 1710 codicum
1316 1664 1386 1733 (105)

142 1752 278 1833 (contra
313 1751 408 1834 PHl)
441 1759 632 1819 revocatum
666 1759 717 1818 est
747 1758 795 1818 et.
854 1749 935 1835 [cfr.
968 1753 1011 1817 ad
1038 1752 1095 1818 lib.
1125 1752 1156 1832 I,
1187 1758 1225 1833 1,
1255 1752 1298 1836 3.]

138 1860 290 1926 Eandem
320 1862 480 1927 orationis
503 1860 642 1927 formam
664 1859 730 1927 alio
754 1861 852 1927 modo
877 1868 1066 1946 corruptam
1088 1862 1222 1926 restitui
1244 1861 1300 1942 III,

143 1973 195 2048 28,
218 1972 238 2034 9
262 1967 398 2051 (iussi,
419 1968 478 2050 is).

227 2074 308 2162 Gap.
339 2081 394 2159 49,
429 2081 448 2142 6
472 2076 521 2160 (in
547 2078 740 2143 narratione
768 2077 808 2142 de
837 2075 973 2143 coloniae
1001 2076 1103 2143 Bolas
1131 2077 1300 2144 mittendae

141 2183 295 2267 conatu),
327 2185 385 2250 ubi
415 2185 451 2250 L.
475 2185 614 2251 Sestio
643 2184 766 2265 editur,
800 2184 1004 2250 abonorum
1026 2185 1176 2252 codicum
1198 2187 1300 2270 scrip-

140 2299 233 2374 tura,
260 2292 298 2358 L.
321 2293 463 2374 Dorio,
492 2300 583 2360 recte
606 2294 729 2359 iamin
751 2314 817 2358 uno
842 2300 875 2358 et
897 2293 1003 2359 altero
1025 2295 1210 2360 recentiore
1232 2294 1300 2359 fac·

139 2408 212 2467 turn
238 2409 291 2468 est
313 2400 350 2467 L.
378 2402 514 2470 Decio.
564 2402 714 2468 Eundem
735 2401 837 2467 fuisse
859 2401 1044 2482 tribunum,
1073 2404 1130 2486 qui
1152 2403 1300 2487 proximo

140 2530 227 2577 auno
250 2508 283 2594 (ᾖ
307 2509 372 2592 11),
400 2529 503 2593 quum
529 2510 635 2594 legem
663 2511 828 2593 agrariam
855 2509 971 2590 ferret,
1002 2511 1102 2576 etiam
1129 2519 1168 2576 ut
1195 2510 1295 2576 Bolas

139 2618 248 2685 coloni
276 2619 502 2697 mitterentur,
535 2616 682 2684 laturum
704 2639 739 2683 se
762 2617 896 2697 dixerit,
931 2626 964 2684 et
986 2618 1044 2703 qui
1066 2619 1113 2684 ibi
1136 2617 1300 2684 Sextius

139 2725 329 2811 appelletur
357 2725 414 2809 (ll.
440 2725 606 2792 Sextius
640 2726 740 2806 MLl,
775 2725 834 2805 al.,
870 2725 933 2791 hac
961 2727 1140 2811 scriptura:
1184 2748 1301 2809 quam

140 2833 282 2901 Sextio
304 2856 365 2920 pro
388 2855 466 2917 qua
487 2833 531 2899 M.
548 2833 716 2916 Sextio),
739 2833 850 2900 Livius
873 2855 978 2918 neque
1003 2834 1084 2900 dicit
1106 2854 1212 2917 neque
1236 2835 1300 2918 aig-

138 2942 256 3009 nificat
284 2949 468 3027 contraque
500 2948 662 3026 tanquam
695 2942 736 3007 de
759 2941 825 3008 alio
847 2941 978 3007 homine
1006 2942 1099 3008 Decii
1129 2942 1301 3008 consilium

140 3070 216 3117 curn
243 3072 304 3118 suo
327 3051 540 3133 coniungenti
562 3049 635 3131 (aut
658 3051 910 3116 coniuncturum
922 3055 1050 3116 tantum
1068 3072 1103 3116 se
1120 3050 1300 3132 minitanti)

139 3158 304 3238 narrat.¹)

170 3344 195 3412 ¹)
214 3343 325 3399 Eodem
337 3343 403 3400 loco
419 3344 500 3414 (511)
514 3345 600 3400 velim
614 3345 732 3413 attendi,
747 3345 984 3414 quemadmodum
1001 3345 1258 3400 aDrakenborchic
1274 3352 1302 3399 et

209 3429 442 3485 Weissenbornio
466 3431 542 3497 (nam
564 3430 734 3501 Alschefskii
756 3432 894 3485 rationem
917 3449 975 3485 non
991 3431 1093 3498 habeo)
1111 3432 1301 3500 redarguatur

210 3515 245 3569 Τ.
262 3515 369 3584 Faber,
391 3517 438 3570 cui
456 3516 640 3586 displicuerat
656 3516 719 3571 baec
737 3516 893 3570 barbaries:
922 3517 1047 3586 dignos
1071 3533 1160 3583 esse,
1184 3534 1301 3571 eorum

208 3602 331 3657 urbem
354 3619 442 3668 esse,
470 3603 550 3656 cuins
575 3601 647 3656 nibil
670 3602 817 3671 quisquam
840 3603 932 3656 simile
954 3607 1004 3656 aut
1025 3602 1145 3672 protulit
1168 3609 1217 3656 aut
1238 3619 1301 3672 pro-

210 3687 289 3742 feret
335 3686 400 3756 (aar
423 3687 509 3742 otiam
531 3685 651 3742 alterurn
673 3689 773 3741 vitium
796 3688 827 3742 in
851 3706 978 3754 eorum,
1007 3687 1096 3756 qnod,
1124 3689 1147 3742 si
1167 3689 1223 3742 dici
1242 3687 1301 3741 ullo

210 3773 298 3828 modo
315 3773 357 3827 ita
374 3769 487 3842 posset,
510 3772 633 3827 debebat
651 3790 712 3828 esse
729 3774 839 3841 snam.)
878 3774 931 3827 Hie
950 3790 1077 3842 quoque,
1100 3791 1185 3842 quum
1203 3773 1301 3826 Livius

210 3858 386 3929 scripsisset,
417 3863 451 3912 ut
475 3857 567 3913 Faber
593 3857 676 3912 vidit:
708 3858 847 3930 dignum
878 3859 966 3914 enim
998 3875 1084 3925 esse,
1116 3859 1173 3926 qui
1201 3858 1302 3911 armis

209 3945 402 4014 cepissent,
435 3960 550 3999 eorum
580 3943 697 3997 urbem
729 3961 918 4014 agrumque
950 3944 1117 3999 Bolanum
1150 3959 1236 4009 esse,
1267 3942 1300 3995 li·

209 4030 335 4098 memus,
361 4047 420 4085 non
447 4030 594 4092 intellecta
615 4031 827 4084 constructione
850 4029 993 4106 (eorum,
1020 4029 1078 4098 qui
1104 4026 1301 4097 cepissent),

209 4114 337 4185 dignor
359 4115 489 4185 scripsit,
515 4131 631 4169 numero
655 4119 684 4168 et
705 4132 808 4185 genere
830 4116 1045 4171 accommodato
1070 4113 1106 4167 ad
1129 4113 1198 4181 qui,
1226 4111 1302 4180 quod

207 4202 339 4272 proxime
361 4200 539 4270 sequebatur.
582 4201 609 4253 A
632 4201 751 4256 consilio
773 4215 836 4254 meo
859 4200 1044 4268 discederem,
1076 4198 1152 4253 siin
1174 4199 1302 4263 erae

208 4302 270 4343 non
301 4287 397 4342 minna
427 4285 532 4341 bonam
563 4285 687 4341 eiusdem
713 4285 799 4341 Fabri
830 4287 1023 4342 coniecturam
1054 4299 1302 4339 commemorarem

208 4372 313 4442 (qm
331 4372 496 4429 universo
514 4371 635 4428 ordini
651 4377 721 4428 tum
737 4372 950 4443 primoribus
967 4368 1121 4441 patrum).
