2994 5108
586 500 589 505 ·
625 454 713 556 ”aaa
1091 508 1153 563 me.
1172 507 1256 563 xnv.

106 680 233 745 donec
266 681 315 747 ad
338 681 513 746 classem
543 681 646 745 dono
671 680 805 746 datam
833 683 869 746 ei
897 703 964 745 rex
988 683 1258 766 pervenisset.

106 786 140 852 L.
161 786 380 856 Cornelius
405 787 613 874 Scipione
636 788 684 854 ab
707 810 751 854 eo
774 788 1020 855 abscederet
1043 797 1261 873 sumptum·
1361 764 1417 873 '352‘

106 916 182 978 qne
205 897 285 981 ipsi
308 906 348 964 et
370 897 590 964 comitibus
613 897 835 981 praeberet,
859 898 988 964 donec
1010 919 1146 963 navem
1169 920 1259 964 corra

108 1006 357 1072 scendisset.
393 1006 471 1084 Quae
495 1007 539 1071 sit
561 1005 677 1072 classis
700 1007 765 1071 ista
787 1006 873 1073 dono
891 1009 961 1091 regi
984 1008 1072 1086 data,
1095 1007 1259 1089 adquam

106 1135 164 1179 rex
186 1116 302 1199 viginti
324 1115 461 1180 navibus
483 1114 590 1197 longis
613 1114 746 1197 pervehi
765 1114 893 1192 debeat,
918 1116 1048 1181 omnino
1071 1138 1138 1181 non
1159 1115 1257 1181 intel·

106 1222 235 1306 legitur,
258 1244 319 1288 nec
337 1223 515 1307 quidquam
533 1223 694 1288 eiusmodi
716 1222 826 1288 Livius
849 1223 1054 1306 significavit.
1089 1223 1255 1289 Praeterea
1273 1230 1344 1298 (628)

109 1328 161 1412 (ac
183 1332 278 1396 velim
297 1334 403 1396 minus
416 1332 597 1396 ⁹exercitati
616 1331 658 1397 ad
676 1332 789 1396 tenuia
805 1331 884 1410 haec,
907 1332 965 1397 sed
984 1333 1168 1398 certissima
1184 1333 1260 1398 falsi

107 1441 239 1523 verique
261 1440 382 1504 indicia
404 1438 590 1519 attendant)
614 1440 822 1505 vitiosissime
845 1440 982 1505 dicitur:
1006 1440 1151 1522 quibus
1175 1448 1259 1506 ute·

108 1556 239 1627 retur,
263 1548 391 1614 donec
421 1569 490 1612 rex
519 1550 798 1631 pervenisset,
830 1549 960 1614 nomine
988 1550 1073 1631 regis
1096 1549 1129 1613 in
1152 1550 1259 1634 prima

108 1658 272 1722 sententia
294 1657 416 1721 omisso
439 1664 472 1720 et
493 1658 527 1720 in
549 1657 765 1740 posteriorem
791 1656 868 1721 inde
898 1656 1095 1741 pendentem
1124 1658 1256 1723 reiecto.

107 1765 197 1830 Nihil
218 1765 424 1849 relinquetur
447 1763 652 1842 offensionis,
681 1765 708 1829 si
737 1765 843 1829 oratio
866 1765 912 1829 sic
935 1765 1094 1830 distincta
1116 1766 1193 1831 erit:
1216 1801 1259 1812 -

109 1874 259 1956 quibus
282 1880 481 1939 uteretur.
526 1872 661 1936 Donec
695 1871 741 1936 ad
775 1871 951 1937 classem
986 1873 1092 1939 dono
1123 1873 1259 1939 datam

109 1984 146 2047 ei
170 1983 273 2066 (ipsas
296 1983 370 2047 illas
391 1982 506 2064 viginti
528 1979 641 2062 naves)
664 2001 733 2045 rex
756 1981 1029 2064 pervenisset,
1051 1981 1086 2046 L.
1111 1980 1257 2048 (lorne-

108 2091 189 2158 lius
208 2091 411 2176 Scipione
434 2089 481 2154 ab
505 2110 548 2154 eo
566 2089 811 2177 abscederet
827 2096 889 2154 oet.
923 2089 1032 2173 Scipio
1050 2111 1110 2174 per
1126 2091 1258 2156 Italiam

108 2199 320 2266 Brundisium
354 2219 464 2280 regem
494 2198 644 2262 comitari
673 2196 830 2275 debebat,
864 2197 920 2263 ubi
949 2219 1007 2263 rex
1040 2220 1139 2264 naves
1172 2198 1258 2265 dono

110 2309 205 2374 datas
229 2328 468 2374 conscensurus
490 2313 571 2372 erat.
616 2304 720 2370 Paulo
744 2312 821 2388 post
843 2303 859 2388 ἕ
886 2310 922 2371 19
947 2306 1168 2372 scribendum:
1202 2309 1258 2391 pi·

109 2417 271 2495 leatum,
295 2417 429 2500 capite
447 2437 548 2494 raso,
572 2415 728 2481 obviam
748 2415 808 2479 ire
830 2414 981 2498 legatis
1000 2415 1083 2498 (cod.
1104 2416 1258 2482 obviam

109 2524 280 2608 legatis)
320 2525 485 2590 solitum
523 2523 800 2605 libertumque
839 2544 881 2588 se
915 2524 1056 2607 populi
1090 2526 1257 2591 Romani

106 2630 235 2714 ferre3
256 2634 347 2699 ideo
375 2633 557 2715 insignia
580 2631 664 2714 (cod.
689 2631 819 2698 ferret
846 2631 954 2709 ideo,
984 2631 1189 2699 addferre
1218 2640 1258 2699 et

106 2740 661 2824 ideo)eiusordinisgerere.
702 2740 808 2823 Ipsius
825 2741 950 2805 Prusiae
973 2741 1006 2804 in
1030 2741 1082 2807 his
1104 2743 1257 2808 extremis
1335 2732 1338 2737 ⁴

107 2842 429 2932 significaturoratio
443 2849 588 2931 (ferre).
612 2848 767 2929 (Ferret
784 2870 845 2932 pro
862 2847 980 2928 ferre,
1004 2855 1041 2913 ut
1058 2848 1075 2931 ἓ
1095 2854 1130 2913 11
1150 2851 1256 2933 igno·

107 2965 243 3024 sceret
263 2994 306 3004 -
328 2958 510 3036 deberet,
534 2955 550 3040 ᾖ
581 2962 619 3021 13
643 2957 869 3040 acciperet,
898 2955 914 3039 ἓ
941 2961 979 3021 15
1001 2957 1255 3040 immolaret.)

193 3067 233 3151 [E
251 3066 442 3151 praefatione
452 3065 534 3130 Livii
551 3086 635 3130 ame
652 3065 852 3147 etUssingio
869 3065 949 3130 editi
960 3065 1032 3130 Vol.
1045 3064 1089 3128 IV
1108 3072 1190 3149 part.
1208 3066 1254 3131 11:

190 3176 228 3240 In
250 3176 433 3259 fragmento
455 3174 532 3240 libri
554 3170 628 3238 XCI
646 3173 746 3257 paulo
763 3180 839 3257 post
855 3174 994 3254 initium,
1017 3174 1075 3239 ubi
1091 3176 1125 3239 in
1142 3176 1254 3268 codice

105 3291 170 3349 est:
204 3284 343 3349 eadem
374 3285 521 3360 virtus,
550 3302 634 3363 quae
663 3281 901 3364 inritante1)
929 3289 1254 3367 oppugnaverat,

104 3394 300 3458 victorem
323 3390 634 3476 placabiliorem
651 3388 760 3469 fecit,
783 3411 850 3455 una
865 3390 977 3456 littera
996 3391 1146 3456 detracta
1164 3389 1254 3472 (qua

104 3523 163 3585 pro
186 3512 283 3586 qua)
307 3500 503 3565 sententiam
531 3500 748 3578 restituimus,
776 3506 813 3563 ut
841 3499 1005 3564 Sertorius
1034 3498 1163 3563 dicatur
1189 3499 1252 3563 vir·

104 3617 174 3677 tute
198 3608 480 3676 Contrebiensium
503 3609 654 3672 irritante
676 3609 790 3672 urbem
813 3628 1026 3692 oppugnasse,
1050 3607 1166 3672 eadem
1187 3608 1252 3672 vic·

102 3725 156 3786 tor
177 3718 373 3803 placabilior
396 3715 502 3782 factus
526 3738 606 3781 esse.
653 3715 750 3793 Quod
771 3715 828 3780 alii
850 3715 998 3781 fecerant
1020 3717 1250 3794 irritantes,

98 3828 346 3912 ,perversissime
379 3827 481 3890 virtus
516 3806 652 3890 Sertorii
684 3825 806 3889 dicitur
839 3845 1046 3908 oppugnasse
1078 3825 1250 3889 irritantes

103 3936 280 4020 eademque
298 3936 407 4019 ipsum
424 3933 619 4019 placabilem
641 3932 767 3998 fecisse.
800 3933 903 3998 Paulo
926 3932 1022 4009 inira,
1045 3932 1102 3998 ubi
1124 3932 1248 3998 editur:

102 4024 416 4111 referresetera
438 4063 546 4108 arma
568 4041 721 4107 milites
743 4043 868 4107 iussit
884 4078 927 4086 —
944 4061 1128 4123 novaque
1150 4042 1248 4105 viris

130 4291 153 4356 ¹)
174 4288 328 4360 [Kruegero
352 4293 423 4341 teste
449 4291 545 4357 potest
562 4293 590 4340 et
608 4287 778 4341 irritante
800 4285 886 4339 fuisse
908 4290 937 4338 et
959 4285 1178 4350 inritantem,
1197 4283 1248 4338 sed

171 4380 202 4428 ut
218 4374 272 4427 hoc
291 4374 466 4445 probabilius
485 4371 540 4440 sit]
982 4440 1016 4492 48
