2994 5108
682 478 743 539 209
1162 490 1223 544 Lib.
1242 490 1289 544 Jx.

129 660 290 743 simplicis
332 661 490 725 orationis
525 668 559 725 et
593 662 723 744 elegans
758 663 908 728 videatur
942 663 1076 727 media
1109 662 1193 727 labi
1227 664 1290 726 via

131 769 342 834 interduo
366 767 605 852 consilia.]¹)

220 875 299 962 Cap.
326 882 379 957 13,
408 884 443 941 4:
479 878 625 962 Itaque
655 902 733 945 non
761 880 844 945 fusi
873 881 985 945 modo
1013 880 1155 945 hostes
1185 877 1290 959 (Sam-

129 986 218 1050 nites
246 1007 266 1050 a
295 985 331 1063 Q.
356 986 498 1052 Publilio
529 987 680 1069 consule)
710 995 819 1068 sunt,
855 988 924 1053 sed
952 1011 999 1053 ne
1029 988 1180 1053 castris
1204 990 1290 1070 qui-

131 1094 220 1159 dem
249 1097 334 1161 suis
362 1095 503 1178 fugam·
524 1095 726 1180 impedire
757 1099 849 1162 ausi
876 1097 1065 1181 Apuliam
1094 1097 1291 1180 dissipati

130 1204 303 1288 petiere.
355 1205 441 1283 Quid
471 1207 516 1270 sit
544 1206 696 1271 castris
720 1207 804 1271 suis
828 1206 963 1288 fugam
986 1205 1197 1289 impedire,
1225 1229 1291 1271 non

129 1311 303 1394 intelleg03
331 1312 557 1394 intellegerem
579 1314 736 1393 fortasse,
767 1315 795 1378 si
826 1322 912 1378 esset
941 1315 1095 1379 castris
1124 1315 1291 1379 tuendis

128 1421 267 1504 sugam
288 1420 498 1506 impedire,
521 1421 585 1486 etsi
603 1443 643 1485 ne
662 1423 709 1486 sic
728 1422 859 1505 quidem
883 1423 1132 1505 impediendi
1154 1423 1291 1487 verbum

129 1529 173 1593 de
201 1528 278 1612 fuga
305 1528 507 1595 retardanda
536 1536 636 1610 atque
660 1530 928 1614 interrumpendae
951 1539 1065 1614 aptum
1088 1538 1184 1595 esset.
1236 1532 1291 1596 Vi-

129 1636 290 1716 dendum,
319 1659 360 1702 ne
385 1637 496 1702 Livius
519 1637 553 1701 id
575 1639 682 1721 ipsum
705 1640 852 1720 posuerit
874 1639 1024 1718 verbum,
1054 1661 1118 1722 quo
1142 1641 1175 1703 in
1199 1660 1291 1704 enar-

130 1745 236 1810 rando
259 1746 457 1827 Doeringius
480 1767 559 1811 usus
583 1754 642 1824 est,
664 1747 902 1828 inhibere.²)

220 1852 296 1938 Cap.
324 1859 377 1931 16,
410 1860 448 1919 13
472 1854 543 1937 (ubi
572 1854 612 1919 de
636 1854 671 1918 L.
695 1855 827 1938 Papirio
852 1855 994 1921 Cursore
1018 1855 1140 1939 agitur)
1164 1855 1291 1919 Livium

131 1961 255 2027 dixisse
289 1964 435 2028 virium
468 1964 519 2042 ri,
553 1963 674 2047 plurali
708 1971 741 2028 et
775 1963 934 2047 singulari
964 1964 1110 2029 eiusdem
1140 1963 1291 2028 vocabuli

129 2069 246 2135 formis
278 2077 438 2155 tanquam
468 2072 604 2136 diversis
633 2071 802 2137 vocabulis
831 2074 1026 2153 coniunctis,
1059 2094 1177 2156 porum
1207 2093 1287 2136 sanc
1307 2092 1377 2160 (177)

130 2200 172 2244 co
206 2178 405 2259 defenditur,
440 2179 528 2262 quod
561 2180 649 2263 apud
679 2179 865 2245 Cornelium
899 2183 1060 2265 Nepotem
1090 2181 1248 2263 Thrasyb.
1275 2186 1289 2243 1

130 2287 257 2354 editur:
292 2288 341 2352 ad
376 2289 482 2352 vires
512 2289 668 2370 vimque
698 2290 967 2371 pugnantium
997 2312 1070 2354 cum
1099 2288 1292 2352 inanissima

128 2395 362 2479 tautologia.³)
412 2397 487 2460 Vini
517 2396 645 2479 cibique
671 2398 903 2481 capacissimos
926 2418 1032 2481 neque
1055 2396 1212 2461 viribus
1235 2417 1291 2462 ne·

164 2650 187 2717 ¹)
209 2649 225 2720 §
244 2653 261 2706 6
279 2658 405 2717 tamen,
433 2653 508 2719 quod
531 2658 608 2706 recte
632 2657 699 2720 post
722 2671 818 2721 quarn
842 2658 890 2706 ant
913 2652 1128 2720 aliquamdiu
1149 2652 1293 2720 interponi

201 2743 329 2807 poteret,
357 2737 603 2791 ll‘eissenbornius
634 2738 775 2792 intellexit
801 2755 886 2808 prave
919 2738 1061 2806 interponi
1086 2738 1162 2790 inter
1189 2753 1292 2806 pugnae

203 2829 369 2877 sustentatae
397 2841 493 2876 sarisas
512 2830 542 2876 et
559 2824 676 2876 verbum
694 2825 942 2878 sustinuerunt.
976 2826 1035 2877 Ant
1058 2823 1236 2877 scribendum
1255 2823 1293 2876 vi·

202 2908 297 2963 deiru:
323 2909 509 2962 adiuvabat
527 2909 681 2962 imbellis
700 2910 891 2963 multitudo
911 2912 1075 2975 certaruen,
1093 2908 1293 2977 Fregellani

203 2995 447 3048 sustinuerunt
465 3002 513 3049 aut
531 2995 688 3049 tollendum
706 3001 825 3048 tamen.
864 2995 959 3061 (1861.)

158 3079 185 3147 ¹)
204 3080 316 3134 Eodem
345 3098 405 3149 cup.
431 3078 446 3148 ᾗ
474 3084 505 3134 10
529 3081 619 3134 codex
646 3080 815 3150 archetypus
843 3080 954 3147 habuit,
982 3087 1013 3135 ut
1037 3080 1142 3133 oditur:
1175 3079 1294 3133 consul

200 3166 340 3220 victore
359 3167 517 3220 exercitu
536 3166 692 3232 advenit3
711 3184 762 3220 nce
781 3174 874 3220 tamen
894 3166 985 3219 omnis
1005 3165 1145 3220 dubitatio
1165 3165 1199 3216 de
1217 3181 1291 3232 prae·

202 3252 347 3322 positione
381 3269 454 3305 oum
487 3252 618 3308 addenda
646 3252 810 3306 excluditur.
860 3250 932 3304 Nam
960 3252 1037 3320 quod
1061 3252 1165 3304 usitate
1192 3250 1294 3303 dicitur

203 3355 344 3406 magno,
368 3337 557 3405 instructo,
580 3338 711 3391 infesto
731 3337 889 3392 exercitu
908 3337 1039 3404 venire,
1064 3337 1111 3389 nbi
1132 3341 1179 3389 aut
1198 3335 1292 3404 copia·

199 3441 266 3477 rum
293 3439 425 3477 numerus
455 3429 503 3476 eut
526 3423 626 3476 modus
651 3428 679 3476 et
701 3423 793 3476 forma
816 3423 900 3476 eundi
923 3422 1110 3490 significatur,
1143 3440 1200 3476 non
1226 3439 1292 3475 eon·

200 3510 285 3563 tinuo
319 3508 393 3563 idem
421 3509 558 3562 ablativus
586 3510 647 3563 sine
673 3510 875 3578 praepositione
901 3509 1031 3563 veniendi
1060 3508 1153 3561 verbis
1180 3507 1295 3561 additur

202 3594 341 3649 adiuncto
367 3594 504 3647 eiusmodi
523 3595 676 3659 adiectiro‚
705 3595 780 3662 quod
804 3596 942 3649 exercitus
965 3594 1096 3648 habitum
1119 3599 1147 3647 et
1169 3593 1295 3663 proprie·

200 3684 293 3734 tatem
316 3679 457 3748 significet
480 3681 624 3747 (victore
652 3680 810 3734 exercitu
833 3671 1020 3746 advenire).
1065 3679 1153 3733 Paulo
1179 3679 1295 3747 propius

202 3770 250 3821 est
272 3782 364 3818 novo
388 3767 545 3821 exercitu
569 3764 753 3835 proficisci
776 3766 822 3833 IV,
845 3768 887 3832 46,
908 3768 952 3831 123
980 3765 1029 3818 cfr.
1050 3765 1135 3819 etiam
1152 3764 1186 3829 X,
1206 3766 1247 3829 25,
1265 3766 1294 3816 4:

201 3849 384 3921 proiectus
410 3856 490 3920 apto
515 3851 673 3905 exercitu
696 3856 728 3903 et
746 3852 823 3920 plus
841 3851 979 3905 fiduciae
998 3867 1034 3904 ac
1054 3852 1124 3918 spei
1144 3853 1294 3918 gerente.

200 3936 267 3991 Lib.
286 3936 341 4002 ΠΙ,
365 3939 413 4002 24,
436 3940 454 3991 8
478 3942 507 3990 et
529 3936 581 4003 IX,
604 3939 652 4002 23,
675 3938 692 3990 6
716 3941 745 3990 et
766 3936 866 4002 XXIII,
891 3939 915 4003 2,
939 3939 955 3990 3
978 3936 1144 4005 praepositio
1167 3935 1293 3998 additur3

202 4022 283 4091 qnod
304 4022 413 4089 XXIII,
435 4025 482 4089 41,
506 4022 522 4074 5
544 4022 648 4090 legitur
669 4028 803 4075 uictore
827 4023 984 4075 exercitu
1007 4022 1122 4074 urbem
1145 4019 1294 4088 aggredi,

201 4109 245 4162 ibi
264 4108 445 4162 instrumenti
464 4108 543 4162 notio
562 4108 664 4161 subest.
710 4107 787 4160 Nihil
811 4106 926 4173 definio;
954 4125 1019 4160 nam
1041 4107 1143 4175 exiguo
1161 4105 1216 4159 fine
1234 4107 1295 4159 haec

203 4199 386 4264 separantnr5
406 4193 474 4263 quid
492 4199 587 4249 tamen
606 4191 725 4258 differat,
745 4192 930 4246 animadverti
949 4194 1027 4246 volo.

154 4284 185 4351 ⁸)
208 4279 398 4335 Scribendum
426 4279 551 4334 videtur:
584 4278 624 4332 ud
652 4279 745 4332 vires
776 4295 940 4346 usumque
968 4277 1218 4347 pugnantiuma
1241 4276 1297 4330 etsi

204 4383 260 4436 pro
279 4367 387 4420 incerto
407 4365 502 4419 locum
519 4364 679 4432 relinquere
697 4369 822 4432 praestat.

1035 4469 1067 4518 14
