2994 5108
677 494 739 553 ‘213
1160 505 1221 558 Lib.
1240 503 1288 556 IX.

137 699 245 760 qnam
276 685 427 762 aperta
456 681 561 757 acie,
595 714 638 723 —
665 677 962 757 laboravimus3
999 679 1192 759 equitem,
1227 699 1289 741 sa·

136 788 260 869 gittas
283 795 345 852 cet.
390 787 522 869 Equitis
551 789 675 852 mentio
705 788 815 869 priore
843 786 915 850 loco
940 787 1079 850 accessit
1102 785 1144 850 ab
1169 786 1290 869 aliquo.

136 897 182 960 cui
211 918 329 979 pamm
357 897 463 960 visum
492 903 544 961 est
567 898 732 961 Romanos
761 896 867 959 altero
891 894 999 975 (longe
1030 895 1174 978 potiore)
1200 916 1290 958 exer·

135 1005 215 1069 citus
243 1024 364 1085 genere
393 1005 533 1069 invictos
561 1004 634 1068 dici.
691 1003 826 1083 (Parum
860 1004 1032 1087 probabile
1062 1010 1127 1069 est.
1161 1002 1290 1067 Livium

135 1113 318 1196 scripsisse:
347 1113 557 1195 Nunquam
581 1134 601 1177 a
623 1113 761 1196 pedite
785 1113 918 1185 hoste,
950 1112 1083 1183 deinde,
1112 1113 1290 1195 praeposito

134 1221 185 1285 illo
214 1242 416 1303 nunqnam
439 1221 486 1285 ab
509 1223 663 1303 equite,
698 1228 876 1284 retractum
901 1242 940 1285 eo
964 1242 1036 1285 asse
1059 1221 1188 1284 hoste.
1244 1220 1287 1283 Et
1305 1241 1376 1303 (130)

134 1350 265 1413 prorsus
289 1329 439 1394 abundat
461 1329 603 1409 hoste.)
626 1364 669 1372 -
699 1328 858 1411 Superest
880 1331 913 1392 in
936 1329 1044 1394 medio
1071 1330 1178 1412 capite
1202 1350 1291 1392 men-

134 1438 206 1503 dum
229 1437 373 1503 obscuro
396 1437 517 1502 codicis
541 1439 684 1502 omnium
708 1439 824 1520 optimi
843 1438 963 1502 indicio
983 1437 1173 1502 tollendum.
1206 1436 1291 1500 Nam

135 1544 194 1628 §7
229 1547 279 1612 sic
308 1546 433 1611 editur:
480 1547 595 1610 Arma
624 1546 782 1628 clipeus
813 1547 1037 1630 sarisaeque
1073 1546 1178 1618 illis,
1214 1546 1289 1610 Ro·

134 1677 243 1721 mano
275 1661 450 1732 santum,
479 1656 610 1719 maius
634 1655 824 1737 corporis
849 1662 1138 1738 tegumentum.
1169 1660 1207 1718 et
1230 1654 1290 1737 pi·

135 1763 209 1828 lum
239 1771 302 1827 cet.
361 1762 506 1828 Offendit
537 1765 572 1826 in
605 1763 714 1845 priore
750 1762 896 1827 membro
926 1763 1133 1846 inaequalitas
1163 1763 1290 1826 numeri

136 1870 302 1956 (clipeus
325 1871 572 1952 sarisaeque),
601 1892 639 1935 eo
663 1871 796 1953 quidem
815 1872 927 1952 magis,
953 1871 1042 1953 quod
1067 1872 1290 1952 sarisaeque

136 1985 244 2064 aptum
273 1987 326 2045 est
352 1979 474 2064 plurali
501 1979 606 2057 illis,
637 1987 754 2044 contra
776 1986 952 2055 scutum,
981 1980 1107 2063 pilum
1131 1979 1290 2061 singulari

136 2087 316 2153 Romano.
362 2087 581 2153 Attendamus
604 2089 720 2169 igitur,
749 2089 782 2152 in
805 2088 839 2152 M
863 2089 962 2153 scribi
985 2110 1094 2152 arma
1118 2089 1290 2152 cluisset

137 2216 238 2261 arina
267 2196 444 2261 cluisset
473 2198 696 2279 sariseque.
747 2196 785 2259 In
815 2218 855 2260 ea
884 2198 1064 2280 scriptura,
1094 2197 1213 2260 vitiosa
1236 2217 1289 2277 ge·

137 2305 310 2371 minatione
333 2303 473 2382 sublata,
497 2305 596 2369 inest:
626 2325 735 2368 arma
758 2304 885 2384 clupei
909 2311 1037 2367 esseut
1061 2305 1289 2386 sarisaeque

136 2411 233 2494 illia,
278 2414 457 2478 Romano
497 2420 575 2490 cet,
621 2420 752 2477 servata
787 2434 826 2476 ea
860 2415 1019 2477 orationis
1054 2413 1289 2477 condicionalis

138 2518 250 2602 forma,
285 2542 359 2604 quaa
392 2522 427 2584 in
460 2521 577 2584 ceteris
613 2528 678 2599 est,
717 2521 975 2604 imperfectoque
1004 2528 1167 2605 tompore,
1202 2520 1291 2604 quod

139 2631 279 2712 proxime
303 2628 794 2714 praecedit(trahe1·et—ad
817 2631 1291 2713 manum—supplemen-

139 2742 211 2802 tum
234 2737 370 2818 esset).
416 2735 511 2817 (1861
537 2737 737 2819 et1875.)¹)

217 2844 298 2929 Cap.
322 2849 374 2925 26,
402 2849 420 2908 7
445 2845 516 2927 (ubi
539 2846 649 2928 agitur
672 2845 712 2910 de
736 2846 876 2911 occultis
899 2848 1083 2931 principum
1107 2845 1290 2929 Campano-

141 2972 204 3018 mm
227 2953 512 3020 coniurationibus
543 2962 576 3018 et
598 2952 633 3017 C.
656 2954 775 3018 blaenio
805 2954 845 3018 ob
876 2976 947 3019 eam
971 2976 1105 3019 oausam
1129 2956 1290 3020 dictatore

143 3059 254 3145 dicto):
284 3062 432 3146 lugens
462 3069 551 3126 erat
573 3063 851 3144 magistratus
875 3064 963 3127 eius
987 3062 1189 3145 (dictaturae)
1212 3072 1289 3128 ter-

142 3188 211 3250 rcr;
246 3172 388 3254 itaque
424 3171 507 3234 sive
544 3172 665 3235 timor
693 3193 760 3235 seu
790 3173 1058 3236 conscientiae
1087 3174 1144 3236 ris
1174 3171 1289 3236 Cala·

142 3277 219 3344 rios
253 3278 396 3344 Ovium
428 3278 679 3362 Noviumque
713 3279 772 3359 (ea
812 3281 952 3363 capita
985 3281 1290 3345 coniurationis

144 3380 335 3468 inerant),
375 3388 614 3470 priusquam
653 3390 963 3453 nominarentur
1010 3390 1120 3471 apud
1160 3389 1290 3453 dicta·

145 3494 277 3572 torem,
307 3516 414 3559 mors
441 3495 547 3560 baud
575 3496 694 3560 dubie
723 3497 770 3562 ab
793 3499 899 3580 ipsis
923 3498 1109 3562 conscita
1131 3497 1289 3562 iudicio

147 3601 359 3669 subtraxit.
412 3603 522 3669 Sensit
546 3604 745 3684 GronoviuS‚
774 3607 979 3671 incommode
1007 3614 1041 3670 et
1064 3627 1164 3689 prave
1187 3609 1291 3673 nomi·

146 3712 253 3777 nativis
275 3711 359 3776 illis:
383 3713 505 3777 timor
519 3715 839 3778 -conscientiae
863 3715 923 3778 vis
947 3714 1290 3800 supperaddi-deinde

149 3813 251 3884 adum:
284 3841 408 3899 mers;
441 3842 518 3885 nam
552 3823 580 3886 si
613 3821 724 3886 Livius
759 3821 842 3886 duas
876 3822 949 3886 illas
978 3830 1137 3905 tanquam
1165 3824 1290 3906 species

151 3931 302 3993 tammum
324 3931 440 3994 mortis
463 3931 594 3995 nomine
612 3953 671 4013 per
689 3931 929 4015 appositionem
947 3931 1059 3995 addito
1079 3931 1291 4014 comprehen-

154 4089 365 4109 'Na-*-

176 4193 195 4261 ¹)
210 4197 272 4269 Cap.
293 4202 336 4265 22,
358 4202 374 4253 3
392 4216 509 4268 prorsus
528 4202 641 4271 defugio
660 4205 862 4272 testimonium,
881 4205 917 4257 ad
936 4203 1010 4271 quod
1030 4220 1046 4255 a
1063 4203 1290 4256 Weissenbornio

207 4284 287 4352 citor,
308 4283 537 4355 Gronoviumque
557 4305 658 4356 aequor
677 4290 859 4344 scribentem:
884 4289 918 4342 id
937 4289 1065 4343 bellum
1083 4294 1216 4343 tantum
1235 4288 1292 4340 du·

212 4387 301 4436 cere3
321 4371 438 4425 alterum
457 4390 493 4426 ne
513 4374 639 4427 umbram
658 4375 769 4442 quidem
788 4393 861 4428 verre
881 4375 1026 4428 sententiae
1045 4375 1137 4428 habet.
