2994 5108
182 473 246 530 Lib.
264 474 297 530 V.
313 510 318 515 -
734 460 794 523 150

183 647 288 712 mauis
315 644 454 711 haberet
480 666 602 710 numen
630 643 755 710 cultum
784 644 1009 727 neglectumve
1038 648 1072 709 et
1100 644 1142 711 ob
1172 665 1245 710 cam
1272 665 1345 709 rem

182 755 364 838 propitium
391 754 568 833 iratumre,
595 751 659 819 hoc
682 759 746 833 est,
774 773 895 837 magna
917 774 989 818 esse
1010 753 1045 817 in
1066 760 1241 837 utramque
1264 773 1344 837 par·

183 868 251 927 tem
284 867 467 926 monente
495 862 636 926 numinis
665 861 746 926 culti
776 860 993 944 neglectique.
1050 859 1104 927 Sic
1131 862 1234 945 igitur
1262 861 1343 927 scri·

181 969 325 1035 bendum
348 974 409 1049 est,
433 970 568 1035 sublata
589 970 832 1052 permutatione
854 991 921 1035 non
944 968 1154 1053 infrequenti.
1186 968 1342 1051 (Monu-

182 1084 358 1149 mentum
391 1098 451 1161 pro
485 1084 724 1142 momentum
757 1079 791 1142 in
825 1077 937 1144 codice
966 1076 1146 1160 archetypo
1175 1076 1278 1142 fuisse
1308 1076 1344 1141 in

183 1185 269 1251 libro
292 1185 321 1265 Ι,
351 1190 403 1264 47,
431 1191 460 1264 6,
492 1184 672 1250 ostendunt
693 1185 870 1266 MPL1H13
900 1185 987 1250 idem
1009 1187 1044 1250 in
1065 1184 1152 1265 XXI,
1180 1190 1210 1266 4,
1241 1184 1344 1251 ade-

185 1293 291 1358 clarat
324 1315 503 1359 consensus
537 1293 659 1358 codicis
688 1292 869 1359 Colbertini
898 1299 931 1358 et
959 1292 1099 1358 Medicei
1129 1292 1344 1377 aliorumque.

183 1401 294 1467 Etiam
316 1402 357 1482 II,
376 1406 404 1482 7,
426 1406 465 1467 10
481 1402 506 1466 P
524 1401 648 1481 Bamb,
672 1400 729 1466 alii
752 1407 1009 1467 monumento
1032 1423 1093 1485 pro
1115 1399 1344 1483 momento.)

183 1510 227 1575 Et
248 1510 342 1575 video
365 1531 460 1591 nunc,
488 1510 524 1575 id
547 1511 646 1575 etiam
668 1510 733 1573 Iac.
756 1509 963 1575 Perizonium
983 1508 1200 1590 intellexisse3
1233 1529 1346 1593 neque

183 1623 297 1683 tamen
330 1618 566 1683 emendationis
598 1618 723 1682 iniuria
758 1618 915 1700 neglectae
944 1617 1260 1683 commendationem
1288 1616 1346 1683 de·

185 1728 253 1793 lere
276 1726 375 1792 volui.

270 1833 348 1920 Cap.
373 1837 428 1915 53,
463 1838 480 1898 5
510 1833 559 1915 (in
587 1834 704 1899 eadem
727 1833 907 1916 oratione):
941 1833 991 1899 Et
1014 1832 1126 1899 Galli
1154 1840 1344 1898 evertere

183 1949 410 2029 potuerunt
443 1944 617 2021 Romam,
653 1963 767 2024 quam
800 1942 971 2008 Romani
1006 1942 1233 2007 restituere
1266 1962 1347 2007 non

182 2052 431 2117 videbuntur
452 2050 664 2134 potuisse?
686 2049 776 2114 Nihil
798 2051 907 2134 potuit
928 2051 1114 2135 perversius
1131 2049 1344 2133 interrogari.

100 2171 170 2243 (127)
189 2158 297 2237 Quaeri
321 2161 407 2224 enim
430 2158 580 2237 debebat,
604 2157 917 2223 committendumne
941 2164 1038 2237 esset,
1060 2165 1107 2238 ut,
1130 2178 1230 2241 quam
1254 2157 1346 2223 Galli

184 2268 300 2333 urbem
328 2274 475 2333 evertere
504 2267 704 2350 potuissent,
738 2265 877 2331 eandem
905 2268 1047 2333 Romani
1077 2267 1222 2350 posteris
1250 2266 1344 2332 vide-

131 2374 134 2379 ’
185 2381 300 2441 rentur
332 2376 509 2440 restituere
542 2396 611 2438 non
643 2375 789 2458 potuisse
824 2374 899 2456 (hac
931 2373 1051 2439 forma:
1085 2374 1135 2440 Et
1167 2375 1343 2441 Romani

184 2483 436 2548 videbuntur
457 2483 616 2548 Romam
639 2482 864 2547 restituere
886 2504 964 2548 non
987 2484 1192 2567 potuisse,
1225 2502 1346 2564 quarn

186 2591 297 2657 Galli
332 2589 605 2670 everteruntl,
639 2594 677 2654 ut
704 2589 861 2655 iudicium
884 2592 1090 2675 posteritatis
1114 2590 1154 2656 de
1178 2590 1346 2656 Romano-

184 2722 258 2765 rum
286 2699 482 2783 impotentia
509 2720 582 2763 cum
605 2697 777 2763 Gallorum
799 2697 888 2765 facto
913 2705 1105 2783 comparata
1128 2703 1205 2763 ante
1230 2697 1347 2765 oculos

184 2807 393 2893 poneretur);
427 2827 514 2871 nunc
543 2805 701 2871 Camillus
736 2807 936 2891 interrogat,
971 2806 1180 2872 credibilisne
1217 2807 1262 2872 sit
1288 2826 1347 2873 res

185 2924 277 2982 certa
301 2924 334 2981 et
356 2917 461 2995 facta,
497 2933 595 2996 quum
625 2914 765 2979 alteram
793 2914 865 2981 fieri
895 2938 962 2981 non
990 2917 1138 3000 potuisse
1161 2913 1346 2998 aliquando

184 3027 310 3111 posteri
344 3024 522 3089 iudicaturi
555 3024 630 3087 sint.
694 3021 758 3087 Sed
792 3024 882 3089 salva
915 3046 969 3089 res
1004 3030 1055 3089 est
1090 3022 1347 3105 emendatioque

184 3141 255 3199 tam
276 3132 465 3213 manifesta,
500 3138 537 3195 ut
569 3130 695 3195 nullum
729 3133 773 3196 sit
806 3134 928 3197 certius
959 3132 1191 3197 documentum
1219 3131 1347 3197 codicis

185 3243 354 3325 archetypi
378 3241 420 3306 ab
444 3241 554 3321 aliquo
577 3238 724 3323 homine,
758 3240 815 3322 qui
845 3242 988 3305 oscitans
1016 3240 1117 3305 verba
1146 3240 1350 3305 sententias·

59 3378 61 3382 ³
185 3371 250 3434 que
277 3349 363 3413 male
387 3349 583 3432 copulasset,
608 3348 810 3431 interpolati.
862 3349 948 3412 Nam
976 3370 1076 3433 quum
1098 3347 1211 3413 Livius
1240 3350 1350 3433 scrip·

185 3459 283 3522 sisset
300 3457 472 3521 notissima
491 3455 716 3537 interrogandi
734 3464 768 3520 et
786 3458 968 3540 argumenti
986 3455 1203 3521 concludendi
1221 3455 1349 3522 forma:

184 3565 237 3631 Et
265 3564 374 3629 Galli
402 3566 566 3629 Romam
602 3570 788 3628 evertere
816 3571 1060 3648 potuerunt,
1089 3564 1259 3630 Romani
1288 3586 1350 3630 re·

186 3673 364 3738 stituere
387 3695 462 3737 non
486 3672 738 3737 videbuntur
759 3673 969 3755 potuisse?
993 3672 1049 3737 ille
1071 3671 1180 3751 homo,
1203 3673 1351 3738 interro-

186 3782 329 3864 gationis
348 3780 488 3864 duplicis
507 3800 662 3845 connexae
679 3780 857 3860 immemor,
877 3802 993 3862 quam
1010 3780 1149 3845 addidit.
1185 3779 1350 3862 (Gramm,

187 3888 260 3954 Lat.
283 3886 300 3971 ἐ
323 3892 401 3968 438;
424 3887 581 3952 Emendd.
606 3885 672 3953 Cic.
697 3888 811 3954 libror.
834 3889 952 3972 philos.
977 3912 1008 3973 p.
1033 3893 1073 3953 39
1096 3887 1219 3973 sqq‚)¹)

215 4158 238 4227 ¹)
258 4156 353 4227 [Initio
384 4159 467 4213 huius
499 4159 601 4228 capitis
636 4157 771 4211 debuerat
802 4159 927 4214 animum
959 4176 1083 4229 pungere
1114 4177 1173 4214 non
1205 4163 1285 4214 recte
1318 4160 1352 4216 in

255 4244 414 4298 obiiciendo
443 4249 607 4312 argumento
637 4242 695 4297 sed
725 4260 778 4312 pro
814 4250 849 4298 at
875 4245 1006 4315 positum.
1060 4245 1142 4300 Nunc
1169 4244 1232 4299 cod·
1256 4244 1283 4299 V
1307 4245 1352 4301 la·

255 4346 369 4395 cunam,
396 4329 476 4383 cuius
498 4329 607 4383 nullum
629 4329 756 4397 alioquin
778 4330 913 4385 indicium
937 4336 1011 4399 erat,
1040 4330 1166 4385 ostendit
1187 4335 1217 4384 et
1239 4330 1353 4402 explet,
