3000 5116
683 449 745 511 255

137 638 256 722 aliquis
278 636 473 722 suspicetur,
496 656 610 701 eorum
632 633 760 719 aliquos
778 633 925 719 Spirensi
947 637 1114 721 proximos
1133 644 1292 722 tanquam

138 747 279 812 vicarios
307 745 341 810 in
369 745 440 809 eius
469 742 578 809 locum
600 742 775 809 succedere
798 749 832 808 et
853 743 1066 826 desiderium,
1100 747 1127 812 si
1149 768 1215 813 nou
1237 768 1291 811 ex-

136 856 238 943 plcre,
259 860 295 919 at
310 853 429 919 saltem
446 873 566 937 magna
582 872 624 917 ex
639 857 735 936 parte
752 852 857 917 lenire
870 851 921 934 (ut
937 854 970 918 in
988 855 1096 938 prima
1106 861 1202 940 parte
1215 855 1292 921 libri

139 963 283 1030 vicesimi
300 962 458 1027 Puteanei
476 960 678 1027 desiderium
695 960 823 1025 leniunt
833 960 1000 1028 Mediceus
1017 968 1051 1028 et
1063 961 1294 1046 (lolbertinus)‚

138 1095 179 1140 ne
195 1073 258 1139 hoc
277 1069 409 1154 quidem
427 1069 581 1135 solatium
598 1074 656 1134 aut
672 1090 757 1134 nunc
773 1089 891 1152 magno
910 1091 1011 1155 opere
1035 1071 1131 1137 adest
1150 1078 1210 1137 aut
1222 1073 1292 1136 eius

141 1183 204 1247 nisi
227 1180 337 1246 tenuis
360 1200 436 1263 spes
459 1177 652 1244 ostenditur.
709 1177 754 1243 Ut
782 1179 883 1259 enim,
918 1180 997 1262 quid
1025 1181 1059 1245 in
1089 1181 1152 1247 hoc
1174 1202 1293 1264 genere

142 1289 266 1375 sperari
294 1286 445 1372 efficique
472 1293 601 1372 posset,
635 1293 825 1371 appareret,
859 1286 918 1352 Th.
941 1288 1175 1354 Mommsenius
1204 1296 1293 1354 octo·

141 1399 235 1483 ginta
257 1397 322 1462 duo
346 1395 483 1476 codices,
513 1396 569 1478 qui
591 1394 678 1459 hanc
699 1395 782 1460 Livii
805 1395 963 1462 decadem
986 1404 1044 1462 aut
1066 1397 1127 1462 hos
1150 1396 1294 1481 quinque

141 1508 245 1573 libros
280 1505 501 1583 continerent,
540 1505 574 1568 iu
614 1503 751 1569 delectis
791 1505 979 1588 speciminis
1017 1506 1089 1571 loco
1123 1505 1295 1590 particulis

146 1614 288 1699 (duabus
316 1611 540 1696 amplioribus,
564 1610 620 1676 lib.
649 1611 772 1676 XXVII
795 1633 816 1677 a
839 1633 865 1678 c.
890 1617 939 1693 33,
968 1618 986 1678 b
1010 1613 1053 1679 ad
1074 1635 1101 1679 c.
1126 1617 1175 1694 34,
1201 1619 1239 1679 14
1263 1619 1296 1679 et

143 1724 201 1789 lib.
224 1720 365 1787 XXVIII
394 1741 414 1784 a
442 1741 469 1785 c.
494 1724 549 1800 39,
581 1724 619 1785 16
643 1719 687 1785 ad
709 1741 735 1785 c.
760 1725 815 1800 41,
848 1724 900 1801 12,
928 1723 984 1805 qui
1012 1721 1103 1786 locus
1130 1721 1209 1788 folio
1237 1722 1295 1787 illo

144 1832 266 1898 codicis
290 1828 312 1895 S
334 1834 465 1913 reperto
490 1828 691 1911 continetur)
715 1812 931 1894 conferendos
954 1831 1080 1894 curavit
1102 1832 1295 1915 scripturas·

144 1962 205 2024 que
236 1939 272 2004 in
294 1937 461 2002 Analectis
483 1936 628 2002 Liuianis
651 1936 686 2020 (a
707 1960 738 2021 p.
763 1936 816 2019 32)
841 1937 952 2016 edidit,
981 1938 1200 2023 institutoque
1224 1939 1295 2003 dili-

142 2050 231 2134 genti
263 2047 411 2112 examinc
441 2044 690 2126 demonstrarit,
724 2052 758 2111 et
785 2046 915 2111 codices
944 2043 1072 2131 aliquot
1101 2068 1140 2111 ex
1171 2047 1192 2112 S
1222 2046 1296 2129 (aut

143 2159 213 2243 ipso
242 2161 301 2221 aut
327 2175 387 2238 per
409 2153 637 2236 intermedios)
661 2153 874 2219 describendo
898 2162 989 2219 ortos
1013 2165 1184 2239 superesse
1207 2156 1296 2222 etin

147 2264 274 2331 codices
314 2262 475 2347 quosdam
508 2283 526 2327 e
559 2261 717 2328 Puteanei
757 2263 860 2347 stirpe
895 2268 985 2329 ortos
1019 2285 1084 2329 non
1118 2284 1224 2347 pauca
1257 2285 1296 2327 ex

143 2375 247 2440 altero
264 2372 322 2437 illo
334 2392 453 2454 genere
465 2371 698 2454 comparanda,
717 2370 916 2451 adnotando,
929 2372 1122 2454 corrigendo
1134 2371 1297 2437 translata

144 2505 214 2550 esse
238 2488 273 2546 et
294 2480 493 2545 intermixta.
551 2478 616 2544 Sed
645 2500 805 2545 summam
834 2461 1077 2565 disputationis*
1094 2489 1182 2547 recte
1211 2481 1296 2546 hanc

146 2591 280 2673 collegit
315 2587 361 2674 (p
386 2586 457 2670 69),
500 2587 645 2668 „nullum
678 2587 798 2653 librum
833 2596 963 2654 exstare
997 2597 1055 2655 aut
1089 2596 1177 2655 certe
1211 2590 1298 2655 inter

144 2701 252 2766 adhuc
295 2697 499 2763 examinatos
537 2695 663 2761 nullum
695 2704 861 2781 repertum
896 2719 982 2777 esse,
1023 2699 1079 2783 qui
1113 2698 1298 2782 Spirensem

143 2808 264 2875 librum
293 2810 447 2871 accurate
476 2811 509 2870 et
538 2803 632 2889 plene
655 2805 839 2871 redderet“.
884 2806 969 2872 Nam
991 2814 1026 2873 et
1047 2813 1197 2872 recentes
1222 2814 1298 2871 sunt

145 2938 275 2997 omnes,
309 2915 366 2999 qui
389 2913 432 2979 ad
454 2913 705 2980 alterumutrum
734 2935 773 2978 ex
801 2914 851 2979 his
876 2915 1004 2980 duobus
1027 2915 1201 2999 generibus
1225 2936 1297 2998 per-

144 3027 250 3092 tinent
284 3023 428 3106 (eorum,
463 3023 520 3107 qui
554 3043 594 3088 ex
629 3021 650 3089 S
681 3023 840 3107 originem
873 3023 1011 3103 ducunt,
1051 3024 1297 3108 antiquissimus

144 3125 274 3201 videtur
296 3132 440 3197 Venetus
462 3130 651 3196 Marcianus
679 3133 821 3216 scriptus
845 3153 873 3197 a.
901 3131 1013 3214 1389),
1044 3139 1078 3197 et
1100 3130 1297 3216 permultum

145 3245 259 3323 etiam,
290 3242 347 3324 qui
369 3239 534 3324 Spirensis
563 3240 675 3324 stirpis
704 3248 794 3320 sunt,
824 3263 862 3305 ex
886 3242 1139 3326 interpolatione
1162 3241 1297 3305 alterius

145 3352 256 3437 stirpis
297 3355 515 3432 susceperunt
554 3354 613 3413 aut
651 3348 765 3414 eadem
806 3349 838 3413 in
879 3356 1019 3434 utraque
1054 3357 1204 3431 grassata
1237 3354 1296 3413 est.

144 3459 237 3526 Nunc
274 3457 409 3541 quidem
437 3477 477 3522 eo
506 3458 614 3521 minus
642 3456 755 3521 auxilii
782 3455 859 3521 hinc
887 3459 956 3542 peti
984 3466 1109 3542 potest,
1143 3457 1230 3540 quod
1259 3479 1298 3522 ex

146 3565 314 3633 codicibus
351 3565 529 3631 Puteanea
568 3565 681 3650 stirpis
715 3587 733 3630 e
768 3563 915 3648 Spirensi
956 3567 1057 3650 stirpe
1091 3565 1299 3651 interpolatis

145 3697 227 3741 unus
254 3672 427 3740 Palatinus
454 3675 573 3739 tertius
597 3696 617 3740 a
638 3672 816 3740 Gebhardo
844 3673 983 3740 subinde
1013 3680 1298 3752 commemoratur,

146 3803 258 3850 eorum
289 3787 415 3862 autem,
449 3784 505 3866 qui
539 3789 628 3848 certo
663 3783 706 3847 ad
728 3782 914 3865 Spirensem
944 3785 1068 3867 origine
1097 3783 1230 3865 adiungi
1251 3784 1297 3846 vi·

145 3890 271 3972 dentur,
297 3912 381 3956 unus
403 3889 601 3957 Harleianus
625 3891 765 3957 collatus
789 3898 840 3957 est
862 3891 960 3974 idque
985 3892 1162 3957 admodum
1184 3890 1295 3974 negle-

146 3997 282 4084 genter]
312 3998 430 4084 Itaque
453 3999 549 4065 nobis
573 3999 733 4080 adhibito,
756 3999 813 4065 ubi
831 3998 902 4064 fieri
920 4007 1041 4083 potest,
1065 3997 1221 4081 Spirensi,
1246 4018 1297 4061 ce·

144 4107 296 4191 teroquin
318 4105 487 4173 Puteaneo
518 4107 671 4173 standum
695 4109 766 4188 erit,
789 4114 823 4173 et
846 4108 891 4172 sic
915 4107 955 4172 ad
978 4113 1153 4189 utrumque
1177 4105 1298 4170 autad

144 4213 229 4282 hunc
259 4237 362 4281 unum
390 4217 560 4301 scripturae
583 4216 722 4282 dilectus
745 4224 779 4283 et
800 4217 1038 4283 emendationis
1062 4221 1196 4280 conatus
1219 4213 1297 4277 diri-

146 4324 283 4407 gendus,
311 4331 348 4388 nt
370 4325 501 4407 eadem,
530 4345 604 4410 quae
626 4326 660 4390 in
683 4327 796 4410 primae
820 4325 956 4392 decadis
979 4323 1093 4390 codice
1116 4321 1296 4407 archetypo
