2994 5108
212 484 275 540 Lib.
294 483 389 540 XLIV.
757 472 819 533 678

214 656 359 723 subesse.
392 656 476 720 Nam
493 657 520 720 si
540 676 668 721 asseres
686 655 860 721 hiciterum
882 654 1154 738 significarentur,
1178 655 1363 719 necessario

213 764 423 830 scribendum
446 771 532 828 erat:
566 764 606 828 in
640 785 707 829 eos
741 764 1011 847 aliitasseres.
1057 761 1124 828 Sed
1147 763 1366 846 pratereain

214 872 296 938 duos
317 872 392 937 illos
415 871 538 937 defixos
561 892 689 937 asseres
711 879 933 937 transversum
950 870 1139 952 incumbere
1159 871 1289 952 tignum
1311 890 1365 953 po·

212 987 315 1060 terat3
337 982 371 1046 in
394 1000 520 1045 asseres
543 979 707 1062 quomodo
741 1000 868 1046 asseres
895 981 1022 1063 iniungi
1053 980 1238 1064 potuerint,
1274 999 1364 1044 nemo

213 1088 310 1154 facile
333 1088 462 1153 dixerit.
496 1088 600 1154 Paulo
624 1089 710 1154 infra
732 1086 763 1171 (ᾗ
776 1088 819 1170 7),
843 1088 899 1154 ubi
923 1087 1045 1168 editur:
1069 1087 1145 1152 Ubi
1168 1086 1366 1171 planities

215 1197 349 1262 altera
371 1197 512 1279 pontis
539 1197 774 1280 excepisset
803 1218 885 1276 eos,
919 1217 1059 1262 rursus
1086 1195 1218 1260 simili
1250 1195 1367 1260 ruina

213 1304 435 1370 inferioris
463 1305 603 1387 pontis
633 1304 947 1385 deferebantur,
981 1305 1073 1387 prius
1095 1303 1237 1388 pontis
1261 1302 1367 1368 delen·

215 1414 293 1478 dum
315 1420 414 1496 puto;
439 1433 545 1497 neque
569 1413 654 1477 enim
678 1412 783 1478 solum
805 1415 918 1497 pontis
941 1412 1121 1497 appellatio
1143 1412 1291 1495 repetita
1312 1431 1367 1494 per

215 1525 250 1586 se
274 1519 424 1599 offendit,
455 1542 567 1585 rerum
596 1520 702 1586 altero
732 1520 804 1586 loco
828 1521 1003 1587 manifesto
1026 1519 1191 1599 abundat3
1224 1540 1302 1584 nam
1323 1520 1366 1583 in·

215 1628 316 1694 ferior
338 1628 468 1694 demum
492 1649 569 1712 pars
592 1630 754 1712 superiori
776 1631 944 1696 contraria
965 1630 1106 1713 ponitur.
1141 1627 1268 1709 (1864.)
1312 1625 1329 1711 ἐ
1349 1630 1366 1690 9

215 1745 249 1803 et
273 1741 313 1801 10
351 1737 406 1810 (de
435 1736 592 1803 Romanis
622 1737 659 1815 Q.
682 1736 806 1803 Marcio
829 1737 962 1803 consule
996 1737 1083 1802 duce·
1097 1757 1160 1820 ¹per
1183 1743 1315 1802 montes
1335 1736 1367 1800 in

134 1860 207 1930 (ool)
223 1844 451 1910 Macedoniam
473 1844 752 1929 penetrantibus):
785 1845 911 1911 Nocte
933 1844 982 1911 ad
1010 1844 1208 1910 modicam
1236 1843 1367 1928 plani·

214 1955 310 2020 tiem
333 1959 616 2038 pervenerunt,
638 1975 775 2039 neque,
800 1975 848 2019 an
865 1953 1040 2020 infestus
1058 1955 1092 2018 is
1113 1953 1231 2019 locus
1255 1956 1367 2030 esset,

215 2069 364 2146 saeptus
408 2060 604 2144 undique,
649 2060 1012 2145 circumspiciendi
1056 2061 1236 2144 spatium
1281 2059 1367 2124 fuit.

215 2170 289 2235 Vix
321 2170 481 2237 tandem
515 2191 562 2236 ex
594 2171 805 2255 insperato
835 2170 921 2253 (cod.
945 2171 1010 2236 vix
1037 2169 1205 2236 tandem
1232 2167 1366 2252 exspi-

215 2278 321 2360 rato)
345 2277 540 2344 stabilem
562 2278 611 2344 ad
638 2279 923 2345 insistendum
948 2279 1115 2344 nanctis
1141 2277 1276 2343 locum
1303 2295 1367 2360 po·

215 2371 325 2451 stero
348 2407 506 2470 quoque
529 2386 594 2452 die
617 2387 656 2451 in
679 2394 759 2454 tam
782 2409 877 2454 cava
899 2386 1008 2452 valle
1039 2386 1227 2470 opperiri
1256 2383 1366 2467 Popi-

215 2493 310 2559 lium
333 2515 377 2560 ac
400 2494 570 2560 relictas
600 2516 687 2560 cum
715 2517 759 2561 eo
789 2497 930 2580 copias
963 2515 1131 2561 necesse
1159 2493 1250 2559 fuit.
1294 2492 1361 2558 Non

215 2623 351 2685 prorsus
375 2602 563 2668 defenditur
581 2603 748 2687 exemplis,
771 2603 942 2687 inquibus
965 2624 1014 2669 an
1037 2600 1244 2668 deliberandi
1262 2598 1362 2665 verbis

215 2711 398 2790 subiicitur,
426 2713 758 2794 circumspicere,
792 2734 840 2777 an
873 2712 1051 2777 infestus
1080 2713 1135 2776 sit
1157 2711 1272 2776 locus
1295 2709 1360 2792 (pro

216 2821 447 2885 infestusne
481 2828 539 2886 aut
571 2843 617 2885 ne
646 2820 853 2901 infestus);
886 2828 920 2885 et
942 2819 1095 2885 infestum
1118 2818 1230 2897 fuisse,
1255 2817 1361 2884 addita

217 2938 367 3013 saeptus
391 2929 566 3010 undique
590 2936 623 2992 et
646 2929 685 2992 in
707 2937 788 2992 tam
811 2949 908 2993 cava
930 2928 1037 2993 valle
1061 2927 1242 2992 declarant.
1285 2924 1361 2990 Bel·

216 3038 314 3103 kerus
349 3037 481 3122 quidem
514 3037 655 3119 saeptis
696 3036 794 3101 scribi
828 3037 947 3117 voluit3
982 3036 1039 3101 sed
1074 3036 1185 3118 saeptis
1219 3043 1360 3119 potestas

217 3145 501 3228 circumspiciendi
530 3145 637 3221 deest,
671 3166 737 3211 non
760 3146 902 3229 spatium
931 3143 1104 3227 (tempus);
1138 3165 1198 3208 our
1227 3145 1361 3226 spatium

217 3277 282 3320 non
315 3255 427 3332 fuerit,
452 3254 606 3336 proximis
630 3252 817 3318 declaratur
846 3254 952 3319 verbis
986 3253 1065 3334 (vix
1093 3250 1260 3316 tandem
1283 3255 1360 3326 oet),

218 3379 290 3444 quae
314 3362 574 3445 interpungendo
597 3360 682 3424 mals
705 3361 747 3426 ad
770 3362 909 3427 alteram
932 3361 1130 3427 sententiam
1145 3367 1259 3425 tracta
1279 3366 1359 3435 sunt,

217 3492 323 3552 neque
346 3472 444 3549 enim,
468 3469 557 3551 quod
580 3471 632 3533 vix
654 3469 787 3534 tandem
810 3470 963 3535 stabilem
985 3470 1094 3534 locum
1116 3469 1258 3534 Romani
1281 3466 1360 3532 nacti

219 3586 329 3655 erant,
366 3578 508 3642 cohaeret
532 3598 604 3642 cum
627 3579 824 3643 necessitate
849 3577 1017 3655 manendi,
1045 3584 1082 3642 ut
1112 3577 1218 3660 copiae
1247 3576 1359 3641 relicta

178 3686 180 3689 ’
218 3694 508 3769 consequerentur.
569 3686 607 3749 ln
646 3686 758 3750 codice
791 3694 856 3751 est:
891 3691 1167 3770 pervenerunt
1200 3701 1360 3766 nequam

217 3794 396 3860 infectus
430 3802 490 3858 cet.
538 3793 752 3858 scribendum
786 3794 885 3876 igitur
919 3801 970 3860 est
997 3814 1062 3857 una
1095 3792 1213 3858 addita
1240 3793 1358 3857 littera:

218 3909 503 3987 pervenerunt,
538 3920 620 3979 nec,
656 3922 771 3984 quam
805 3902 979 3967 infestus
1019 3903 1051 3966 is
1090 3901 1213 3966 locus
1247 3905 1357 3974 esset,

220 4018 371 4093 saeptus
394 4011 587 4094 undique,
617 4010 980 4093 circumspiciendi
1003 4011 1181 4092 spatium
1203 4008 1284 4073 fuit
1304 4008 1357 4070 rix

218 4118 380 4182 tandem
422 4139 469 4183 ex
511 4119 722 4200 insperato
757 4118 960 4183 stabilem
992 4117 1043 4183 ad
1081 4117 1357 4183 insistendum

218 4227 391 4290 nanctis
413 4226 560 4291 locum.
602 4225 781 4290 Postero
804 4247 971 4310 quoque
995 4226 1063 4291 die
1086 4233 1148 4291 oet.
1184 4225 1356 4290 Necessitas

219 4334 330 4397 statim
344 4334 570 4415 requiescendi
585 4334 727 4416 spatium
740 4334 1023 4419 circumspiciendi
1033 4334 1166 4400 ademit.
1192 4332 1260 4417 [Sic
1273 4332 1357 4398 etiam
