3000 5116
706 481 768 540 477
1116 489 1180 546 Lib.
1199 489 1313 544 XXXII.

157 663 315 747 fruendus
348 661 477 728 locatus
511 669 560 726 est
593 684 652 745 pro
687 664 850 745 portorio,
885 668 944 726 aut
978 661 1207 744 portorium
1242 659 1313 725 Ca·

157 781 282 841 strum
316 771 534 856 appositionis
567 770 674 836 forma
702 772 912 852 coniungitur
941 769 1012 850 (der
1042 768 1112 833 Zoll
1136 766 1312 850 Castrum),

156 882 188 947 h.
202 903 240 961 e.‚
264 880 455 963 portorium,
478 877 567 962 quod
590 878 632 942 ad
656 876 807 942 Castrum
836 879 994 960 exigatur.
1035 876 1134 941 Venit
1156 878 1257 941 etiam
1279 876 1312 940 in

157 996 300 1055 mentem
323 986 424 1053 scribi
440 1006 551 1070 posse:
574 987 669 1049 item
693 985 741 1049 ad
765 983 950 1051 Castrum
973 986 1210 1068 portorium,
1233 984 1254 1048 i.
1274 1006 1312 1063 e.‚

156 1097 341 1182 portorium
363 1094 406 1159 sd
430 1091 592 1158 Castrum.
643 1093 835 1158 Portoria
858 1093 1007 1158 additum
1029 1092 1175 1171 videtur,
1209 1112 1311 1174 quum

154 1227 221 1270 non
260 1203 507 1285 intellegeretur
545 1201 789 1265 venalicium
822 1206 1061 1285 putareturque
1095 1199 1206 1264 Livius
1239 1200 1310 1263 uni·

155 1333 248 1377 verse
288 1310 329 1375 de
368 1310 514 1375 omnium
552 1309 771 1392 portoriornnr
804 1310 968 1374 locatione
1001 1328 1148 1373 narrare.
1211 1287 1327 1388 (1863'

155 1416 320 1499 111876.)

240 1523 319 1609 Cap.
343 1528 381 1605 9,
409 1529 428 1590 6
458 1523 648 1609 (postquam
670 1523 782 1591 Livius
811 1532 986 1605 utrumque
1017 1522 1199 1601 consulem,
1233 1543 1308 1606 pro-

153 1635 251 1718 digiis
275 1633 472 1718 procuratis,
499 1634 532 1696 in
555 1632 740 1716 provincias
765 1632 947 1715 profectum
971 1631 1064 1710 dixit,
1089 1629 1161 1695 Sex.
1185 1630 1307 1695 AElium

152 1746 186 1807 in
215 1741 326 1807 Gallia
363 1740 446 1804 nihil
486 1741 698 1804 memorabile
731 1740 901 1822 gessisse):
943 1740 991 1803 Et
1019 1739 1055 1803 T.
1086 1736 1306 1815 Quinctius

123 1915 125 1918 Α
153 1851 261 1914 altor
288 1848 428 1913 consul
457 1849 676 1927 maturius,
711 1870 826 1932 quarn
855 1849 1017 1931 priores
1045 1845 1160 1911 soliti
1190 1853 1307 1910 erant

150 1957 359 2034 consules,
402 1955 667 2020 aBrundisio
702 1978 819 2037 quum
854 1955 1170 2034 transmisisset,
1211 1951 1305 2017 Cor-

151 2086 287 2149 cyram
309 2064 446 2128 tenuit
468 2070 528 2127 cet.
587 2062 712 2127 Vitiose
735 2065 871 2146 ponitur
894 2070 946 2140 et,
975 2063 1070 2145 quasi
1093 2060 1304 2144 significetur,

150 2195 204 2251 ea,
239 2191 312 2256 quae
334 2170 443 2235 Livius
468 2171 508 2234 de
533 2170 683 2247 Quinctio
706 2171 889 2234 traditurus
913 2176 978 2248 est,
1012 2170 1054 2233 ab
1078 2170 1133 2247 iis,
1168 2189 1240 2251 quae
1264 2167 1304 2233 de

149 2280 235 2345 AElio
269 2279 413 2344 breviter
447 2278 534 2342 dicta
569 2286 660 2355 suut,
695 2276 775 2341 nihil
810 2277 1011 2359 discrepare,
1046 2277 1134 2360 quod
1167 2296 1303 2360 prorsus

149 2393 266 2451 contra
288 2392 349 2450 est.
400 2384 481 2449 Orta
504 2393 554 2450 est
576 2386 747 2468 particula,
778 2392 902 2449 utnon
926 2406 1010 2461 raro,
1041 2406 1080 2449 ex
1103 2384 1301 2467 praenomine

148 2494 193 2576 T,
217 2493 424 2578 praecedente
448 2494 628 2576 praesertim
651 2493 827 2575 gessit.¹)

235 2601 315 2685 Cap.
342 2605 395 2679 10,
424 2605 442 2664 5
472 2600 519 2681 (in
547 2622 708 2684 responso
732 2600 876 2683 Philippi
899 2601 986 2682 regis
1008 2602 1051 2664 ad
1073 2599 1242 2683 postulata
1264 2596 1300 2661 T.

148 2709 293 2786 Quinctii
323 2705 495 2787 consulis):
536 2706 577 2771 Si
606 2730 704 2790 <quas
733 2717 1006 2791 quererentur
1033 2708 1131 2772 belli
1162 2691 1300 2770 clades

146 2838 198 2881 eae
222 2817 428 2892 civitatee,
459 2837 543 2879 curn
572 2816 716 2896 quibus
738 2815 937 2880 bellatum
959 2814 1085 2894 foret,
1115 2818 1299 2896 arbitrio,

146 2946 225 3006 quo
255 2922 425 3000 vellent,
460 2922 714 3006 populorum,
744 2945 828 3014 cum
857 2923 1003 3004 quibus
1032 2944 1108 3006 pax
1135 2924 1298 3008 luisset,

146 3051 386 3095 sensurum.
437 3029 550 3111 Neque
579 3036 682 3107 recte,
719 3033 814 3113 quasi
842 3031 937 3113 plura
965 3032 1029 3092 sint
1052 3032 1206 3111 arbitria,
1241 3057 1299 3099 rex

144 3161 195 3213 se,
231 3157 297 3220 quo
320 3136 435 3216 velint,
469 3159 605 3201 usurum
629 3139 724 3203 dicit.
760 3160 866 3221 neque
890 3141 1055 3218 universe,
1084 3160 1157 3204 cunr
1181 3142 1299 3225 quibus

144 3267 210 3329 pax
244 3245 376 3323 fuisset,
417 3245 614 3327 populorum
647 3246 785 3310 arbitrio
820 3247 866 3310 uti
902 3248 1055 3328 cuiquam
1089 3248 1122 3310 in
1158 3258 1299 3315 mentem

142 3355 254 3418 venire
293 3359 435 3436 poterat.
497 3352 672 3436 Optionem
710 3376 768 3418 reu
808 3354 1020 3436 querentibus
1059 3353 1139 3420 facit
1179 3358 1299 3424 arbitri

143 3459 302 3543 eligendi,
335 3467 381 3539 ut,
413 3461 506 3524 ouius
529 3462 552 3524 ii
575 3461 689 3539 velint,
712 3462 826 3545 populi
849 3463 986 3527 arbitrio
1010 3483 1062 3528 res
1085 3463 1297 3549 disceptetur.

133 3568 262 3650 'Itaque
297 3588 365 3632 una
397 3567 511 3632 littera
543 3569 649 3632 minus
683 3569 793 3633 Livius
828 3571 976 3653 scripsit:
1017 3571 1179 3652 arbitro,
1219 3597 1296 3658 quo

140 3675 317 3754 vellent,
350 3673 608 3759 populorum,
644 3698 669 3739 c.
695 3696 724 3757 q.
749 3700 779 3760 p.
804 3675 841 3756 f.,
873 3699 1115 3770 sensurum,
1149 3679 1211 3746 hoc
1235 3688 1295 3764 est,

138 3782 285 3863 arbitro,
321 3802 385 3865 quo
418 3781 552 3873 vellent,
588 3804 626 3846 ex
661 3785 702 3847 iis
738 3785 869 3868 populis
900 3792 974 3866 111,
1008 3787 1108 3870 paulo
1136 3788 1291 3855 liberiore
1310 3801 1381 3869 (381)

136 3890 283 3974 genetivi
318 3888 466 3973 partitisi
499 3891 621 3973 positu,
658 3893 933 3974 quemadmodum
961 3895 993 3958 in
1016 3894 1140 3974 XXXI,
1174 3902 1229 3975 la,
1265 3903 1293 3976 9,

135 4019 240 4083 quem
283 3997 392 4062 locum
435 4018 536 4081 supra
574 4000 723 4064 tractavi.
791 4001 925 4066 Servato
972 4003 1146 4067 arbitrio
1192 4005 1292 4069 scribi

165 4250 190 4317 ¹)
211 4248 275 4318 Cap.
293 4250 325 4317 8,
351 4250 367 4299 7
386 4266 401 4304 1
418 4250 441 4303 Β
460 4253 617 4321 ceterisque
641 4253 723 4307 codd.
742 4255 947 4309 restituendum
971 4258 1102 4312 socium
1121 4264 1155 4313 et
1171 4259 1291 4314 Latini

208 4332 358 4387 nominis
377 4332 452 4403 (prox
471 4338 596 4392 socium
615 4337 686 4392 Lat.
707 4340 752 4406 n).
