2994 5108
216 507 277 562 Lib.
296 507 398 561 XXIII.
764 493 826 554 318

216 678 313 756 Quod
340 673 536 743 armemus
564 700 625 762 pro
655 698 903 744 armaremus
925 679 1035 762 posui,
1068 675 1184 740 eadem
1211 676 1375 741 correctio

131 796 201 863 (261)
219 788 392 870 perspicue
420 793 455 850 et
481 788 667 852 necessario
697 785 886 852 adhibenda
907 793 960 851 est
981 787 1015 849 in
1036 783 1187 868 proxima
1208 785 1376 850 sententia

216 891 304 976 (§4)‚
327 893 384 958 ubi
407 892 533 958 editur:
556 895 611 959 Ab
634 894 837 979 hospitali
859 915 996 959 mensa
1018 893 1161 976 surgis,
1185 892 1375 977 adquam

216 1000 674 1086 tertiusCampanorum
698 1002 912 1067 adhibitus
935 1023 975 1066 es
997 1002 1045 1066 ab
1064 999 1308 1080 Hannibale,
1330 1006 1374 1064 nt

216 1130 300 1175 eam
328 1111 458 1192 ipsam
486 1130 660 1175 mensam
688 1118 932 1175 cruentares
953 1109 1129 1192 hospitis
1152 1088 1372 1191 sanguine?

215 1216 332 1281 Itane?
356 1238 395 1281 eo
431 1216 569 1282 consilio
593 1218 762 1283 adhibitus
784 1239 905 1283 mensae
927 1218 1021 1282 erat?
1044 1217 1114 1281 Imo
1136 1217 1255 1299 quaerit
1276 1215 1375 1282 Gala·
1434 1273 1441 1286 ,

215 1325 288 1389 vius
311 1346 329 1389 e
351 1324 436 1403 filio,
471 1333 641 1408 surgatne,
669 1333 707 1390 ut
730 1347 803 1391 eam
825 1332 985 1390 cruentet.
1036 1323 1253 1389 Scribendnm
1272 1325 1375 1407 igitur

217 1430 306 1514 [cum
334 1431 509 1516 Rupertio]
549 1442 748 1500 cruentes.
811 1432 917 1516 [Ferri
956 1432 1068 1518 aliquo
1106 1432 1205 1497 modo
1243 1437 1371 1517 posset:

216 1539 524 1621 obstrinximus3
548 1547 633 1605 stne
658 1575 702 1587 -
724 1542 991 1607 armaremus?
1025 1540 1090 1606 Sed
1111 1541 1171 1605 vis
1196 1547 1231 1605 et
1253 1540 1297 1605 ad
1318 1539 1372 1605 lit·

215 1654 304 1713 teras
343 1650 479 1733 propius
517 1649 647 1714 accedit
679 1657 713 1715 et
745 1651 869 1714 rectius
903 1649 1081 1733 respondet
1114 1649 1158 1727 ei,
1198 1648 1289 1732 quod
1323 1669 1373 1713 se·

216 1757 341 1839 quitur:
364 1757 571 1839 -surgis,
595 1764 638 1821 ut
658 1757 762 1840 —.]¹)

302 1863 381 1949 Cap.
408 1869 457 1943 12,
484 1868 516 1927 1:
545 1871 588 1930 ut
615 1865 887 1931 metientibus
911 1864 1120 1929 dimidium
1142 1885 1267 1947 super
1288 1870 1372 1930 tres

215 1972 373 2037 modios
413 1971 603 2055 explesse
647 2008 699 2037 -.
750 1973 857 2037 Pml:
903 1980 1066 2038 utmeut
1102 1972 1372 2038 metientibus

216 2100 339 2162 snper
368 2081 505 2163 patris
532 2081 688 2146 modios
709 2116 767 2159 -,
799 2103 838 2145 ex
861 2102 927 2164 quo
950 2081 1002 2145 lit:
1037 2087 1081 2144 ut
1101 2080 1372 2146 metientibus

217 2207 342 2270 supra
363 2193 454 2251 tres
482 2189 640 2254 modios
663 2221 714 2253 -.
760 2190 845 2254 Nam
872 2209 921 2272 pa
949 2209 989 2252 ex
1010 2208 1084 2271 pra
1106 2193 1215 2253 ortum
1238 2195 1306 2268 est3
1339 2194 1372 2252 et

216 2293 301 2359 solet
334 2295 444 2375 Livius
482 2297 517 2359 in
557 2316 692 2363 excessu
731 2298 859 2363 numeri
896 2295 1045 2361 notando
1079 2316 1207 2379 supra
1239 2317 1370 2378 ponere.

216 2401 436 2466 Dimidium
475 2424 591 2468 manus
630 2405 777 2469 secunda
815 2404 960 2482 addidit,
999 2405 1110 2469 nescio
1150 2424 1216 2487 qno
1249 2425 1370 2483 errore,

215 2508 357 2575 fortasse
385 2510 474 2592 quod
498 2512 539 2575 ad
563 2512 749 2596 explesse
773 2514 979 2578 accusativus
1002 2510 1241 2594 requirebatur.
1292 2511 1372 2576 Tres

216 2616 304 2682 solos
328 2618 454 2683 modios
478 2619 626 2685 Valerius
649 2621 828 2700 Maximus,
852 2619 983 2685 -Plinins
1005 2620 1122 2699 Maior,
1151 2619 1282 2698 Florus,
1309 2619 1373 2684 Dio

216 2731 352 2808 ponunt.
398 2726 521 2807 (1862.)
571 2727 1162 2811 §tinterfrumentipecuniae
1184 2727 1372 2793 addendum

216 2842 255 2897 et
288 2841 346 2898 aut
379 2834 588 2900 scribendum
622 2837 882 2920 pecuniaeque
911 2835 1035 2915 (1862.)
1092 2834 1246 2918 Sequitur
1273 2836 1291 2918 ᾗ
1316 2841 1370 2900 1οε

215 2942 509 3025 Respondeam,
550 2945 688 3026 inquit
722 2944 881 3025 (Hanno),
915 2944 1156 3021 Himilconi,
1189 2965 1268 3009 nou
1303 2944 1372 3008 de·

215 3050 318 3114 sisse
349 3051 551 3132 paenitere
581 3073 637 3116 me
667 3051 767 3115 belli
797 3059 857 3116 eet.
910 3052 1025 3133 Neque
1049 3051 1271 3117 condicionali
1294 3074 1372 3117 con·

243 3246 266 3313 ¹)
285 3247 403 3301 Mirifice
430 3248 476 3300 hic
505 3266 617 3317 quoque
641 3249 682 3301 W.
709 3251 768 3303 verl
796 3267 907 3303 sensum
931 3250 1027 3303 obruit
1049 3250 1219 3303 inanissimis
1242 3252 1372 3320 argutiis,

280 3332 475 3401 imperfectum
506 3336 642 3402 praesenti
676 3335 812 3404 (surgis)
840 3334 940 3388 subiici
972 3335 1100 3403 potuisse
1118 3334 1261 3402 iudicans,
1295 3336 1373 3404 quod

282 3417 356 3469 actio
381 3417 515 3485 surgendi
537 3437 612 3473 nunc
637 3421 767 3474 absoluta
790 3421 827 3473 sit
851 3424 900 3473 aut
925 3419 1001 3487 quod
1020 3419 1148 3473 Calavius
1171 3421 1227 3474 iam
1253 3437 1371 3489 surgens

282 3501 311 3553 id
333 3503 481 3556 consilium
504 3503 642 3558 habuerit.
684 3505 830 3559 Adscribit
848 3504 950 3558 deinde
969 3505 1070 3558 Catulli
1088 3506 1182 3559 looum
1202 3510 1264 3573 101,
1289 3510 1319 3573 3,
1342 3507 1373 3560 in

282 3604 337 3653 quo
373 3586 536 3641 donarem
567 3589 688 3643 refertur
720 3591 755 3643 ad
786 3591 926 3659 prseteriti
953 3591 1100 3645 notionem
1127 3593 1157 3644 in
1184 3598 1309 3646 vectus
1332 3595 1372 3647 in·

281 3671 399 3737 clusam,
432 3681 461 3726 et
488 3674 627 3728 Ciceronis
655 3677 690 3729 de
717 3676 796 3729 Orat·
822 3677 862 3741 Il,
890 3679 937 3742 33,
968 3679 1029 3742 142,
1057 3677 1105 3730 ubi
1133 3678 1161 3730 in
1190 3677 1234 3730 bis
1263 3679 1372 3732 verbis:

281 3757 381 3810 video
414 3759 619 3812 nominatim
652 3761 792 3827 referri,
826 3762 909 3829 quid
939 3762 1208 3830 responderint,
1243 3779 1308 3832 quas
1336 3765 1372 3820 de

281 3843 431 3911 superioris
460 3846 552 3897 aetatis
581 3846 659 3899 libris
687 3847 843 3915 ponuntur,
873 3851 973 3914 aperta
999 3852 1043 3900 est
1069 3846 1208 3916 praeteriti
1233 3850 1373 3919 temporis

281 3927 450 3996 slgnificatio
478 3930 643 3995 (relatum
671 3931 743 3996 est).
793 3931 865 3997 Quid
898 3932 988 3984 similo
1020 3933 1049 3986 in
1077 3932 1184 3986 Calavii
1211 3935 1371 4005 interroga·

280 4015 375 4067 tione?
408 4013 446 4065 Et
470 4020 573 4082 quanta
596 4017 765 4084 perversitas
790 4018 915 4070 nascitur
938 4035 972 4069 ex
994 4018 1163 4086 interposito
1187 4017 1372 4073 adhibitus

281 4099 335 4153 es?
362 4097 460 4166 [Quam
479 4099 614 4155 dissimile
633 4102 677 4167 sit,
701 4102 777 4169 quod
795 4103 898 4170 legitur
916 4101 995 4168 VIII,
1014 4105 1038 4168 7,
1060 4106 1102 4156 13:
1126 4109 1162 4157 ut
1180 4131 1214 4140 ·-
1232 4102 1373 4161 terrent

279 4189 545 4253 -provocatus
564 4215 597 4224 -
616 4191 727 4254 porte,
755 4187 809 4240 boo
833 4192 887 4252 est,
916 4194 1085 4255 provocatus
1104 4190 1228 4258 pugnavi
1247 4195 1277 4243 et
1295 4209 1372 4247 nnnc

277 4275 369 4338 porto,
397 4270 466 4323 nihil
495 4288 564 4339 opus
591 4277 634 4325 est
661 4272 817 4340 explicari]
861 4271 937 4340 (Cap.
969 4276 1012 4337 ll,
1040 4276 1056 4326 3
1083 4275 1264 4329 scribendum
1292 4277 1373 4346 (post

279 4358 496 4423 servataque)
516 4374 529 4407 e
548 4357 834 4410 lucris-donum
853 4358 1038 4426 mittitote,
1057 4375 1114 4413 non
1133 4361 1250 4415 lucris.
1283 4365 1372 4431 1862)
