2994 5108
719 451 781 515 279
1171 467 1328 525 maxxr.

169 636 287 703 stincte
309 636 467 722 Polybius
489 635 638 701 nominat
660 634 737 718 (111,
766 639 822 716 ta,
852 635 903 719 8);
932 657 972 701 ex
993 637 1056 703 hac
1078 644 1154 705 tota
1175 641 1246 706 acie
1267 664 1328 726 per

169 765 243 813 eam
270 750 402 828 partem
429 744 570 809 Romani
598 749 833 827 perruperunt,
867 764 966 827 quam
989 743 1077 809 Galli
1105 746 1327 831 expleverant.

169 850 327 937 Polybius
355 850 427 932 (74,
456 850 492 934 4)
515 850 630 918 Gallos
653 857 688 917 et
710 857 839 934 partem
862 851 1008 935 aliquam
1030 852 1185 920 Afrorum
1207 857 1329 923 victam

168 980 192 1027 1
221 959 514 1044 perrumpentibus
547 958 638 1024 dicit.
693 958 812 1042 ltaque
847 958 1057 1024 scribendum
1090 967 1155 1027 est:
1194 963 1329 1030 media
1431 1022 1437 1031 .

168 1065 357 1133 Afrorum
389 1067 495 1147 acie,
529 1085 601 1143 qia
634 1064 718 1147 (ubi)
741 1065 917 1133 Gallicis
951 1068 1123 1133 auxiliis
1157 1069 1329 1137 firmata

170 1181 278 1254 erat,
304 1209 349 1221 -
375 1194 610 1258 perrupere.
667 1171 743 1256 [Sic.
762 1172 969 1257 Rupertius.]
1020 1175 1134 1258 Neque
1163 1177 1328 1246 ablativus

169 1280 289 1353 localis
322 1281 469 1364 (media
500 1280 538 1345 A.
572 1279 674 1362 acie)
709 1286 788 1364 apte
820 1287 1017 1365 poneretur,
1057 1283 1098 1363 si,
1132 1284 1206 1368 ipsa
1240 1287 1328 1355 acies

169 1411 312 1476 quorum
332 1389 502 1456 bominum
524 1394 620 1467 esset,
643 1387 900 1471 significaretur,
929 1389 988 1454 sed
1008 1389 1179 1456 mediam
1203 1395 1329 1461 aciem

169 1495 235 1579 (sie
256 1496 511 1563 durcbbracben
534 1495 594 1561 das
617 1493 788 1576 Centrum,
822 1495 882 1562 das
911 1517 971 1562 aus
993 1497 1141 1563 Galliern
1169 1498 1328 1583 bestand;

169 1604 313 1672 alterum
335 1610 400 1671 est:
435 1605 483 1669 sie
505 1603 652 1669 bracben
674 1605 719 1668 im
743 1601 900 1669 Centrum
923 1604 1042 1684 durch,
1072 1604 1114 1671 da
1135 1628 1184 1672 110
1208 1629 1244 1673 11
1267 1630 1330 1676 aus

171 1711 210 1785 G.
232 1710 400 1794 bestand).
450 1711 521 1779 Lib.
544 1710 648 1791 XXII,
676 1716 728 1790 47,
758 1715 776 1775 7
805 1717 896 1776 recte
918 1711 1041 1777 editur:
1075 1713 1222 1795 media,
1252 1738 1327 1800 qua

168 1818 285 1887 Galli
321 1818 578 1904 Hispanique
618 1823 840 1899 steterant,
875 1854 918 1864 --
945 1819 1047 1900 acie;
1087 1820 1146 1886 sed
1174 1821 1200 1886 P
1227 1822 1329 1891 babet

168 1925 388 2013 quaefalli,
422 1926 524 1993 ceteri
550 1926 765 2012 mediaque
789 1926 909 1992 Galli.
961 1926 1073 2007 (Initio
1103 1929 1236 2011 capitis,
1268 1931 1326 1996 ubi

169 2035 206 2099 in
226 2033 337 2101 Pest:
361 2032 496 2099 fecere
518 2033 652 2115 fugam
674 2054 833 2118 quoque
855 2055 980 2099 novus
1004 2032 1169 2101 additus
1192 2043 1329 2105 terror

168 2140 365 2207 Romanis
394 2147 472 2220 011,
500 2140 630 2221 eadem,
659 2161 731 2224 quae
753 2162 820 2207 non
842 2161 918 2207 raro
941 2140 1022 2205 alibi
1045 2147 1192 2223 tenetur,
1220 2151 1327 2210 trane·

168 2248 311 2333 positio,
345 2248 386 2313 de
416 2269 482 2331 qua
510 2247 554 2313 ad
581 2245 691 2327 XXII,
726 2252 762 2325 2,
795 2252 815 2312 8
844 2247 1066 2327 11911011,
1098 2269 1182 2314 novo
1208 2252 1327 2318 mendo

168 2363 274 2423 11011
297 2362 356 2423 111.
402 2355 525 2421 Fuerat
547 2356 634 2419 enim
658 2355 838 2438 scriptum:
862 2354 1004 2440 fugam,
1026 2377 1235 2441 novusque
1257 2359 1328 2425 ad·

170 2463 284 2530 ditus
305 2470 445 2531 terror
467 2469 528 2529 cet.
578 2461 685 2544 1862.)

257 2568 339 2655 Cap.
364 2575 423 2651 57,
454 2574 472 2635 2
497 2576 530 2636 et
553 2574 588 2649 3,
618 2569 675 2635 ubi
698 2570 873 2653 exponitur
896 2571 936 2636 de
959 2576 1085 2636 terrore
1108 2572 1183 2636 urbi
1205 2573 1327 2639 iniecto

169 2683 249 2763 post
270 2699 417 2762 pugnarn
431 2679 643 2744 Trebiensem
665 2677 933 2761 sermonibusque
956 2678 1124 2744 hominum
1148 2681 1328 2762 anxiorum,

167 2785 293 2853 insidet
324 2786 480 2851 mendum
513 2785 673 2852 orationis
704 2792 737 2849 et
766 2787 936 2850 sententiae
964 2785 1071 2851 forma
1098 2807 1172 2852 meo
1200 2788 1324 2855 iudicio

168 2891 474 2963 mmifestissinum
497 2892 595 2960 etad
618 2893 851 2975 corrigendum
876 2895 1108 2975 certissimum,
1136 2894 1195 2959 sed
1217 2901 1327 2961 tamen

168 2999 344 3081 eiusmodi,
367 3000 458 3084 quod
479 3001 594 3067 fallere
617 3000 674 3066 diu
696 3001 800 3084 possit
823 3001 912 3065 etin
934 3020 998 3082 quo
1021 3001 1233 3083 coarguendo,
1247 3024 1327 3068 non·

168 3107 253 3173 nulli
279 3128 368 3191 tegre
395 3108 461 3174 sibi
487 3109 682 3192 persuaderi
708 3109 880 3192 patiantur
903 3128 1002 3190 quum
1024 3113 1161 3191 propter
1182 3110 1327 3193 antiqui-

122 3210 125 3214 *
168 3221 275 3281 tatem
297 3221 331 3281 11
353 3216 444 3298 quod
465 3216 548 3281 nihil
570 3215 701 3282 omnino
724 3216 855 3297 vestigii
877 3216 912 3279 in
934 3214 1004 3279 ulla
1026 3215 1251 3299 discrepantia
1273 3238 1326 3282 co·

168 3322 283 3389 dicum
309 3322 463 3389 relictum
491 3330 557 3402 est,
590 3331 661 3388 turn
695 3321 782 3405 quod
811 3343 878 3387 non
907 3343 947 3386 ex
977 3321 1164 3403 oculorum,
1200 3324 1258 3389 sed
1287 3346 1328 3389 ex

167 3431 274 3496 animi
302 3449 414 3497 errore
443 3436 552 3497 ortum
580 3437 614 3496 11
641 3431 676 3494 in
704 3430 959 3514 interpolatione
990 3430 1134 3512 positum
1158 3437 1216 3496 est.
1273 3430 1327 3497 Sic

168 3539 259 3604 enim
280 3536 432 3602 homines
455 3537 629 3620 conquesti
651 3543 845 3602 narrantur:
879 3535 967 3601 Uno
996 3536 1164 3602 consule
1193 3539 1241 3604 ad
1264 3539 1327 3603 Ti·

168 3647 304 3711 cinum
335 3645 460 3723 11010,
500 3643 632 3709 altero
666 3665 712 3709 ex
735 3643 889 3709 Sicilia
920 3649 1130 3723 revocato,
1171 3646 1326 3713 duobus

168 3750 429 3830 consulibus,
457 3751 615 3818 duobus
643 3750 939 3816 consularibus
969 3751 1221 3819 exercitibus
1250 3755 1327 3818 vic·

167 3859 241 3940 tis,
274 3879 376 3941 quos
409 3858 517 3925 alios
551 3858 688 3938 duces,
728 3880 828 3940 quas
862 3857 969 3923 alias
1002 3858 1188 3941 legiones
1222 3876 1326 3935 1111,

167 3986 256 4051 quae
286 3967 578 4031 arcessantur?
617 3966 782 4050 Apparet,
822 3966 949 4044 omnia,
983 3986 1055 4049 quae
1084 3963 1128 4029 ad
1153 3985 1224 4028 rem
1252 3983 1326 4047 per·

166 4073 316 4152 tineent,
346 4073 508 4139 contineri
535 4073 587 4138 his
610 4074 800 4157 postremis:
830 4072 990 4138 duobus
1019 4070 1261 4136 consulibus
1283 4104 1327 4114 -

167 4179 307 4259 victis,
329 4181 502 4264 superiora
523 4179 596 4245 illa:
619 4200 696 4246 uno
719 4215 764 4225 -
784 4181 901 4260 victo,
925 4178 1057 4243 altero
1074 4182 1325 4241 -revocato

166 4309 237 4354 non
273 4285 383 4353 solum
415 4307 619 4372 supervacua
647 4307 729 4367 esse,
758 4285 817 4352 sed
847 4287 946 4351 etiam
968 4286 1104 4366 vitiosa3
1136 4283 1218 4349 illud
1241 4283 1328 4348 enim
