2994 5108
686 492 746 552 117
1165 505 1228 560 Lib.
1247 504 1293 560 IV.

134 675 426 760 populabundi
472 675 776 742 descenderent
814 678 854 741 in
894 697 1029 759 agrum
1068 678 1293 744 Romanum.

135 783 208 851 Duo
237 784 273 848 in
301 785 365 851 hoc
392 772 568 851 verborum
597 785 737 850 circuitu
758 784 935 851 manifesta
957 787 1185 852 additamenta
1207 794 1294 868 sunt,

135 915 237 960 unum
260 914 282 959 a
304 894 340 960 T.
363 893 390 958 F
392 893 475 959 ebro
498 893 777 973 animadversum,
807 896 859 959 cui
881 914 966 960 unus
988 896 1102 980 paruit
1123 896 1202 960 civis
1225 897 1295 961 eius

134 1000 230 1086 longe
252 1001 390 1068 inferior
411 1002 598 1068 Douiatius.
642 1001 728 1068 Nam
749 1005 908 1088 pestilens
931 1023 1036 1069 annus
1059 1026 1124 1070 non
1147 1011 1294 1069 metum

135 1112 301 1177 vastitatis
325 1110 436 1191 efficit,
465 1111 524 1177 sed
546 1112 800 1192 vastitatem,
824 1134 885 1204 nec
907 1119 1014 1178 metus
1036 1114 1210 1192 vastitatis,
1234 1114 1293 1178 sed

135 1220 276 1286 vastitas
304 1225 353 1300 et,
388 1220 527 1286 desertis
549 1220 638 1304 agris
661 1219 895 1305 domibusque,
928 1221 1006 1304 fuga
1028 1221 1197 1287 hominum
1218 1243 1293 1307 pro·

136 1328 244 1410 hibet,
272 1351 316 1396 ne
338 1330 513 1413 quisquam
535 1328 705 1415 praedandi
726 1350 829 1395 cause
851 1336 955 1395 exeat.
1007 1330 1125 1412 ltaque
1147 1336 1293 1396 metum

137 1444 275 1523 apparet
296 1438 339 1504 ab
362 1438 474 1522 aliquo
497 1438 663 1516 additum,
698 1438 754 1520 qui
776 1459 841 1503 non
864 1439 1070 1517 attendisset,
1105 1460 1169 1520 quo
1194 1440 1294 1521 signi-

138 1545 234 1613 ficatu
256 1552 415 1613 tantum
436 1547 658 1612 vastitatis
682 1546 856 1612 diceretur.
906 1547 993 1612 Illud
1016 1547 1200 1613 cuiusmodi
1223 1568 1294 1613 esse

138 1654 256 1736 dicam,
290 1655 381 1739 quod
402 1654 689 1721 Weissenbornius
717 1655 760 1720 ad
790 1654 1030 1721 defendendum
1057 1655 1146 1720 hunc
1172 1663 1295 1721 metum

140 1765 306 1830 vastitatis
341 1764 510 1848 pestilenti
540 1785 625 1829 anno
657 1761 810 1829 effectum
836 1771 1021 1848 comparat,
1056 1764 1145 1845 quod
1172 1764 1293 1844 XXIII,

143 1877 188 1952 14,
212 1877 232 1938 7
255 1871 417 1954 homines,
450 1874 509 1955 qui
530 1873 658 1951 timent,
693 1894 734 1936 ue
757 1893 855 1954 egros
878 1894 956 1938 suos
979 1872 1085 1938 hostis
1107 1873 1294 1957 populetur,

138 1987 258 2048 metum
297 2001 452 2064 agrorum
484 1979 711 2066 populationis
745 2001 929 2065 proponere
963 1981 1080 2045 animis
1115 1980 1292 2046 dicuntur?

139 2089 261 2156 Deinde
290 2097 403 2156 autem
430 2091 572 2175 pupugit
601 2088 746 2153 animum
776 2088 944 2172 diIIgentis
967 2088 1125 2168 hominis,
1157 2089 1292 2164 Dukeri,

140 2218 336 2264 murorum
368 2198 411 2265 ab
446 2198 596 2283 oppido
631 2199 798 2282 separatio
832 2197 915 2278 (aut
949 2219 1035 2281 opp.
1070 2204 1139 2262 aut
1171 2205 1291 2264 mont.

141 2313 205 2373 aut
231 2306 391 2390 muris);
424 2309 538 2390 itaque
566 2327 678 2372 muros
706 2307 918 2371 castellorum
941 2313 999 2371 aut
1022 2307 1165 2370 vicorum
1187 2308 1293 2371 muni·

140 2420 244 2482 torum
277 2415 518 2499 intellegendos
551 2420 657 2499 putat.
719 2415 784 2481 Sed
816 2435 923 2497 neque
955 2435 1088 2479 muros
1123 2416 1169 2480 sic
1203 2418 1292 2498 quis-

141 2545 236 2608 quam
259 2524 412 2591 absolute
434 2524 533 2604 dixit,
567 2525 748 2609 praesertim
777 2525 898 2608 oppido
927 2524 961 2588 in
990 2523 1106 2589 eadem
1129 2526 1293 2589 sententia

139 2631 319 2717 appellato,
352 2651 458 2716 neque
486 2632 674 2698 huiusmodi
704 2633 841 2698 castella
867 2633 969 2696 muris
992 2633 1120 2697 munita
1141 2633 1175 2697 in
1197 2633 1223 2696 F
1224 2633 1292 2698 ide-

139 2742 203 2806 nati
237 2762 319 2825 agro
354 2749 413 2808 aut
446 2746 744 2808 commemorantur
777 2761 921 2822 unquam
955 2761 976 2805 a
1003 2741 1094 2806 Livio
1128 2747 1187 2806 aut
1220 2763 1292 2806 esse

139 2856 321 2932 potuerunt.
383 2849 522 2916 Addidit
561 2855 630 2915 aut
668 2849 818 2932 oppido
858 2848 992 2931 aliquis,
1033 2851 1090 2933 qui
1131 2850 1288 2934 oppidum

139 2976 300 3024 murorum
327 2959 551 3044 appellatione
580 2958 742 3024 contineri
764 2979 830 3023 non
851 2955 993 3021 videbat.
1051 2956 1198 3039 [Omittit
1220 2958 1290 3023 haeo

139 3066 233 3132 rerba
262 3067 366 3133 codex
393 3067 603 3134 Veronensis.
659 3066 816 3148 Idemque
845 3063 1017 3130 confirmat
1044 3064 1187 3147 Ussingii
1215 3087 1291 3131 cou-

138 3173 294 3240 iecturam
313 3174 436 3258 (1861),
454 3196 532 3241 non
555 3183 633 3240 ante
651 3176 786 3240 exiret
803 3174 986 3239 tollendum
1004 3194 1090 3253 esse3
1116 3173 1186 3238 iure
1205 3175 1292 3238 enim
1406 3257 1409 3263 Ι

138 3285 257 3349 amicus
282 3306 376 3350 meus
400 3291 510 3366 negat,
533 3305 610 3348 non
634 3283 747 3347 modo
771 3283 986 3365 quisquam
1004 3318 1048 3328 —
1066 3303 1144 3347 non
1163 3304 1223 3366 pro
1240 3304 1288 3361 eo,

137 3392 220 3475 quod
249 3399 301 3458 est
329 3414 406 3458 non
435 3392 550 3458 modo
580 3412 707 3470 nemo,
739 3391 856 3456 Latine
884 3391 963 3469 dici,
992 3412 1052 3455 nec
1082 3392 1115 3455 in
1144 3393 1293 3457 oratione

137 3517 229 3581 prosa
252 3501 470 3585 quisquam
495 3507 553 3567 eut
578 3501 687 3565 ullus
705 3501 872 3581 negationi
889 3500 1107 3584 praeponitur,
1131 3520 1208 3564 nam
1226 3499 1291 3565 Cic.

136 3605 168 3674 N.
186 3609 226 3674 D.
257 3608 283 3689 I,
312 3613 354 3674 24
378 3610 456 3676 boni
479 3610 609 3676 codices
631 3608 756 3674 habent
782 3614 901 3691 neget
928 3607 1051 3672 ullam
1074 3614 1109 3673 et
1129 3607 1214 3674 Phil.
1239 3609 1294 3687 Vl,

139 3716 245 3783 uvat.
264 3716 402 3783 horam
431 3720 618 3797 eximere,
649 3719 769 3784 omisso
793 3716 927 3782 ullam.
975 3714 1114 3782 Sublato
1144 3738 1220 3781 non
1237 3717 1290 3780 hio

136 3821 221 3891 locus
239 3826 379 3892 eandem
395 3827 498 3892 habet
515 3828 678 3893 orationis
697 3826 847 3904 formam,
866 3845 939 3908 quse
959 3831 1009 3889 est
1024 3824 1140 3903 XXIV,
1163 3829 1214 3904 40,
1236 3828 1289 3887 12:

137 3939 276 4000 utnon
298 3934 413 4000 modo
437 3933 546 4001 alius
570 3937 786 4017 quisquam
810 3954 920 3998 arma
943 3937 1112 4016 caperet
1136 3982 1196 4011 ...,
1220 3933 1290 3996 sed

141 4041 260 4109 etiam
282 4043 371 4128 ipse
393 4065 464 4108 rex
559 4041 817 4128 perfugerit]

215 4149 294 4237 Cap.
319 4155 377 4233 24,
413 4157 431 4217 5
461 4151 532 4235 (ubi
561 4153 735 4236 exponitur
762 4151 860 4216 Mam.
906 4150 1030 4214 AEmilii
1064 4149 1105 4213 de
1140 4169 1288 4213 censurae

140 4254 348 4327 diuturnitate
382 4260 559 4327 minuenda
589 4260 728 4344 oratio):
763 4281 883 4343 greve
918 4280 1007 4325 esse
1041 4258 1186 4323 iisdem
1220 4279 1290 4341 per

139 4367 193 4433 tot
220 4389 343 4436 annos
367 4390 513 4453 magna
534 4376 652 4454 parte
675 4370 769 4434 vitae
791 4368 993 4435 obnoxios
1016 4367 1163 4431 vivere.
1214 4366 1289 4431 Non
