2994 5108
188 503 250 555 Lib.
268 502 408 556 XXXVII.
742 490 803 552 536

187 681 246 737 ant
270 674 375 739 altero
394 675 476 739 Livii
500 675 571 739 loco
595 681 654 738 aut
671 674 760 757 apud
776 673 949 756 Polybium
965 674 1139 756 vestigium
1156 674 1230 738 est?
1249 671 1345 749 Quae·

186 803 261 845 nam
291 783 325 844 in
347 782 425 845 Asia
454 768 500 846 cis
523 781 666 845 Taurum
695 780 882 845 huiusmodi
916 780 1005 845 silvae
1034 788 1341 859 commemorantur,

186 910 258 971 quae
271 891 451 971 separatim
463 890 550 953 inter
561 889 747 972 provincias
764 895 935 971 tamquam
952 886 1111 952 notabilis
1122 889 1217 970 regni
1231 907 1342 961 acees-

138 1073 145 1090 ι
187 997 234 1060 sio
259 996 329 1059 dari
352 998 541 1080 potuerint?
575 997 789 1078 Perspicuum
802 1016 875 1059 esse
891 995 1045 1074 arbitror,
1063 996 1167 1060 errori
1186 995 1343 1060 silvarum

185 1125 304 1168 nomen
328 1103 454 1183 deberi,
483 1105 541 1168 sed
564 1104 644 1185 quid
667 1103 781 1181 subsit,
805 1102 938 1166 difficile
961 1109 1012 1168 est
1034 1103 1190 1168 invenire.
1237 1102 1342 1167 Valde

184 1217 295 1274 tamen
313 1212 449 1275 inclinat
467 1213 604 1288 animus,
621 1218 659 1275 ut
676 1232 735 1293 pro
755 1210 884 1274 siluas
903 1212 1063 1294 scriptum
1081 1232 1101 1275 a
1119 1209 1212 1275 Livio
1228 1216 1343 1294 putem

186 1316 252 1397 (et)
276 1316 423 1401 Milyas
442 1318 630 1399 (Miluas),
648 1318 832 1383 incolarum
848 1319 980 1381 nomine
997 1339 1057 1400 pro
1074 1319 1211 1399 regione
1223 1319 1342 1401 posito.

184 1424 267 1487 Nam
296 1424 476 1509 Milyada
509 1433 542 1489 et
563 1427 635 1508 ipse
658 1425 768 1489 Livius
798 1426 829 1488 iu
853 1425 939 1489 libro
964 1424 1134 1488 XXXVIII
1163 1446 1238 1489 eum
1267 1424 1343 1488 reli·

184 1532 273 1612 quis,
298 1552 379 1612 quas
402 1533 455 1597 hie
479 1539 657 1610 enumerat,
680 1533 869 1613 regionibus
892 1531 1009 1596 eodem
1032 1532 1104 1597 loeo
1129 1532 1222 1612 (ante
1245 1531 1343 1615 Lydi·

184 1638 250 1716 am)
270 1641 419 1704 nominat
436 1647 470 1704 et
487 1641 650 1723 Polybius.
696 1634 844 1720 Regias
868 1639 947 1721 quid
972 1640 1125 1717 occultet,
1144 1640 1268 1717 nescio,
1287 1637 1345 1704 sed

182 1744 286 1809 latere
305 1747 429 1827 aliquid
447 1748 582 1825 videtur,
606 1747 694 1830 quod
713 1747 879 1830 pertineat
897 1746 940 1810 ad
959 1746 1071 1829 Mysiae
1088 1753 1221 1829 partem
1241 1747 1344 1828 signi·

182 1851 346 1917 ficaudam
385 1854 560 1937 (Mysiam
598 1855 747 1936 regiam
787 1860 832 1918 et
872 1853 1064 1937 Milyasl).
1119 1854 1226 1919 Paulo
1268 1860 1347 1938 post

98 1957 216 2041 (434)(§
241 1965 258 2023 3
283 1968 316 2025 et
343 1962 376 2043 4)
406 1983 470 2025 non
504 1962 613 2039 video,
647 1982 747 2042 quum
781 1962 828 2026 sic
862 1962 1006 2026 dicatur:
1041 1959 1218 2038 Cariam,
1256 1981 1341 2043 qua

183 2067 363 2151 Hydrela
385 2070 635 2152 appellatur,
659 2070 717 2152 qui
734 2071 840 2150 possit
857 2068 1011 2155 dubitari,
1035 2069 1122 2150 quin,
1140 2089 1345 2150 quamquam

183 2175 330 2258 Hydrela
342 2177 500 2259 oppidum
518 2176 618 2241 fuisse
638 2182 776 2255 constat,
796 2198 835 2240 ex
853 2198 917 2260 quo
937 2196 1016 2258 ager
1033 2175 1348 2258 Hydrelatanus

183 2283 371 2364 appellatur
411 2284 476 2363 (vel
508 2284 619 2366 potius
658 2283 973 2366 Hydrelitanus‚
1008 2291 1023 2344 ὁ
1055 2290 1108 2344 τῶν
1139 2282 1344 2364 Ὑὸρηλαιῶν),

183 2396 293 2454 tamen
318 2390 443 2455 Caria
467 2390 644 2473 Hydrela
662 2391 690 2471 (ἡ
707 2391 823 2472 lopati)
847 2391 936 2473 regio
959 2390 1108 2472 intellegi
1131 2390 1265 2470 debeat,
1288 2412 1349 2455 uo·

182 2518 269 2570 men,
295 2500 412 2580 opinor
429 2499 563 2563 'sortita
586 2499 628 2563 ab
652 2519 700 2576 eo,
724 2498 812 2580 quod
841 2496 947 2562 fluviis
976 2499 1102 2579 irrigua
1124 2505 1224 2563 esset.
1272 2499 1346 2565 Hoe

183 2605 211 2668 si
234 2604 282 2668 ita
304 2612 363 2684 est,
386 2627 459 2688 quae
483 2607 603 2672 deinde
625 2607 852 2670 nominantur:
877 2611 917 2669 et
939 2604 1118 2669 castella
1140 2606 1346 2690 vicosque

182 2720 298 2776 trans
323 2712 564 2777 Maeandrum
587 2734 736 2777 amnem
760 2718 799 2776 et
817 2713 981 2796 oppida,
1005 2713 1082 2775 nisi
1101 2732 1186 2795 quae
1203 2712 1346 2778 libera

182 2829 273 2883 anto
309 2820 461 2883 bollum
494 2821 687 2898 fuissent,
731 2820 835 2884 Cariae
875 2821 977 2884 fuisse
1017 2820 1179 2883 videntur.
1238 2821 1344 2902 Atqui

182 2925 278 2990 Caria
311 2936 403 2990 trans
427 2928 629 2991 Maeandrum
653 2928 789 2996 Rhodiis
824 2927 904 2992 data
932 2934 984 2992 est
1012 2926 1043 3008 (ξ
1074 2933 1107 3006 6;
1138 2927 1197 2991 ofr.
1224 2929 1342 3012 Polyb.

180 3034 281 3112 XXII,
300 3039 398 3111 27‚8:
422 3042 532 3104 Ῥοδίοις
549 3043 739 3114 ἐχρημάτισαν,
757 3042 873 3104 διδόντες
885 3045 988 3097 Λυκίαν
1006 3042 1050 3096 καὶ
1066 3044 1174 3113 Kiraios·
1199 3043 1235 3097 td
1258 3046 1344 3117 μέχρι

181 3142 375 3222 osculandam),
400 3165 436 3206 eo
459 3145 564 3224 magis
588 3164 719 3205 moveor
743 3143 909 3220 codicum,
934 3150 1071 3225 excepto
1094 3142 1138 3219 M,
1163 3145 1344 3227 scriptura,

181 3250 234 3328 qui
260 3249 433 3313 castella
457 3251 504 3313 ad
528 3249 771 3312 Maeandrum
793 3249 932 3328 habent3
967 3258 1000 3313 et
1022 3271 1080 3332 per
1103 3270 1136 3313 se
1162 3251 1343 3333 probabile

181 3363 245 3433 est,
274 3357 428 3419 Eumenis
462 3353 543 3419 fines
572 3379 591 3419 a
619 3358 842 3439 septentrione
866 3357 909 3420 ad
932 3357 1099 3420 meridiem
1123 3379 1240 3422 versus
1265 3382 1343 3443 pro-

179 3469 286 3525 motos
321 3464 512 3527 terminatos
547 3486 617 3528 esso
652 3465 832 3542 Maeandro,
867 3486 931 3527 nou
973 3464 1110 3528 castella
1144 3472 1179 3528 et
1215 3468 1347 3551 oppida

178 3575 270 3631 trans
294 3567 425 3633 fluvium
449 3570 671 3651 (quousquel)
701 3573 730 3634 ei
754 3572 911 3635 subiecta.
958 3571 1027 3634 Neo
1055 3571 1133 3635 huic
1163 3577 1345 3640 sententiaa

180 3675 291 3738 obstat-
314 3678 394 3739 data
417 3677 553 3740 Eumeni
583 3678 817 3742 nominatim
847 3677 1026 3742 Telmissus
1055 3679 1149 3758 urbs3
1185 3700 1228 3744 ea
1253 3685 1344 3746 enim

178 3783 211 3845 in
241 3783 340 3864 Lysia
369 3784 408 3846 ad
445 3805 535 3847 maro
570 3792 656 3862 erat,
690 3785 784 3867 longe
818 3807 837 3849 a
866 3785 1033 3849 Maeandro
1066 3787 1346 3871 regionibusque,

178 3912 260 3972 quas
284 3893 311 3954 is
334 3890 509 3968 dividebat,
534 3899 670 3967 remota,
694 3895 854 3975 expetita,
879 3894 1010 3975 opinor,
1035 3893 1076 3957 ab
1105 3893 1273 3976 Eumene,
1304 3905 1344 3962 ut

178 4006 309 4079 portum
348 4000 379 4060 in
413 3998 596 4061 meridiana
629 3999 712 4061 Asiae
748 4007 842 4081 parte
881 3999 1028 4065 haberet.
1075 4000 1112 4063 ln
1147 4000 1182 4065 M
1218 4011 1342 4067 trans

177 4103 420 4168 blaeandrum
444 4126 483 4168 ex
507 4105 659 4169 inforiore
683 4106 754 4169 loeo
778 4108 811 4169 in
835 4106 922 4171 huno
946 4107 1143 4170 translatum
1168 4112 1300 4191 put0.¹)

207 4328 229 4391 ¹)
249 4330 313 4398 Cap.
333 4334 378 4394 57,
404 4332 449 4392 10,
472 4329 580 4382 multa
599 4330 793 4398 congiaria,
817 4348 880 4398 quae
898 4332 944 4384 Μ’.
964 4333 1071 4386 Acilius
1091 4331 1210 4386 Glabrio
1231 4333 1338 4386 habu·
