2994 5108
714 473 774 535 12⁷
1192 486 1320 545 mam.

162 657 327 723 sententia
365 663 432 737 est,
471 657 681 742 aptissimum
718 657 801 723 illud
838 658 942 725 fuisse
979 666 1110 745 tempus
1149 658 1321 730 divisionis

160 765 232 848 agri
260 763 352 849 plebi
381 764 574 832 obiicienda
603 764 713 848 (quasi
740 787 781 832 ea
807 788 862 833 res
889 789 949 853 per
972 789 1007 834 se
1031 769 1215 854 expetenda
1238 778 1320 836 tem·

158 895 289 959 pusque
311 874 384 940 eius
406 873 620 956 quarendum
641 873 773 957 fuerit),
802 874 860 941 sed
889 877 1096 960 aptissimam
1124 894 1197 943 cam
1218 878 1319 945 fuisse

158 987 271 1049 motus
294 981 400 1048 civilis
421 982 560 1049 sedandi
581 983 668 1048 viam
690 989 725 1048 et
746 985 888 1068 tempori
911 986 1166 1052 convenientem.
1200 987 1319 1071 Itaque

158 1089 292 1156 videtur
324 1090 406 1156 mibi
434 1090 546 1157 Liuius
582 1090 712 1157 duabus
746 1091 869 1158 litteris
903 1093 977 1177 plus
1013 1088 1201 1180 scripsisse:
1241 1096 1319 1180 Ap·

157 1198 364 1265 tissimum
395 1200 443 1262 ad
469 1204 632 1284 tempus
660 1197 797 1266 iuerat
826 1202 874 1280 (es
902 1207 988 1267 ware
1018 1192 1095 1268 selu·
1123 1205 1318 1286 zeitgembss

156 1304 331 1390 geuesen).
375 1305 517 1393 [Aptus
538 1308 578 1374 in
601 1314 758 1393 tempus
780 1310 833 1374 vix
854 1316 944 1375 recte
967 1306 1097 1392 dicitur,
1120 1313 1184 1377 etsi
1207 1312 1319 1378 Livius

157 1414 342 1496 XXXVIII,
371 1420 422 1496 21,
447 1420 466 1481 7
489 1415 572 1482 dixit
594 1422 732 1501 aptum
753 1418 794 1483 in
817 1412 986 1502 aliquod
1007 1438 1131 1502 genus
1154 1418 1317 1503 pugnae]

244 1521 325 1609 Gap.
355 1527 411 1604 56,
446 1523 526 1607 13¹)
555 1522 626 1606 (ubi
657 1527 767 1609 agitur
795 1526 837 1591 de
864 1523 1007 1591 tribunis
1035 1548 1130 1592 suum
1159 1527 1318 1592 auxilium

156 1632 357 1717 negantibus
396 1632 440 1699 ad
479 1632 679 1700 coercendos
717 1634 869 1700 tribunos
908 1631 1050 1700 militum
1085 1637 1214 1700 senatui
1246 1658 1314 1701 non
1332 1653 1406 1724 (107)

157 1739 380 1823 obedientes):
419 1741 591 1807 Interim
628 1742 814 1826 patricii,
855 1738 982 1808 soluti
1020 1742 1153 1827 legum
1191 1745 1316 1827 magi·

157 1856 445 1935 stratuumqne
478 1849 745 1930 verecundia,
779 1872 851 1935 per
880 1870 920 1915 se
948 1871 1110 1934 quoque
1138 1851 1315 1917 tribuni-

157 1959 260 2025 ciam
281 1962 537 2044 potestatem
559 1965 738 2041 agerent.
790 1958 896 2024 Valde
918 1966 1110 2044 suspectum
1132 1965 1184 2024 est
1206 1965 1315 2042 pote-

156 2073 306 2133 statem
328 2064 423 2132 trib.
447 2086 569 2148 agere
592 2088 652 2150 pro
675 2087 724 2148 eo,
747 2065 836 2150 quod
859 2073 911 2133 est
933 2088 1137 2148 exercere,
1160 2073 1317 2150 suspecta

157 2176 258 2241 etiam
281 2176 356 2260 ipsa
379 2173 591 2260 hesperum
613 2181 694 2259 apta
716 2196 789 2240 cum
811 2172 962 2241 irrisione
981 2175 1178 2256 exhortatio,
1195 2182 1233 2241 ut
1250 2175 1314 2258 ipsi

155 2284 290 2368 patricii
327 2282 538 2349 tribuniciam
570 2289 772 2367 potestatem
805 2291 981 2350 exerceant
1014 2283 1119 2368 (quod
1151 2284 1314 2369 interpre-

156 2398 288 2473 tantur,
320 2397 360 2457 ut
391 2392 458 2475 ipsi
491 2391 555 2457 sibi
588 2391 711 2456 auxilio
745 2393 812 2457 sint
847 2397 881 2457 et
907 2413 974 2457 non
1004 2391 1194 2458 obedientes
1223 2412 1314 2457 coer·

154 2499 283 2583 ceant),
316 2520 394 2566 nam
426 2520 533 2586 neque
567 2500 721 2566 coercitio
755 2501 805 2565 ita
833 2507 906 2566 erat
932 2502 1069 2586 propria
1097 2500 1314 2580 tribunorum,

154 2615 194 2673 ut
225 2599 360 2695 patricii
389 2628 468 2674 suos
496 2614 685 2675 coercentes
713 2605 921 2675 tribunorum
951 2610 1094 2699 speciem
1117 2609 1314 2693 acciperent,

155 2722 200 2798 et,
222 2717 313 2800 quod
336 2716 543 2783 manifestius
566 2722 625 2796 est,
649 2737 723 2801 quae
745 2715 969 2801 adiunguntur
991 2716 1133 2799 (soluti
1149 2753 1192 2762 -
1208 2737 1314 2782 vere-

156 2824 333 2908 cundia),
360 2825 456 2909 longe
479 2824 544 2892 alio
567 2830 823 2909 spectant,.non
845 2825 889 2891 ad
910 2825 1102 2891 tribunatus
1126 2825 1314 2891 similitudi-

156 2955 232 3001 nem
264 2955 327 3000 nec
359 2932 403 2998 ad
435 2932 681 3015 coercitionem,
721 2934 780 2999 sed
820 2934 876 3023 ad·
901 2933 1068 3000 libertatis
1106 2933 1314 3016 licentiaeque

155 3043 312 3109 fructum.
357 3041 529 3108 Postremo
550 3042 660 3107 mendi
682 3040 839 3107 indicium
862 3041 1004 3108 absolvit
1026 3063 1187 3126 quoque
1210 3041 1315 3126 parti·

155 3152 234 3218 cula
269 3172 335 3218 non
362 3155 452 3216 recte
480 3151 606 3235 posita,
640 3149 787 3217 debebat
815 3151 904 3218 enim
931 3151 1012 3216 dici:
1046 3149 1316 3241 tribuniciam

157 3278 319 3345 quoque
352 3264 602 3344 potestatem
634 3277 707 3344 per
739 3280 781 3349 se
814 3259 1030 3343 agerent.²)
1091 3258 1170 3324 Haec
1204 3256 1315 3324 omnia

154 3364 367 3436 incommoda
399 3366 518 3433 tollent
550 3374 585 3433 et
618 3364 824 3452 aptissimam
853 3368 1054 3435 sententiam
1075 3374 1109 3433 et
1131 3366 1315 3432 orationem

154 3474 303 3545 efficient
337 3474 410 3541 duae
436 3475 574 3556 littera,
607 3495 681 3560 qua
710 3477 811 3542 semel
839 3478 972 3560 scripta
1002 3482 1093 3556 sunt,
1126 3476 1314 3560 geminata:

156 3642 388 3651 ——---.--—-

185 3723 211 3792 ¹)
230 3721 248 3793 ἓ
267 3727 298 3778 11
324 3724 442 3792 οιιιί11ο,
464 3722 598 3792 quoniam
621 3720 810 3777 Gronovianae
834 3722 1039 3778 emendationis
1063 3721 1159 3791 (nihil
1182 3739 1260 3776 esse
1281 3712 1316 3774 i'n

228 3825 263 3863 aa
279 3810 325 3865 ils
343 3808 469 3864 auxilii
486 3837 536 3879 -,
559 3808 694 3878 quibus)
712 3809 909 3864 necessitatem
926 3808 1172 3864 Weissenbornius
1191 3809 1230 3874 (in
1249 3806 1315 3860 edit.

228 3894 472 3964 Weidmsnniana)
490 3893 631 3951 intellexit
648 3899 678 3950 et
695 3898 808 3950 secutus
826 3900 876 3949 est

185 3980 212 4050 ¹)
229 3979 281 4051 VI,
304 3984 351 4052 20,
373 3983 392 4036 't
411 3999 498 4052 prave
519 3982 637 4048 cltatnr3
663 3999 730 4037 nam
752 3980 792 4035 ibi
816 3997 952 4049 quoque
975 3980 1092 4050 ponitur
1113 3985 1179 4050 post
1195 3977 1316 4048 primam

229 4084 328 4124 vocem
346 4084 429 4124 nova
446 4068 573 4123 notionis
591 4066 721 4123 deeora
736 4067 838 4135 belli,
865 4071 899 4121 ut
916 4067 956 4136 11,
978 4069 1027 4135 45,
1054 4070 1076 4135 1,
1097 4065 1185 4133 XXII,
1211 4067 1251 4131 14,
1276 4064 1317 4131 15,

229 4153 331 4224 XXIII,
344 4157 388 4221 41,
401 4156 432 4224 4,
446 4153 573 4223 XXVIII,
587 4156 630 4223 24,
643 4156 698 4210 Set
708 4156 750 4223 35,
764 4155 789 4222 b,
800 4153 833 4208 al.
861 4152 1072 4223 Relinquuntur
1089 4152 1147 4206 tria
1161 4149 1222 4206 cod
1240 4148 1316 4202 arch.

231 4242 346 4298 menda:
363 4240 399 4311 X,
419 4244 460 4310 14,
477 4243 495 4296 9
513 4240 657 4310 (quoque
674 4243 797 4310 aperta
813 4240 943 4310 pugna),
966 4244 1042 4296 recte
1060 4233 1317 4308 apudFrobenIum

230 4328 317 4386 tacita
335 4331 504 4397 correctum,
525 4325 614 4396 XXII,
636 4328 679 4393 27,
703 4329 744 4393 11,
762 4325 831 4378 item
848 4327 934 4381 tacite
953 4328 989 4382 ab
1007 4326 1068 4396 ipso
1086 4320 1317 4378 Weissenbornio

232 4415 421 4483 emendatum,
439 4412 542 4480 XXIII,
559 4415 604 4483 48,
621 4414 647 4481 4,
665 4428 683 4466 a
700 4411 843 4482 Siesbyeo.
