2994 5108
640 468 703 530 615
1085 478 1149 535 Lib.
1166 479 1239 536 XLI.
1285 542 1289 549 ,

179 650 257 737 Gap.
277 655 327 732 24,
354 655 392 715 10
415 651 462 731 (in
478 651 626 717 oratione
642 652 818 719 Archontis
840 659 956 720 contra
974 632 1182 718 Callicratem
1199 653 1240 718 de

105 758 212 826 'unibus
235 758 428 825 Achaeorum
449 759 685 826 Macedonibus
707 761 923 843 interdictis):
954 760 1032 826 Cur
1053 781 1242 826 exsecra·

105 866 193 934 >ilis
215 868 298 933 ista
325 867 442 934 nobis
475 869 576 933 solis
599 868 713 933 velut
735 869 931 935 dissertio
953 871 1057 934 iuris
1079 869 1242 934 humani

105 975 175 1042 ist?
197 975 335 1040 Frustra
352 974 569 1059 Kreyssigius,
587 974 749 1042 advocata
765 976 857 1042 Festi
881 976 1004 1059 (Pauli)
1029 977 1240 1056 auctoritate,

105 1079 183 1168 ipud
205 1104 302 1165 quem
325 1083 597 1148 dissertiones
620 1091 827 1168 exponuntur
855 1085 1081 1150 divisiones
1109 1084 1242 1168 patri-

104 1191 317 1257 noniorum
339 1192 449 1256 inter
470 1196 691 1270 consortes,
715 1190 842 1258 efficere
860 1201 1006 1271 conatur,
1029 1198 1066 1256 ut
1083 1193 1243 1257 usitatum

105 1307 128 1364 ιι
149 1299 319 1364 Liuianum
341 1297 504 1364 habeatur
526 1299 796 1365 dissertionis
826 1299 1125 1382 (dissortionis)
1148 1321 1242 1366 voca-

105 1406 222 1486 sulum,
251 1428 351 1489 quum
374 1409 555 1490 praesertim
587 1406 621 1471 id
643 1407 784 1472 alienam
806 1408 848 1473 ab
871 1406 968 1472 huius
990 1407 1056 1477 loci
1078 1408 1243 1473 sententia

105 1514 283 1579 rabiturum
307 1515 351 1579 sit
371 1515 559 1597 imaginem3
588 1536 693 1599 neque
717 1517 804 1580 enim
825 1514 879 1579 hic
902 1514 941 1579 de
965 1517 1141 1581 communis
1164 1515 1242 1581 boni

105 1622 267 1701 livisione‚
301 1631 338 1688 ιιι
366 1644 456 1688 suam
479 1625 619 1706 quisque
641 1632 769 1706 partem
792 1624 944 1706 accipiat,
968 1624 1086 1703 agitur.
1131 1621 1250 1687 Nihilo

105 1750 205 1814 amen
232 1732 336 1811 magis
366 1731 443 1795 ferri
471 1738 595 1815 potest,
629 1730 716 1813 quod
740 1730 898 1815 Grynaeus
922 1729 1152 1811 substituerat,
1176 1730 1243 1794 de-

105 1838 240 1919 uerti03
267 1858 375 1921 neque
398 1841 483 1903 enim
508 1839 615 1904 deseri
643 1840 693 1903 ius
716 1839 893 1903 humanum
915 1837 1022 1902 Archo
1045 1837 1244 1919 querebatur

105 1945 173 2027 hoc
196 1952 256 2026 est,
279 1946 402 2010 remitti
424 1967 485 2010 nec
508 1946 663 2029 defendi),
686 1954 800 2030 estque
824 1946 955 2010 omnino
973 1946 1079 2010 lenius
1096 1945 1131 2010 id
1146 1966 1245 2011 voca-

105 2053 209 2120 >ulum
243 2073 343 2137 quam
377 2075 436 2137 pro
471 2055 633 2119 adiectivo
668 2052 954 2119 exsecrabilis.
1008 2052 1051 2116 Ni
1083 2051 1189 2130 fallor,
1224 2074 1245 2117 a

105 2161 185 2228 'rivio
208 2168 280 2227 erat
302 2161 544 2245 discerpti03
578 2182 655 2227 nam
680 2163 787 2246 rumpi
816 2168 850 2226 et
870 2159 1062 2224 interscindi
1085 2160 1245 2226 violenter

105 2291 144 2336 us
167 2269 341 2335 ridebatur
362 2269 420 2334 illa
442 2268 555 2335 finium
576 2270 816 2336 interdictione.
861 2268 950 2334 Nihil
977 2288 1122 2347 moveor,
1155 2266 1245 2349 quod

105 2399 157 2445 roc
178 2379 319 2444 actionis
342 2377 538 2444 vocabulum
560 2378 602 2444 ab
624 2379 840 2445 usitatissimo
863 2376 963 2442 verbo
981 2374 1142 2441 deflexum
1164 2374 1245 2440 alibi

105 2506 164 2551 ron
184 2484 313 2568 legitur.
348 2485 450 2551 Paulo
473 2494 548 2569 post
572 2485 602 2568 (ἓ
627 2490 665 2550 12
690 2493 723 2551 et
746 2485 798 2567 13)
827 2485 930 2550 sicin
953 2484 1064 2549 codice
1088 2485 1247 2568 scriptum

105 2600 150 2658 est
173 2591 366 2674 (minutulos
379 2582 515 2659 'errores
539 2593 619 2658 nihil
642 2615 728 2659 nunc
755 2590 895 2673 moror):
932 2593 1175 2675 Quamquam
1208 2598 1248 2657 et

105 2700 206 2767 illud
238 2701 378 2766 dicere
411 2708 608 2784 poteram,
643 2707 761 2768 tanta
792 2703 974 2785 priorum
1003 2701 1248 2766 Macedonia

105 2829 236 2892 regum
257 2810 401 2879 merita
423 2830 516 2892 erga
538 2831 610 2875 nos
633 2809 769 2890 luisse,
795 2808 1032 2891 utPhilippi
1054 2810 1171 2873 unius
1194 2809 1249 2873 in·
1354 2836 1359 2845 ·

105 2917 230 2982 ¹turias
253 2916 336 2998 (cod.
361 2916 581 3000 iniuriam),
616 2921 648 2984 si
676 2941 760 3002 quae
787 2917 895 2982 forte
917 2916 1081 2981 fuerunt
1103 2917 1245 2998 utique
1263 2933 1334 3002 (506)

105 3031 194 3110 post
215 3032 399 3104 mortem3
434 3046 518 3089 cum
546 3023 692 3090 classis
716 3024 892 3092 Romana
914 3022 1137 3089 Cenchreis
1161 3032 1249 3090 sta-

105 3139 171 3213 ret,
194 3133 335 3198 consul
358 3154 441 3199 oum
464 3133 651 3198 exercitu
667 3132 811 3197 Elatiae
834 3138 954 3212 esset,
978 3131 1161 3197 triduum
1178 3155 1249 3199 nos

105 3241 140 3305 in
163 3241 342 3306 concilio
376 3239 516 3317 luisse,
552 3241 851 3321 consultantes,
885 3248 1018 3307 utrum
1051 3240 1249 3306 Romanos

105 3369 148 3414 an
170 3348 404 3433 Philippum
426 3369 696 3433 sequeremur.
742 3349 888 3414 Priorem
912 3349 1108 3414 sententiam
1140 3349 1174 3412 in
1197 3369 1251 3414 ex·

105 3463 206 3522 trema
237 3464 332 3540 parte
365 3477 514 3521 mancam
548 3477 618 3521 esse
648 3463 682 3521 et
709 3457 869 3522 excidisse
892 3456 1043 3536 verbum,
1077 3456 1176 3540 quale
1192 3462 1250 3548 ¹est

105 3564 263 3630 elevent
292 3570 351 3629 aut
378 3563 613 3644 obscurent,
641 3565 804 3629 neminem
825 3563 918 3648 fugit.
965 3563 1030 3629 Sed
1056 3587 1121 3630 non
1143 3567 1251 3630 minus

105 3673 310 3757 perspicuum
332 3678 397 3750 est,
421 3673 537 3737 deinde
560 3693 678 3737 novam
699 3673 846 3757 incipere
869 3673 1081 3754 sententiam,
1115 3692 1186 3755 quae
1209 3672 1251 3738 ab

105 3780 157 3845 illo
186 3778 325 3845 dicere
359 3788 540 3864 poteram
574 3780 718 3864 pendere
746 3787 906 3862 nequeat3
940 3801 1046 3864 neque
1070 3781 1253 3844 enimcum

105 3889 253 3954 universa
273 3887 333 3951 illa
353 3889 578 3972 propositione
602 3889 652 3969 (ut
679 3889 828 3955 rhetores
851 3887 1034 3972 appellant)
1063 3886 1251 3951 demeritis

105 4002 245 4061 ceterum
267 3995 468 4061 Macedonia
490 4016 605 4077 regum
628 4018 806 4081 eorumque
828 3997 974 4080 pondere
1005 3995 1158 4076 coniungi
1180 3992 1247 4080 pllo

105 4111 197 4188 pacto
221 4125 261 4169 ex
283 4124 376 4188 aequo
399 4111 508 4189 potest
532 4104 735 4171 confirmatio
760 4111 795 4171 et
816 4103 1010 4187 exemplum.
1056 4101 1159 4166 Recto
1189 4101 1249 4182 igi·

105 4216 155 4278 tur
175 4211 339 4279 hactenus
362 4211 483 4277 iudicio
508 4211 665 4297 Grynaeus
698 4215 745 4278 sic
774 4214 969 4296 scripserat:
1006 4208 1130 4287 Quum
1153 4209 1255 4274 clas·

105 4321 158 4386 sis
180 4321 221 4387 R.
240 4318 465 4386 Cenchreis
490 4327 631 4402 staret,
653 4321 897 4386 -triduum
919 4320 958 4384 in
982 4317 1162 4384 concilio
1180 4317 1255 4383 fui·
