3000 5116
199 490 260 545 nie.
280 489 390 543 xxxv.
748 474 809 533 510

199 663 300 727 Item
331 661 376 725 (le
400 648 635 744 provinciis
653 665 868 741 pratorum
891 658 1097 724 decretum
1122 668 1196 740 est,
1230 664 1364 746 prima

199 777 241 834 ut
265 791 354 834 sors
378 769 476 845 dum,
507 766 747 848 urbanaque
771 772 811 829 et
834 767 945 830 inter
968 767 1079 831 cives
1103 789 1147 832 ac
1173 758 1362 853 peregri·

198 899 268 942 nos
292 876 531 941 iurisdictio
556 879 675 951 esset,
704 873 883 936 secunda
905 872 1068 951 Bruttii,
1099 878 1230 941 tertia
1253 877 1361 943 elas·

200 987 254 1051 sis
284 992 345 1049 cet.
396 983 479 1048 Mire
508 983 594 1046 enim
624 980 744 1045 dicitur
772 982 902 1063 prima
932 1002 1017 1046 sors
1042 982 1125 1046 duae
1149 1005 1244 1048 esse
1268 985 1359 1069 (pro:

199 1093 384 1175 composita
407 1112 447 1156 ex
470 1089 599 1154 duabus
622 1088 746 1167 rebus),
777 1094 935 1168 sequente
958 1091 1141 1171 praesertim
1166 1094 1360 1170 secunda,

199 1223 271 1285 quae
294 1201 359 1264 isto
383 1199 479 1263 modo
503 1198 603 1262 tertia
626 1217 698 1261 esse
723 1195 860 1258 videtur.
901 1195 1034 1275 Vereor,
1057 1219 1098 1262 ne
1121 1198 1235 1265 Livius
1257 1203 1360 1285 scrip-

199 1309 293 1372 serit:
329 1307 460 1390 prima
492 1312 536 1369 ut
570 1326 661 1369 sors
690 1302 858 1385 duplex,
894 1304 1130 1387 urbanaque
1160 1342 1205 1353 —-
1234 1309 1359 1374 iuris·

199 1417 327 1480 ‹lictio
351 1419 472 1478 esset.
517 1412 654 1476 Poterat
677 1411 775 1475 etiam
800 1410 884 1475 duae
907 1433 1042 1495 prorsus
1067 1414 1223 1495 omitti.¹)

286 1522 364 1604 Cap.
388 1527 438 1599 47,
463 1525 481 1583 6
507 1518 695 1603 (Philippus
718 1518 853 1602 quidam
869 1518 1194 1602 Megalopolitanus),
1220 1545 1260 1588 se
1284 1527 1358 1591 ori-

112 1631 349 1721 (aquodam
383 1651 403 1694 a
436 1628 578 1709 Magno
612 1625 843 1690 Alexandro
878 1625 1028 1705 ferens,
1062 1627 1166 1694 filiis
1202 1631 1368 1697 duobus·

197 1739 431 1821 Philippum
455 1742 577 1817 atque
600 1733 870 1798 Alexandrum
894 1740 932 1797 et
954 1733 1054 1798 filiae
1079 1735 1272 1820 Apamam
1294 1761 1355 1805 no·

196 1847 303 1910 mina
326 1846 592 1926 imposuerat,
616 1861 731 1923 quain
754 1842 880 1922 regiis
904 1841 1120 1923 (Amynandri
1146 1846 1354 1927 Athamania)

196 1953 395 2018 inclutam
425 1952 582 2034 nuptiis
612 1951 739 2013 maior
763 1970 806 2012 ex
830 1947 1033 2014 fratribus
1056 1951 1279 2034 Philippus
1302 1976 1354 2018 se·

198 2061 316 2125 cutus
358 2062 397 2123 iu
432 2058 714 2123 Athamaniam
755 2057 901 2121 lucrat.
962 2057 1047 2121 Mire
1086 2059 1210 2122 femina
1242 2062 1351 2143 regulo

196 2175 303 2250 panut
332 2167 444 2231 statim
474 2166 599 2231 incluta
626 2164 677 2228 his
706 2165 831 2246 nuptiis
861 2164 988 2243 dicitur,
1023 2173 1195 2248 tamquam
1218 2170 1350 2234 nominis

197 2277 329 2340 claritas
353 2275 395 2340 ad
418 2275 616 2356 longinquos
639 2278 673 2336 et
695 2278 846 2354 posteros
870 2279 1052 2355 propagata
1076 2274 1295 2355 significetur,
1322 2282 1348 2340 et

197 2383 301 2447 frater
324 2382 482 2446 inclutam
506 2381 630 2463 nuptiis
653 2386 796 2457 secutae,
830 2387 1000 2461 tamquam
1023 2379 1113 2445 fama
1137 2404 1154 2445 e
1178 2382 1344 2466 longinquo

198 2490 312 2555 adlata
335 2491 508 2554 excitatus.
556 2489 681 2570 Opinor
703 2509 769 2551 una
791 2487 905 2550 littera
928 2487 1118 2553 aberratum
1142 2511 1228 2569 esse,
1258 2512 1341 2576 quum

197 2598 308 2661 Livius
344 2598 547 2680 scripsisset:
591 2616 709 2679 quam
743 2595 874 2676 regiis
909 2595 1093 2658 inclusa·
1129 2599 1284 2682 nuptiis
1308 2632 1338 2643 -

197 2704 421 2788 Philippus
460 2709 626 2767 secutus
668 2705 705 2766 in
740 2701 1023 2766 Athamaniam
1064 2703 1211 2770 fuerat.
1270 2705 1334 2770 Nan

198 2813 405 2895 illigatam
429 2811 558 2892 longius
582 2809 766 2889 discedas)

227 3069 249 3133 ¹)
270 3067 335 3135 Cap.
360 3069 406 3132 42,
432 3070 447 3119 3
471 3065 567 3118 nescio
586 3064 697 3118 Liviine
720 3080 797 3116 error
826 3081 861 3116 an
884 3065 1033 3133 scripturae
1059 3065 1193 3119 mendum
1212 3068 1246 3118 sit
1262 3061 1328 3119 iulis

266 3152 369 3208 verbis:
404 3156 437 3204 et
463 3150 573 3218 primo
603 3166 705 3203 naves
733 3155 875 3216 apertae,
908 3167 992 3217 quas
1017 3167 1088 3202 cum
1123 3169 1162 3203 eo
1186 3144 1327 3217 (Hannibale

267 3235 434 3300 Antiochus)
472 3237 639 3289 missurus
678 3235 711 3287 in
743 3234 892 3288 Africam
927 3234 1057 3300 fuerat,
1097 3241 1235 3288 moratae
1262 3232 1325 3286 sunl

267 3319 339 3373 Nam
366 3328 394 3373 et
413 3321 461 3374 lib.
481 3318 608 3386 XXXIV,
632 3323 665 3373 60
682 3318 824 3373 Hannibal
844 3325 978 3373 narratur
995 3325 1111 3373 centum
1135 3327 1248 3374 tectas
1263 3326 1325 3372 11⁸?oe

266 3406 425 3473 postulasse
443 3423 494 3460 nec
513 3411 633 3473 poterat,
660 3406 767 3473 opinor,
791 3405 874 3459 aliter
891 3405 1046 3459 exercitum
1067 3424 1100 3457 ex
1119 3406 1188 3459 Asia
1205 3395 1321 3465 Carthasi-

269 3507 332 3544 nem
351 3491 488 3544 traiicere.

227 3577 253 3641 ¹)
272 3573 337 3644 Cap.
356 3577 403 3642 49,
430 3576 460 3628 13
485 3575 527 3641 (in
550 3574 581 3627 T.
601 3573 725 3641 Quinctii
748 3576 875 3629 oratione
898 3577 927 3628 in
952 3576 1073 3629 concilio
1098 3571 1267 3633 Achaeorum}
1283 3577 1323 3618 ⁰⁰¹¹

268 3661 360 3714 minus
384 3677 457 3714 nune
481 3676 564 3727 quam
588 3660 654 3713 olim
677 3660 726 3726 (ad
746 3660 801 3714 Cic.
822 3660 882 3712 libr.
903 3660 916 3712 Ι
934 3660 968 3713 de
986 3660 1047 3714 Fin.
1068 3679 1091 3715 c.
1111 3664 1127 3712 7
1146 3680 1172 3728 p.
1191 3658 1231 3724 52)
1252 3652 1321 3708 nir⁰12

268 3745 316 3813 qni
341 3744 445 3799 factum
475 3744 523 3810 sit,
552 3749 584 3798 ut
605 3745 731 3813 plerique
756 3747 930 3799 recentiores
953 3745 1187 3799 Drakenborchio
1210 3732 1324 3797 oreduul

267 3837 344 3885 recte
363 3830 460 3883 scribi:
488 3828 568 3884 Nam
592 3829 681 3898 quod
705 3831 874 3896 optimum
898 3848 972 3884 esse
996 3831 1133 3899 dicant,
1162 3848 1224 3884 non
1240 3830 1321 3880 inter·

268 3915 551 3984 ponivusbe110,
574 3915 663 3969 nihil
678 3917 771 3969 immo
786 3921 853 3970 tam
871 3917 1017 3968 alienum
1036 3917 1139 3969 rebus
1158 3902 1320 3968 νιιιιτίιθίι

268 3999 468 4056 Coniunctivus
492 4000 565 4054 enim
587 4001 617 4054 in
639 4001 835 4069 hoc'genere,
863 4002 910 4054 uhi
933 4000 1072 4054 iudicatur
1097 4000 1131 4053 de
1155 4019 1185 4054 re
1205 3998 1278 4056 fau,
1297 3979 1321 4034 dl

268 4084 410 4139 sententia
428 4085 483 4138 iam
502 4086 537 4139 ab
557 4086 618 4140 aliis
636 4087 796 4155 proposita,
823 4085 891 4139 ferri
915 4086 1027 4154 nequit,
1057 4086 1199 4155 longeque
1215 4081 1320 4161 diversum

268 4168 420 4239 estquod
438 4171 512 4238 apud
531 4170 661 4226 Plautum
679 4176 709 4225 et
726 4171 887 4226 Terentium
907 4189 970 4226 cum
988 4172 1172 4226 coniunctivo
1189 4150 1320 4240 (potentiali

268 4253 309 4310 sic
335 4255 473 4324 positum,
505 4260 537 4310 ut
569 4257 732 4312 coniectura
758 4257 942 4326 precipiatur
969 4256 1010 4322 id,
1043 4257 1121 4324 quod
1151 4258 1212 4326 quis
1236 4254 1320 4308 roasa

268 4336 396 4394 dicturus
413 4340 460 4407 sit,
479 4347 510 4394 ut
528 4340 619 4409 quod
637 4340 732 4396 dieas
751 4342 799 4395 sit:
824 4341 997 4410 fingamus
1017 4346 1050 4395 ts
1068 4342 1199 4408 dicers;
1218 4341 1243 4395 si
1256 4335 1321 4391 lerte
