2994 5108
207 495 270 552 Lib.
287 498 388 554 XXIV.
624 533 629 545 ·
757 495 817 556 332

210 673 456 741 sentientem
480 674 675 743 Graeciam
697 680 746 745 e'd
770 680 921 746 bellum
943 717 987 726 -
1008 680 1290 765 inferendum),
1325 683 1366 751 de

209 786 246 848 lt.
270 785 304 848 P.
329 783 358 863 Ι,
388 788 406 848 3
437 785 551 863 (bene
586 790 825 855 constitute
854 791 1017 855 civitati
1050 789 1218 874 publico
1246 791 1367 875 iure),·

207 916 286 959 usus
320 901 370 958 est
403 894 503 958 etiam
537 892 707 961 Cornelius
745 896 857 981 Nepos
892 897 1036 977 (Datum.
1072 902 1105 963 3:
1145 898 1366 983 magnifice

207 1002 403 1067 Datamen
444 1002 637 1070 donatum
676 1013 711 1070 et
752 1011 786 1070 6:
826 1007 873 1071 de
912 1006 1015 1072 male
1054 1028 1095 1072 re
1137 1014 1270 1090 gesta3
1305 1007 1364 1074 cfr.

206 1110 313 1176 Hann.
346 1114 399 1189 13,
435 1114 470 1191 2,
504 1111 599 1178 Eum.
625 1119 658 1178 5:
693 1134 806 1198 aeque
839 1116 1021 1180 iumenta
1053 1114 1219 1198 nitida),
1254 1113 1381 1208 011111,

207 1241 354 1303 quoque,
390 1219 521 1303 opinor,
557 1219 608 1285 bis
637 1221 687 1301 (B.
712 1220 746 1286 C.
770 1223 817 1302 11,
847 1226 902 1301 32,
933 1229 967 1288 5:
1001 1224 1041 1288 in
1069 1222 1272 1306 Hispania
1298 1246 1365 1291 res

207 1335 345 1411 gestas
368 1326 579 1411 Caesaris1)
609 1338 642 1394 et
669 1330 733 1409 Ill,
764 1337 819 1396 96:
854 1330 1091 1397 recentibus
1120 1331 1365 1416 caespitibus

205 1436 477 1503 tabernacula
509 1439 751 1520 constrata).
807 1438 887 1504 Post
920 1439 1047 1504 Livium
1077 1439 1113 1503 L.
1145 1438 1280 1505 Seneca-
1303 1439 1365 1506 ali·

205 1545 336 1626 quoties
364 1547 410 1611 sic
438 1546 537 1628 dixit,
570 1547 662 1612 velut
695 1546 738 1612 ad
767 1546 868 1612 Marc.
896 1552 950 1626 18,
983 1552 1004 1611 4
1033 1546 1212 1628 (summis
1242 1568 1364 1613 cacu-

204 1654 383 1720 mtnibus
422 1676 588 1722 nemora
626 1656 850 1737 nutantia),
894 1655 938 1720 ad
972 1654 1065 1720 Helu.
1098 1660 1151 1734 11,
1186 1658 1205 1719 3
1239 1655 1365 1735 (anti-

205 1764 300 1848 quis
317 1764 552 1830 nominibus
570 1762 781 1831 artificum
798 1770 1009 1846 argentum
1023 1761 1364 1848 nobile),adPolyb.

205 1877 234 1953 3,
257 1877 286 1951 5,
311 1871 351 1937 de
373 1873 427 1937 Tr.
450 1872 511 1938 An.
538 1878 566 1950 1,
590 1877 618 1952 5,
642 1873 682 1937 de
705 1869 857 1951 Cleml,
885 1875 932 1951 13,
957 1876 986 1950 5,
1010 1871 1051 1936 de
1073 1870 1153 1937 Ben.
1173 1870 1229 1950 IV,
1255 1875 1305 1950 17,
1328 1874 1366 1952 3;

203 1981 293 2064 apud
316 1981 399 2046 alios
422 2001 559 2065 perrara
581 1988 660 2046 sunt
683 1980 843 2064 exempla,
867 1980 956 2044 velut
978 1979 1067 2063 apud
1091 1977 1243 2045 Curtium
1259 1978 1366 2060 (VIII,

207 2095 239 2168 1,
271 2095 307 2153 11
339 2097 373 2154 11
401 2092 438 2167 3,
467 2094 523 2154 2οε
559 2090 664 2155 nudo
693 2089 835 2172 capite
865 2108 997 2170 regem
1028 2088 1306 2171 dimicantem)
1331 2095 1365 2154 et

204 2198 442 2276 Quintilianum
474 2197 560 2278 (XII,
592 2202 700 2276 1,16:
742 2196 1006 2280 integerrime
1041 2197 1256 2279 provincia
1292 2195 1366 2262 ad·

203 2306 459 2388 ministrata)
488 2311 523 2370 et
544 2305 679 2370 Florum
702 2304 757 2385 (II,
780 2309 809 2385 7,
834 2309 889 2368 ll:
913 2304 1184 2370 interclusum
1204 2304 1364 2372 hostem

204 2413 515 2495 commeatibus)
539 2397 579 2479 ’11
601 2412 766 2478 lustinum
789 2411 928 2493 (XXXI,
958 2415 991 2493 3,
1021 2416 1056 2476 9:
1087 2413 1126 2477 in
1149 2413 1248 2478 Asia
1275 2412 1365 2498 regi

205 2522 389 2603 sedenti).
451 2520 547 2585 Paene
582 2521 705 2587 oblitus
742 2543 831 2599 sum,
866 2521 900 2584 in
933 2520 1063 2585 actione
1096 2521 1133 2585 vi
1166 2520 1363 2587 bonorum

203 2638 411 2714 raptorum
440 2628 528 2712 apud
556 2627 654 2694 lCtos
688 2630 826 2694 eandem
855 2649 927 2694 esse
955 2629 1191 2694 traiectionem.
1247 2628 1362 2697 Simile

204 2749 270 2820 est,
299 2738 387 2822 quod
410 2739 530 2803 dicitur
553 2738 641 2802 eius
666 2739 841 2816 Quintus
863 2737 996 2816 filius,
1026 2738 1112 2801 eius
1134 2737 1364 2804 Anchialus

204 2869 344 2916 servus
368 2847 447 2928 (Cic.
472 2847 515 2912 ad
538 2846 627 2912 Fam.
651 2845 746 2926 Xlll,
777 2846 842 2927 45).
896 2843 988 2928 [Haec
1018 2846 1053 2909 in
1083 2847 1192 2929 priore
1215 2846 1364 2912 editione

204 2959 346 3024 breviter
380 2955 563 3040 significata
597 2954 733 3019 uberius
765 2975 852 3018 nunc
887 2961 1081 3036 persecutus
1109 2976 1190 3018 sum.
1249 2952 1359 3037 1875)

289 3066 366 3149 Cap.
391 3070 425 3144 3,
454 3071 531 3130 211
554 3069 572 3128 3
595 3063 650 3144 (de
675 3061 819 3128 Crotone
842 3061 953 3142 urbe):
989 3062 1086 3127 Post
1113 3064 1362 3129 vastitatem

203 3197 247 3241 eo
277 3174 420 3257 (Pyrrhi)
456 3173 565 3238 bello
598 3172 747 3237 factem
782 3172 846 3235 vix
873 3192 967 3253 pars
995 3170 1167 3235 dimidia
1193 3169 1362 3237 habita·

202 3285 333 3351 batur.
373 3283 547 3360 Flumen,
571 3280 677 3364 quod
700 3278 830 3344 medio
854 3278 1004 3362 oppido
1027 3278 1221 3356 fluxerat,
1244 3289 1365 3345 extra

202 3392 437 3473 frequentia
459 3390 584 3456 tectis
607 3389 699 3453 loca
722 3385 1043 3471 praeterfluebat,
1067 3393 1105 3452 11
1125 3409 1195 3452 111
1215 3386 1365 3470 procul

203 3502 275 3578 eis,
304 3520 385 3580 quse
419 3498 735 3576 habitabantur3
769 3517 835 3560 sex
864 3495 996 3559 millia
1018 3494 1164 3560 aberat
1186 3494 1233 3559 ab
1258 3496 1362 3561 urbe

201 3607 339 3673 nobile
368 3607 562 3689 templum
590 3604 694 3688 (ipsa
721 3603 821 3669 urbe
849 3610 938 3668 erat
960 3602 1157 3685 nobilius)
1180 3602 1365 3670 Laciniae

201 3717 386 3795 lunonis,
416 3722 600 3780 sanctum
629 3712 813 3778 omnibus
837 3712 949 3776 circa
971 3711 1148 3794 populis.
1205 3709 1261 3775 Sic
1285 3711 1364 3777 inde

201 3850 222 3895 1
244 3827 410 3892 Gronovio
434 3823 553 3902 editur,
583 3822 748 3904 scriptura
770 3840 809 3884 ex
832 3820 903 3884 eius
927 3818 1147 3901 Salmasiique
1169 3819 1366 3885 coniectura

229 4035 252 4103 ¹)
271 4037 365 4090 Etiam
393 4034 468 4103 apud
494 4032 607 4087 Livium
634 4031 739 4098 saepins
765 4029 827 4082 haec
854 4028 985 4082 traiectio
1013 4026 1118 4081 accidit
1144 4027 1172 4080 in
1199 4026 1240 4080 rei
1269 4033 1363 4098 gesto

270 4122 473 4191 appellatione,
505 4117 580 4186 quod
613 4135 668 4171 res
700 4120 800 4185 gesta
827 4114 906 4181 quasi
935 4130 987 4182 pro
1016 4130 1072 4166 nno
1100 4112 1213 4166 nomine
1241 4119 1306 4168 erat
1334 4120 1367 4170 11

269 4208 354 4261 male
376 4211 476 4275 gesta
498 4223 534 4257 re
557 4220 610 4272 pro
634 4202 721 4255 mala
743 4218 779 4253 re
801 4200 954 4253 dicebatur.
997 4197 1070 4264 (VII,
1094 4199 1136 4263 38,
1155 4199 1178 4262 2,
1202 4196 1296 4266 XXII,
1315 4200 1360 4269 28,

271 4295 316 4355 13,
339 4290 450 4356 XXIII,
473 4293 519 4357 31,
543 4293 572 4356 ¹7,
597 4287 686 4352 XXV,
712 4289 758 4352 17,
781 4287 812 4352 6,
833 4283 921 4353 XXX,
944 4286 985 4349 32,
1008 4284 1037 4349 6,
1061 4281 1159 4349 XLIV,
1185 4285 1225 4349 18,
1249 4287 1280 4350 43
1307 4283 1362 4340 cfr.

268 4376 370 4444 XXXI,
390 4379 432 4445 21,
451 4378 479 4429 3:
499 4374 638 4445 egregie
655 4373 704 4425 rei
724 4370 910 4440 gerendae.)
1068 4369 1070 4374 '
