3000 5116
796 448 815 510 2

232 633 381 714 alterum,
404 633 540 698 tertium
563 631 756 698 adnotatum
778 614 945 714 haberem,
968 656 1033 718 quo
1057 637 1162 702 oratio
1180 568 1383 704 cirrendatior

179 750 216 814 (2)
234 742 306 808 fieri
339 747 466 826 posset,
499 761 610 805 secum
645 742 935 822 communicarem,
972 765 1073 827 quum
1107 746 1177 811 eius
1206 767 1307 811 causa
1335 768 1385 828 ea,

231 872 303 934 quae
327 871 347 915 a
369 872 421 915 me
449 851 521 934 ipso
551 847 627 914 olim
656 854 789 931 reperta
811 850 845 913 in
868 849 1057 916 adversaria
1079 854 1297 934 contuleram,
1326 854 1383 920 de·'

230 958 405 1025 scriberem
435 964 468 1024 et
495 957 638 1022 breviter
667 957 880 1040 explicarem,
915 961 1048 1039 sensim,
1083 963 1204 1044 partim
1231 961 1384 1029 trahente

230 1067 477 1153 opportunitate
499 1064 692 1131 renovandae
715 1067 823 1131 animo
847 1088 956 1131 rerum
979 1069 1200 1135 Romanarum
1222 1070 1384 1154 imaginis,

229 1176 352 1261 partim
374 1195 531 1240 novorum
555 1182 588 1239 et
609 1175 846 1258 prestantium,
870 1197 943 1258 quae
965 1177 1092 1241 interea
1114 1176 1156 1242 ad
1175 1178 1258 1243 Livii
1280 1177 1385 1245 libros

230 1283 451 1351 emendandos
479 1290 596 1369 parata
624 1288 719 1347 erant
742 1289 867 1348 ettam
890 1285 1030 1350 maxime
1053 1286 1275 1370 parabantur,
1306 1288 1382 1353 sub-

230 1386 483 1479 mdiorum-usu
517 1390 722 1470 blandiente,
764 1412 865 1475 quum
904 1394 1086 1476 praesertim
1125 1395 1196 1478 ipse
1236 1397 1382 1478 quinquo

230 1507 471 1586 postremorum
493 1498 653 1565 librorum
677 1498 815 1578 codicis,
844 1500 901 1584 qui
924 1522 1009 1565 unus
1032 1510 1192 1585 superest,
1216 1503 1383 1569 Vindobo-

229 1610 339 1675 nensis
375 1609 558 1693 scripturas
587 1605 683 1691 plene
711 1612 842 1672 notatas
871 1608 1090 1692 accepissem,
1120 1616 1227 1676 totum
1254 1611 1383 1677 Livium

230 1722 412 1783 retractare
441 1717 535 1801 coepi
564 1724 598 1781 et
625 1714 668 1780 ab
691 1715 823 1780 illorum
846 1718 990 1800 quinque
1013 1716 1172 1783 librorum
1194 1721 1385 1786 recensione

230 1833 263 1891 et
298 1824 525 1891 emendatione
559 1845 653 1889 orsus
688 1845 790 1909 prope
825 1824 963 1889 eandem
996 1846 1128 1909 operam
1162 1827 1205 1892 ad
1238 1829 1383 1913 reliquos

229 1933 332 2000 libros
366 1930 559 2012 transferre,
600 1953 738 2016 eamque
776 1954 845 1998 rem
883 1931 972 1998 horis
1012 1934 1192 2000 subsecivis
1226 1943 1381 2018 quattuor
1433 1974 1449 2015 ·,

230 2043 323 2107 annis
341 2041 475 2121 absolvi,
500 2061 595 2124 saepe,
614 2063 715 2125 quum
734 2041 799 2106 alia
816 2041 1036 2125 praevertenda
1057 2049 1169 2108 essent
1186 2050 1219 2109 et
1237 2045 1383 2109 animum

229 2155 389 2229 tenerent,
412 2149 635 2215 intermissam
657 2156 691 2214 et
712 2156 789 2234 post
810 2170 876 2214 non
898 2170 1078 2233 paucorum
1100 2153 1259 2216 mensium
1281 2153 1384 2217 inter·

229 2258 351 2325 vallum
384 2263 595 2342 resumptam.
651 2256 757 2322 Huius
788 2278 895 2341 operae
924 2257 1052 2322 fructus
1082 2280 1181 2342 quum
1211 2260 1290 2324 mihi
1319 2261 1382 2345 ipsi

230 2389 295 2433 non
327 2365 515 2450 displiceret
542 2366 774 2449 videreturque
803 2365 957 2431 utilitatis
986 2365 1111 2448 aliquid
1139 2365 1261 2432 habere
1284 2388 1383 2452 posse

230 2475 274 2540 ad
297 2474 437 2540 aliorum
460 2473 570 2539 studia
591 2474 783 2555 adiuvanda,
806 2473 847 2539 ab
871 2474 985 2540 amicis
1008 2481 1118 2540 autem
1136 2475 1382 2561 discipulisque,

231 2582 426 2668 quibuscum
454 2605 521 2648 non
549 2604 653 2667 pauca
681 2605 741 2667 per
771 2603 937 2648 sermones
966 2590 1000 2648 et
1028 2582 1177 2649 docendo
1201 2584 1383 2649 communi·

231 2712 391 2771 caveram,
418 2697 511 2757 totus
533 2689 746 2774 flagitaretur,
775 2691 914 2770 decrevi,
944 2691 1101 2776 quicquid
1125 2712 1146 2756 a
1167 2713 1218 2756 me
1240 2693 1317 2757 novi
1339 2692 1381 2756 ad

229 2800 313 2865 Livii
335 2799 439 2865 libros
462 2799 589 2865 mendis
611 2798 801 2864 liberandos
824 2798 966 2864 conferri
989 2807 1110 2882 posset,
1133 2800 1276 2865 breviter
1294 2820 1383 2865 com·

228 2907 446 2996 prehendere,
478 2907 633 2973 indicatis
667 2907 701 2970 in
736 2913 942 2986 transcursu,
976 2927 1049 2991 quae
1083 2909 1147 2972 iam
1175 2912 1274 2971 antea
1301 2906 1381 2971 alibi

229 3017 432 3101 sparsissem.
485 3014 567 3081 Nam
599 3014 688 3096 quod
717 3015 813 3080 amici
843 3015 1060 3099 discipulique
1083 3014 1248 3081 interdum
1268 3013 1382 3080 horta·

227 3124 349 3191 bantur
370 3123 615 3208 rogabantque,
649 3128 703 3202 ut,
737 3124 891 3207 quoniam
913 3129 1035 3207 praeter
1057 3145 1110 3203 ea,
1145 3144 1216 3205 quae
1239 3123 1310 3207 ipse
1332 3124 1382 3187 in·

226 3234 397 3312 venissem,
421 3255 488 3298 non
511 3252 617 3315 pauca
638 3231 679 3297 ab
702 3230 777 3296 aliis
799 3237 888 3295 recte
905 3237 945 3295 'et
966 3252 1041 3296 vere
1065 3232 1252 3313 excogitata
1273 3229 1380 3296 iacere

226 3340 379 3424 neglecta
405 3346 556 3424 putarem
585 3334 643 3405 a'ut
671 3340 787 3416 etiam,
822 3360 923 3422 quum
952 3344 1063 3404 essent
1090 3360 1112 3403 a
1132 3338 1323 3421 Kreyssigio
1345 3344 1380 3401 et

227 3447 393 3527 lielvlvem,
422 3446 572 3530 quaedam
594 3449 659 3513 iam
681 3468 702 3511 a
723 3445 1003 3525 Drakenborchio,
1032 3446 1150 3511 merito
1173 3446 1208 3510 in
1230 3446 1377 3511 ordinem

227 3562 370 3641 recepta,
393 3578 413 3622 a
434 3556 669 3621 recentissimis
691 3554 875 3620 editoribus
897 3554 1010 3618 iudicii
1034 3574 1145 3619 errore
1167 3556 1292 3620 reiecta
1307 3573 1381 3618 esse

228 3671 448 3750 susceptaque
484 3671 599 3729 contra
632 3685 649 3728 e
687 3662 855 3727 codicibus
890 3662 1072 3747 complura,
1112 3683 1185 3747 quae
1219 3660 1381 3746 praeteriri

228 3773 434 3854 debuissent,
472 3772 556 3838 Livii
588 3771 692 3837 libros
725 3772 797 3856 ipse
830 3770 873 3836 ad
907 3770 1037 3836 codices
1071 3777 1205 3837 exactos
1238 3770 1379 3848 ederem,

226 3881 402 3948 revocabat
423 3902 475 3947 me
499 3887 533 3946 et
554 3879 678 3945 laboris
701 3878 855 3944 molestia
875 3880 980 3945 oculis
1003 3881 1101 3945 etiam
1124 3878 1246 3943 infesta
1266 3873 1382 3942 futuis

227 3995 262 4057 et
277 3990 416 4057 aliorum
433 3989 617 4056 studiorum
634 3988 795 4052 maiorum
812 3989 1062 4070 graviorumque
1077 3985 1379 4070 persequendorum

226 4099 378 4167 voluntas
405 4118 562 4183 spesque,
589 4116 712 4179 neque,
741 4116 843 4178 quum
870 4094 922 4160 his
944 4096 1119 4178 postremis
1141 4094 1235 4160 annis
1258 4099 1381 4176 praeter

227 4228 309 4288 eam,
337 4229 437 4291 quam
458 4203 684 4271 Alschefskius
705 4203 894 4269 inchoasset
916 4205 1018 4268 totius
1042 4203 1125 4268 Livii
1148 4202 1334 4278 editionem,
1359 4222 1381 4266 a

224 4314 497 4419 Weisseanrnio
520 4334 617 4378 unam
640 4310 784 4375 viderem
807 4310 1007 4390 absolutam,
1037 4310 1185 4390 alteram,
1214 4330 1380 4375 commen-
