<?xml version="1.0" encoding="UTF-8"?>
<!DOCTYPE html PUBLIC "-//W3C//DTD XHTML 1.0 Transitional//EN"
    "http://www.w3.org/TR/xhtml1/DTD/xhtml1-transitional.dtd">
<html xmlns="http://www.w3.org/1999/xhtml" xml:lang="en" lang="en">
 <head>
  <title>
</title>
<meta http-equiv="Content-Type" content="text/html;charset=utf-8" />
  <meta name='ocr-system' content='tesseract 3.04.00' />
  <meta name='ocr-capabilities' content='ocr_page ocr_carea ocr_par ocr_line ocrx_word'/>
</head>
<body>
  <div class='ocr_page' id='page_1' title='image "./emendationesliv00madvgoog_0070.png"; bbox 0 0 2994 5108; ppageno 0'>
   <div class='ocr_carea' id='block_1_1' title="bbox 709 483 1307 556">
    <p class='ocr_par' dir='ltr' id='par_1_1' title="bbox 709 483 1307 556">
     <span class='ocr_line' id='line_1_1' title="bbox 709 483 1307 556; baseline 0.002 -3"><span class='ocrx_word' id='word_1_1' title='bbox 709 483 750 544; x_wconf 76' lang='grc'>57</span> <span class='ocrx_word' id='word_1_2' title='bbox 1203 497 1307 556; x_wconf 74' lang='lat' dir='ltr'>urus</span> 
     </span>
    </p>
   </div>
   <div class='ocr_carea' id='block_1_2' title="bbox 144 666 1308 2920">
    <p class='ocr_par' dir='ltr' id='par_1_2' title="bbox 145 666 1307 1081">
     <span class='ocr_line' id='line_1_2' title="bbox 146 666 1307 751; baseline 0.005 -20"><span class='ocrx_word' id='word_1_3' title='bbox 146 666 342 751; x_wconf 81' lang='lat' dir='ltr'><strong>pronomine</strong></span> <span class='ocrx_word' id='word_1_4' title='bbox 365 666 557 733; x_wconf 87' lang='lat' dir='ltr'>aberratum</span> <span class='ocrx_word' id='word_1_5' title='bbox 579 672 630 733; x_wconf 90' lang='lat' dir='ltr'>est</span> <span class='ocrx_word' id='word_1_6' title='bbox 651 666 716 748; x_wconf 87' lang='grc' dir='ltr'>ΠΙ,</span> <span class='ocrx_word' id='word_1_7' title='bbox 745 672 796 747; x_wconf 82' lang='grc'>55,</span> <span class='ocrx_word' id='word_1_8' title='bbox 824 671 844 733; x_wconf 86' lang='lat'>8</span> <span class='ocrx_word' id='word_1_9' title='bbox 866 675 945 734; x_wconf 91' lang='lat' dir='ltr'>uoto</span> <span class='ocrx_word' id='word_1_10' title='bbox 968 669 1051 749; x_wconf 90' lang='lat' dir='ltr'>loco,</span> <span class='ocrx_word' id='word_1_11' title='bbox 1079 669 1136 736; x_wconf 90' lang='lat' dir='ltr'>ubi</span> <span class='ocrx_word' id='word_1_12' title='bbox 1161 671 1307 737; x_wconf 88' lang='lat' dir='ltr'>scriben-</span> 
     </span>
     <span class='ocr_line' id='line_1_3' title="bbox 148 773 1306 859; baseline 0.003 -17"><span class='ocrx_word' id='word_1_13' title='bbox 148 776 227 842; x_wconf 92' lang='lat' dir='ltr'>dum</span> <span class='ocrx_word' id='word_1_14' title='bbox 250 781 318 842; x_wconf 88' lang='lat' dir='ltr'>est:</span> <span class='ocrx_word' id='word_1_15' title='bbox 347 775 416 842; x_wconf 92' lang='lat' dir='ltr'>sed</span> <span class='ocrx_word' id='word_1_16' title='bbox 438 795 554 859; x_wconf 89' lang='lat' dir='ltr'>quum</span> <span class='ocrx_word' id='word_1_17' title='bbox 576 777 667 859; x_wconf 89' lang='lat' dir='ltr'>quis</span> <span class='ocrx_word' id='word_1_18' title='bbox 695 773 780 858; x_wconf 90' lang='lat' dir='ltr'>(cod.</span> <span class='ocrx_word' id='word_1_19' title='bbox 804 775 893 842; x_wconf 84' lang='lat' dir='ltr'>arch.</span> <span class='ocrx_word' id='word_1_20' title='bbox 917 776 1027 859; x_wconf 88' lang='lat' dir='ltr'>quid)</span> <span class='ocrx_word' id='word_1_21' title='bbox 1056 799 1191 845; x_wconf 89' lang='lat' dir='ltr'>eorum</span> <span class='ocrx_word' id='word_1_22' title='bbox 1217 783 1306 846; x_wconf 89' lang='lat' dir='ltr'>cui·</span> 
     </span>
     <span class='ocr_line' id='line_1_4' title="bbox 145 883 1306 972; baseline 0.003 -21"><span class='ocrx_word' id='word_1_23' title='bbox 145 885 255 970; x_wconf 89' lang='lat' dir='ltr'>piam</span> <span class='ocrx_word' id='word_1_24' title='bbox 285 883 331 966; x_wconf 88' lang='lat' dir='ltr'>(R</span> <span class='ocrx_word' id='word_1_25' title='bbox 357 885 423 950; x_wconf 89' lang='lat' dir='ltr'>cui</span> <span class='ocrx_word' id='word_1_26' title='bbox 449 905 578 967; x_wconf 90' lang='lat' dir='ltr'>quam,</span> <span class='ocrx_word' id='word_1_27' title='bbox 612 884 646 949; x_wconf 88' lang='lat' dir='ltr'><strong>M</strong></span> <span class='ocrx_word' id='word_1_28' title='bbox 675 885 740 950; x_wconf 90' lang='lat' dir='ltr'>cui</span> <span class='ocrx_word' id='word_1_29' title='bbox 768 906 896 968; x_wconf 90' lang='lat' dir='ltr'>quem,</span> <span class='ocrx_word' id='word_1_30' title='bbox 930 884 1064 951; x_wconf 87' lang='lat' dir='ltr'>Pman.</span> <span class='ocrx_word' id='word_1_31' title='bbox 1091 892 1105 951; x_wconf 95' lang='lat' dir='ltr'>l</span> <span class='ocrx_word' id='word_1_32' title='bbox 1137 890 1204 971; x_wconf 90' lang='lat' dir='ltr'>qui</span> <span class='ocrx_word' id='word_1_33' title='bbox 1228 888 1306 972; x_wconf 89' lang='lat' dir='ltr'>cui)</span> 
     </span>
     <span class='ocr_line' id='line_1_5' title="bbox 146 990 1015 1081; baseline 0.001 -23"><span class='ocrx_word' id='word_1_34' title='bbox 146 994 347 1073; x_wconf 76' lang='lat' dir='ltr'>nocnerit</span> <span class='ocrx_word' id='word_1_35' title='bbox 370 990 412 1057; x_wconf 93' lang='lat' dir='ltr'>id</span> <span class='ocrx_word' id='word_1_36' title='bbox 432 1012 592 1058; x_wconf 89' lang='lat' dir='ltr'>sacrum</span> <span class='ocrx_word' id='word_1_37' title='bbox 614 994 777 1059; x_wconf 88' lang='lat' dir='ltr'>sanciri.</span> <span class='ocrx_word' id='word_1_38' title='bbox 1012 1076 1015 1081; x_wconf 25' lang='grc' dir='ltr'>Ι</span> 
     </span>
    </p>

    <p class='ocr_par' dir='ltr' id='par_1_3' title="bbox 144 1099 1308 2920">
     <span class='ocr_line' id='line_1_6' title="bbox 234 1099 1305 1186; baseline 0.002 -19"><span class='ocrx_word' id='word_1_39' title='bbox 234 1099 334 1186; x_wconf 81' lang='lat' dir='ltr'>*Cap</span> <span class='ocrx_word' id='word_1_40' title='bbox 359 1105 410 1182; x_wconf 83' lang='lat'>39,</span> <span class='ocrx_word' id='word_1_41' title='bbox 439 1106 474 1166; x_wconf 81' lang='lat'>4:</span> <span class='ocrx_word' id='word_1_42' title='bbox 501 1100 648 1167; x_wconf 82' lang='lat' dir='ltr'>Evenit</span> <span class='ocrx_word' id='word_1_43' title='bbox 668 1101 804 1182; x_wconf 86' lang='lat' dir='ltr'>facile,</span> <span class='ocrx_word' id='word_1_44' title='bbox 833 1102 938 1185; x_wconf 88' lang='lat' dir='ltr'>quod</span> <span class='ocrx_word' id='word_1_45' title='bbox 961 1101 1023 1168; x_wconf 90' lang='lat' dir='ltr'>dis</span> <span class='ocrx_word' id='word_1_46' title='bbox 1047 1104 1162 1170; x_wconf 89' lang='lat' dir='ltr'>cordi</span> <span class='ocrx_word' id='word_1_47' title='bbox 1185 1112 1305 1171; x_wconf 90' lang='lat' dir='ltr'>esset.</span> 
     </span>
     <span class='ocr_line' id='line_1_7' title="bbox 146 1208 1306 1280; baseline 0.003 -4"><span class='ocrx_word' id='word_1_48' title='bbox 146 1210 300 1276; x_wconf 86' lang='lat' dir='ltr'>Debebat</span> <span class='ocrx_word' id='word_1_49' title='bbox 322 1210 386 1275; x_wconf 89' lang='lat' dir='ltr'>dici</span> <span class='ocrx_word' id='word_1_50' title='bbox 409 1216 508 1275; x_wconf 89' lang='lat' dir='ltr'>erat.</span> <span class='ocrx_word' id='word_1_51' title='bbox 549 1208 615 1274; x_wconf 86' lang='lat' dir='ltr'>Sed</span> <span class='ocrx_word' id='word_1_52' title='bbox 633 1209 746 1276; x_wconf 81' lang='lat' dir='ltr'>Livius</span> <span class='ocrx_word' id='word_1_53' title='bbox 769 1209 809 1276; x_wconf 92' lang='lat' dir='ltr'>de</span> <span class='ocrx_word' id='word_1_54' title='bbox 832 1217 953 1276; x_wconf 88' lang='lat' dir='ltr'>eventu</span> <span class='ocrx_word' id='word_1_55' title='bbox 974 1233 1060 1276; x_wconf 85' lang='lat' dir='ltr'>curse</span> <span class='ocrx_word' id='word_1_56' title='bbox 1083 1213 1117 1276; x_wconf 95' lang='lat' dir='ltr'>in</span> <span class='ocrx_word' id='word_1_57' title='bbox 1134 1212 1306 1280; x_wconf 90' lang='lat' dir='ltr'>educando</span> 
     </span>
     <span class='ocr_line' id='line_1_8' title="bbox 148 1317 1306 1403; baseline -0.002 -17"><span class='ocrx_word' id='word_1_58' title='bbox 148 1319 263 1386; x_wconf 83' lang='lat' dir='ltr'>Servio</span> <span class='ocrx_word' id='word_1_59' title='bbox 294 1318 403 1385; x_wconf 92' lang='lat' dir='ltr'>Tullio</span> <span class='ocrx_word' id='word_1_60' title='bbox 431 1319 548 1402; x_wconf 82' lang='lat' dir='ltr'>positae</span> <span class='ocrx_word' id='word_1_61' title='bbox 576 1317 725 1384; x_wconf 87' lang='lat' dir='ltr'>dicturus</span> <span class='ocrx_word' id='word_1_62' title='bbox 751 1340 773 1384; x_wconf 91' lang='lat' dir='ltr'>a</span> <span class='ocrx_word' id='word_1_63' title='bbox 798 1320 944 1403; x_wconf 86' lang='lat' dir='ltr'>generali</span> <span class='ocrx_word' id='word_1_64' title='bbox 972 1319 1136 1385; x_wconf 86' lang='lat' dir='ltr'>sententia</span> <span class='ocrx_word' id='word_1_65' title='bbox 1163 1320 1306 1386; x_wconf 91' lang='lat' dir='ltr'>orditur:</span> 
     </span>
     <span class='ocr_line' id='line_1_9' title="bbox 147 1426 1307 1513; baseline 0.003 -22"><span class='ocrx_word' id='word_1_66' title='bbox 147 1426 297 1493; x_wconf 86' lang='lat' dir='ltr'>Evenit</span> <span class='ocrx_word' id='word_1_67' title='bbox 323 1426 463 1506; x_wconf 88' lang='lat' dir='ltr'>facile,</span> <span class='ocrx_word' id='word_1_68' title='bbox 497 1427 604 1510; x_wconf 90' lang='lat' dir='ltr'>quod</span> <span class='ocrx_word' id='word_1_69' title='bbox 632 1426 696 1492; x_wconf 92' lang='lat' dir='ltr'>dis</span> <span class='ocrx_word' id='word_1_70' title='bbox 725 1426 839 1493; x_wconf 89' lang='lat' dir='ltr'>cordi</span> <span class='ocrx_word' id='word_1_71' title='bbox 869 1434 935 1491; x_wconf 83' lang='lat' dir='ltr'>est.</span> <span class='ocrx_word' id='word_1_72' title='bbox 992 1426 1128 1510; x_wconf 81' lang='lat' dir='ltr'>(Esset</span> <span class='ocrx_word' id='word_1_73' title='bbox 1155 1450 1215 1513; x_wconf 93' lang='lat' dir='ltr'>pro</span> <span class='ocrx_word' id='word_1_74' title='bbox 1243 1436 1307 1494; x_wconf 89' lang='lat' dir='ltr'>est</span> 
     </span>
     <span class='ocr_line' id='line_1_10' title="bbox 147 1533 1305 1621; baseline 0.001 -21"><span class='ocrx_word' id='word_1_75' title='bbox 147 1556 262 1601; x_wconf 85' lang='lat' dir='ltr'>omnes</span> <span class='ocrx_word' id='word_1_76' title='bbox 284 1536 413 1602; x_wconf 88' lang='lat' dir='ltr'>codices</span> <span class='ocrx_word' id='word_1_77' title='bbox 436 1535 478 1616; x_wconf 92' lang='lat'>11,</span> <span class='ocrx_word' id='word_1_78' title='bbox 502 1540 540 1601; x_wconf 81' lang='lat'>51</span> <span class='ocrx_word' id='word_1_79' title='bbox 565 1533 653 1617; x_wconf 89' lang='lat' dir='ltr'>init.)</span> <span class='ocrx_word' id='word_1_80' title='bbox 691 1534 795 1601; x_wconf 90' lang='lat' dir='ltr'>Paulo</span> <span class='ocrx_word' id='word_1_81' title='bbox 817 1542 904 1620; x_wconf 90' lang='lat' dir='ltr'>post,</span> <span class='ocrx_word' id='word_1_82' title='bbox 927 1534 944 1619; x_wconf 61' lang='grc' dir='ltr'><strong>ξ</strong></span> <span class='ocrx_word' id='word_1_83' title='bbox 968 1539 996 1616; x_wconf 82' lang='lat'>5,</span> <span class='ocrx_word' id='word_1_84' title='bbox 1020 1536 1110 1621; x_wconf 91' lang='lat' dir='ltr'>quod</span> <span class='ocrx_word' id='word_1_85' title='bbox 1133 1537 1305 1603; x_wconf 83' lang='lat' dir='ltr'>scribitur:</span> 
     </span>
     <span class='ocr_line' id='line_1_11' title="bbox 146 1644 1306 1728; baseline 0.002 -19"><span class='ocrx_word' id='word_1_86' title='bbox 146 1644 356 1728; x_wconf 82' lang='lat' dir='ltr'>gravidam</span> <span class='ocrx_word' id='word_1_87' title='bbox 394 1646 482 1710; x_wconf 83' lang='lat' dir='ltr'>viro</span> <span class='ocrx_word' id='word_1_88' title='bbox 521 1644 656 1710; x_wconf 91' lang='lat' dir='ltr'>occiso</span> <span class='ocrx_word' id='word_1_89' title='bbox 689 1664 853 1710; x_wconf 83' lang='lat' dir='ltr'>uxorem</span> <span class='ocrx_word' id='word_1_90' title='bbox 984 1650 1143 1728; x_wconf 90' lang='lat' dir='ltr'>partum</span> <span class='ocrx_word' id='word_1_91' title='bbox 1176 1645 1306 1711; x_wconf 87' lang='lat' dir='ltr'>Romae</span> 
     </span>
     <span class='ocr_line' id='line_1_12' title="bbox 147 1751 1305 1836; baseline 0.001 -18"><span class='ocrx_word' id='word_1_92' title='bbox 147 1751 331 1818; x_wconf 81' lang='lat' dir='ltr'>edidisse</span> <span class='ocrx_word' id='word_1_93' title='bbox 358 1752 491 1819; x_wconf 85' lang='lat' dir='ltr'>Prisci</span> <span class='ocrx_word' id='word_1_94' title='bbox 513 1752 732 1836; x_wconf 87' lang='lat' dir='ltr'>Tarquinii</span> <span class='ocrx_word' id='word_1_95' title='bbox 761 1752 890 1834; x_wconf 90' lang='lat' dir='ltr'>domo;</span> <span class='ocrx_word' id='word_1_96' title='bbox 924 1753 1016 1818; x_wconf 92' lang='lat' dir='ltr'>inde</span> <span class='ocrx_word' id='word_1_97' title='bbox 1044 1759 1162 1818; x_wconf 90' lang='lat' dir='ltr'>tauto</span> <span class='ocrx_word' id='word_1_98' title='bbox 1184 1752 1305 1819; x_wconf 88' lang='lat' dir='ltr'>bene·</span> 
     </span>
     <span class='ocr_line' id='line_1_13' title="bbox 145 1860 1305 1946; baseline 0 -20"><span class='ocrx_word' id='word_1_99' title='bbox 145 1861 249 1927; x_wconf 89' lang='lat' dir='ltr'>ficio</span> <span class='ocrx_word' id='word_1_100' title='bbox 278 1869 357 1941; x_wconf 84' lang='lat' dir='ltr'>cet,</span> <span class='ocrx_word' id='word_1_101' title='bbox 393 1868 503 1928; x_wconf 87' lang='lat' dir='ltr'>certus</span> <span class='ocrx_word' id='word_1_102' title='bbox 531 1882 610 1927; x_wconf 87' lang='lat' dir='ltr'>usus</span> <span class='ocrx_word' id='word_1_103' title='bbox 638 1861 794 1943; x_wconf 91' lang='lat' dir='ltr'>loquendi</span> <span class='ocrx_word' id='word_1_104' title='bbox 822 1861 929 1926; x_wconf 90' lang='lat' dir='ltr'>domi</span> <span class='ocrx_word' id='word_1_105' title='bbox 956 1860 1101 1946; x_wconf 83' lang='lat' dir='ltr'>flagitat3</span> <span class='ocrx_word' id='word_1_106' title='bbox 1136 1882 1242 1945; x_wconf 89' lang='lat' dir='ltr'>neque</span> <span class='ocrx_word' id='word_1_107' title='bbox 1270 1861 1305 1926; x_wconf 90' lang='lat' dir='ltr'>id</span> 
     </span>
     <span class='ocr_line' id='line_1_14' title="bbox 146 1969 1304 2053; baseline 0.001 -19"><span class='ocrx_word' id='word_1_108' title='bbox 146 1970 326 2036; x_wconf 85' lang='lat' dir='ltr'>restituero</span> <span class='ocrx_word' id='word_1_109' title='bbox 360 1969 601 2049; x_wconf 79' lang='lat' dir='ltr'>dubitabimus,</span> <span class='ocrx_word' id='word_1_110' title='bbox 642 1969 870 2035; x_wconf 82' lang='lat' dir='ltr'>animadversa</span> <span class='ocrx_word' id='word_1_111' title='bbox 908 1970 1019 2036; x_wconf 92' lang='lat' dir='ltr'>mendi</span> <span class='ocrx_word' id='word_1_112' title='bbox 1052 1970 1195 2053; x_wconf 79' lang='lat' dir='ltr'>origine3</span> <span class='ocrx_word' id='word_1_113' title='bbox 1228 1991 1304 2035; x_wconf 89' lang='lat' dir='ltr'>nam</span> 
     </span>
     <span class='ocr_line' id='line_1_15' title="bbox 147 2077 1305 2163; baseline 0.001 -21"><span class='ocrx_word' id='word_1_114' title='bbox 147 2100 224 2143; x_wconf 89' lang='lat' dir='ltr'>cum</span> <span class='ocrx_word' id='word_1_115' title='bbox 246 2078 347 2144; x_wconf 89' lang='lat' dir='ltr'>semel</span> <span class='ocrx_word' id='word_1_116' title='bbox 370 2079 496 2163; x_wconf 89' lang='lat' dir='ltr'>scripta</span> <span class='ocrx_word' id='word_1_117' title='bbox 516 2077 645 2158; x_wconf 88' lang='lat' dir='ltr'>littera,</span> <span class='ocrx_word' id='word_1_118' title='bbox 679 2099 752 2161; x_wconf 80' lang='lat' dir='ltr'>qua</span> <span class='ocrx_word' id='word_1_119' title='bbox 773 2078 825 2144; x_wconf 92' lang='lat' dir='ltr'>bis</span> <span class='ocrx_word' id='word_1_120' title='bbox 849 2078 948 2144; x_wconf 83' lang='lat' dir='ltr'>scribi</span> <span class='ocrx_word' id='word_1_121' title='bbox 972 2078 1146 2159; x_wconf 87' lang='lat' dir='ltr'>debuerat,</span> <span class='ocrx_word' id='word_1_122' title='bbox 1179 2077 1305 2144; x_wconf 85' lang='lat' dir='ltr'>factum</span> 
     </span>
     <span class='ocr_line' id='line_1_16' title="bbox 147 2185 1304 2271; baseline -0.001 -19"><span class='ocrx_word' id='word_1_123' title='bbox 147 2192 240 2252; x_wconf 84' lang='lat' dir='ltr'>esset</span> <span class='ocrx_word' id='word_1_124' title='bbox 262 2185 461 2266; x_wconf 90' lang='lat' dir='ltr'>dominde,</span> <span class='ocrx_word' id='word_1_125' title='bbox 495 2187 530 2252; x_wconf 93' lang='lat' dir='ltr'>in</span> <span class='ocrx_word' id='word_1_126' title='bbox 557 2185 663 2252; x_wconf 82' lang='lat' dir='ltr'>vocali</span> <span class='ocrx_word' id='word_1_127' title='bbox 687 2187 872 2271; x_wconf 90' lang='lat' dir='ltr'>supplenda</span> <span class='ocrx_word' id='word_1_128' title='bbox 894 2193 1041 2253; x_wconf 89' lang='lat' dir='ltr'>erratum</span> <span class='ocrx_word' id='word_1_129' title='bbox 1063 2194 1128 2267; x_wconf 88' lang='lat' dir='ltr'>est,</span> <span class='ocrx_word' id='word_1_130' title='bbox 1163 2193 1201 2252; x_wconf 91' lang='lat' dir='ltr'>ut</span> <span class='ocrx_word' id='word_1_131' title='bbox 1223 2186 1304 2252; x_wconf 91' lang='lat' dir='ltr'>alibi</span> 
     </span>
     <span class='ocr_line' id='line_1_17' title="bbox 144 2294 1306 2381; baseline 0.001 -21"><span class='ocrx_word' id='word_1_132' title='bbox 144 2316 214 2360; x_wconf 92' lang='lat' dir='ltr'>non</span> <span class='ocrx_word' id='word_1_133' title='bbox 235 2316 321 2360; x_wconf 88' lang='lat' dir='ltr'>raro.</span> <span class='ocrx_word' id='word_1_134' title='bbox 376 2294 461 2360; x_wconf 89' lang='lat' dir='ltr'>Nam</span> <span class='ocrx_word' id='word_1_135' title='bbox 488 2294 552 2362; x_wconf 92' lang='lat' dir='ltr'>hoo</span> <span class='ocrx_word' id='word_1_136' title='bbox 579 2295 700 2361; x_wconf 89' lang='lat' dir='ltr'>erroris</span> <span class='ocrx_word' id='word_1_137' title='bbox 728 2297 823 2361; x_wconf 92' lang='lat' dir='ltr'>initio</span> <span class='ocrx_word' id='word_1_138' title='bbox 852 2296 899 2377; x_wconf 85' lang='lat'>11,</span> <span class='ocrx_word' id='word_1_139' title='bbox 935 2299 991 2375; x_wconf 86' lang='grc'>36,</span> <span class='ocrx_word' id='word_1_140' title='bbox 1027 2300 1045 2359; x_wconf 92' lang='grc'><strong>6</strong></span> <span class='ocrx_word' id='word_1_141' title='bbox 1075 2296 1306 2381; x_wconf 87' lang='lat' dir='ltr'>scriptumest</span> 
     </span>
     <span class='ocr_line' id='line_1_18' title="bbox 146 2402 1305 2489; baseline 0.001 -21"><span class='ocrx_word' id='word_1_142' title='bbox 146 2403 256 2469; x_wconf 89' lang='lat' dir='ltr'>haud</span> <span class='ocrx_word' id='word_1_143' title='bbox 285 2402 406 2469; x_wconf 92' lang='lat' dir='ltr'>dubie</span> <span class='ocrx_word' id='word_1_144' title='bbox 435 2403 608 2469; x_wconf 89' lang='lat' dir='ltr'>omnium</span> <span class='ocrx_word' id='word_1_145' title='bbox 637 2424 834 2470; x_wconf 87' lang='lat' dir='ltr'>consensu</span> <span class='ocrx_word' id='word_1_146' title='bbox 862 2427 921 2489; x_wconf 92' lang='lat' dir='ltr'>pro</span> <span class='ocrx_word' id='word_1_147' title='bbox 950 2403 1202 2470; x_wconf 87' lang='lat' dir='ltr'>hauddubie</span> <span class='ocrx_word' id='word_1_148' title='bbox 1226 2425 1305 2471; x_wconf 91' lang='lat' dir='ltr'>om·</span> 
     </span>
     <span class='ocr_line' id='line_1_19' title="bbox 147 2511 1305 2597; baseline 0.002 -21"><span class='ocrx_word' id='word_1_149' title='bbox 147 2513 257 2577; x_wconf 90' lang='lat' dir='ltr'>nium</span> <span class='ocrx_word' id='word_1_150' title='bbox 298 2511 618 2594; x_wconf 82' lang='lat' dir='ltr'>(dubiournium)‚</span> <span class='ocrx_word' id='word_1_151' title='bbox 653 2511 741 2594; x_wconf 90' lang='lat' dir='ltr'>quod</span> <span class='ocrx_word' id='word_1_152' title='bbox 773 2512 927 2578; x_wconf 91' lang='lat' dir='ltr'>mendum</span> <span class='ocrx_word' id='word_1_153' title='bbox 961 2512 1088 2597; x_wconf 87' lang='lat' dir='ltr'>pridem</span> <span class='ocrx_word' id='word_1_154' title='bbox 1123 2520 1305 2578; x_wconf 89' lang='lat' dir='ltr'>correctum</span> 
     </span>
     <span class='ocr_line' id='line_1_20' title="bbox 147 2617 1307 2704; baseline 0 -18"><span class='ocrx_word' id='word_1_155' title='bbox 147 2641 238 2686; x_wconf 89' lang='lat' dir='ltr'>nunc</span> <span class='ocrx_word' id='word_1_156' title='bbox 262 2617 459 2699; x_wconf 83' lang='lat' dir='ltr'>defenditur,</span> <span class='ocrx_word' id='word_1_157' title='bbox 488 2626 522 2685; x_wconf 92' lang='lat' dir='ltr'>et</span> <span class='ocrx_word' id='word_1_158' title='bbox 543 2619 602 2699; x_wconf 91' lang='lat' dir='ltr'>llI,</span> <span class='ocrx_word' id='word_1_159' title='bbox 632 2623 683 2699; x_wconf 77' lang='lat'>22,</span> <span class='ocrx_word' id='word_1_160' title='bbox 714 2625 732 2684; x_wconf 91' lang='grc'><strong>6</strong></span> <span class='ocrx_word' id='word_1_161' title='bbox 757 2621 916 2704; x_wconf 88' lang='lat' dir='ltr'>signum</span> <span class='ocrx_word' id='word_1_162' title='bbox 939 2621 1157 2688; x_wconf 83' lang='lat' dir='ltr'>observare</span> <span class='ocrx_word' id='word_1_163' title='bbox 1179 2622 1307 2686; x_wconf 88' lang='lat' dir='ltr'>iussit</span> 
     </span>
     <span class='ocr_line' id='line_1_21' title="bbox 148 2727 1305 2814; baseline 0 -21"><span class='ocrx_word' id='word_1_164' title='bbox 148 2750 212 2814; x_wconf 90' lang='lat' dir='ltr'>pro</span> <span class='ocrx_word' id='word_1_165' title='bbox 251 2728 465 2795; x_wconf 85' lang='lat' dir='ltr'>observari</span> <span class='ocrx_word' id='word_1_166' title='bbox 505 2727 873 2811; x_wconf 81' lang='lat' dir='ltr'>(observariussit),</span> <span class='ocrx_word' id='word_1_167' title='bbox 913 2730 1001 2813; x_wconf 90' lang='lat' dir='ltr'>quod</span> <span class='ocrx_word' id='word_1_168' title='bbox 1034 2729 1130 2814; x_wconf 85' lang='lat' dir='ltr'>vulgo</span> <span class='ocrx_word' id='word_1_169' title='bbox 1164 2736 1305 2808; x_wconf 86' lang='lat' dir='ltr'>tenetur,</span> 
     </span>
     <span class='ocr_line' id='line_1_22' title="bbox 148 2836 1308 2920; baseline -0.002 -16"><span class='ocrx_word' id='word_1_170' title='bbox 148 2844 334 2904; x_wconf 87' lang='lat' dir='ltr'>correctum</span> <span class='ocrx_word' id='word_1_171' title='bbox 371 2837 406 2901; x_wconf 93' lang='lat' dir='ltr'>in</span> <span class='ocrx_word' id='word_1_172' title='bbox 439 2857 504 2902; x_wconf 90' lang='lat' dir='ltr'>uno</span> <span class='ocrx_word' id='word_1_173' title='bbox 538 2836 609 2902; x_wconf 93' lang='lat' dir='ltr'>cod.</span> <span class='ocrx_word' id='word_1_174' title='bbox 643 2839 842 2917; x_wconf 86' lang='lat' dir='ltr'>recentiore,</span> <span class='ocrx_word' id='word_1_175' title='bbox 876 2844 911 2902; x_wconf 88' lang='lat' dir='ltr'>et</span> <span class='ocrx_word' id='word_1_176' title='bbox 943 2838 1005 2917; x_wconf 88' lang='lat' dir='ltr'>IX,</span> <span class='ocrx_word' id='word_1_177' title='bbox 1048 2844 1101 2918; x_wconf 87' lang='lat'>14,</span> <span class='ocrx_word' id='word_1_178' title='bbox 1138 2842 1156 2903; x_wconf 84' lang='lat'>5</span> <span class='ocrx_word' id='word_1_179' title='bbox 1191 2839 1308 2920; x_wconf 83' lang='lat' dir='ltr'>signa</span> 
     </span>
    </p>
   </div>
   <div class='ocr_carea' id='block_1_3' title="bbox 147 2943 1308 3572">
    <p class='ocr_par' dir='ltr' id='par_1_4' title="bbox 147 2943 1308 3572">
     <span class='ocr_line' id='line_1_23' title="bbox 149 2943 1305 3030; baseline -0.002 -19"><span class='ocrx_word' id='word_1_180' title='bbox 149 2948 260 3012; x_wconf 79' lang='lat' dir='ltr'>ferre</span> <span class='ocrx_word' id='word_1_181' title='bbox 291 2945 420 3010; x_wconf 90' lang='lat' dir='ltr'>iussit</span> <span class='ocrx_word' id='word_1_182' title='bbox 451 2966 512 3029; x_wconf 92' lang='lat' dir='ltr'>pro</span> <span class='ocrx_word' id='word_1_183' title='bbox 547 2943 649 3010; x_wconf 87' lang='lat' dir='ltr'>ferri</span> <span class='ocrx_word' id='word_1_184' title='bbox 678 2945 785 3027; x_wconf 88' lang='lat' dir='ltr'>(codd.</span> <span class='ocrx_word' id='word_1_185' title='bbox 809 2947 906 3030; x_wconf 90' lang='lat' dir='ltr'>pauci</span> <span class='ocrx_word' id='word_1_186' title='bbox 928 2968 1010 3012; x_wconf 85' lang='lat' dir='ltr'>rece.</span> <span class='ocrx_word' id='word_1_187' title='bbox 1034 2945 1138 3029; x_wconf 89' lang='lat' dir='ltr'>recte)</span> <span class='ocrx_word' id='word_1_188' title='bbox 1162 2952 1196 3010; x_wconf 93' lang='lat' dir='ltr'>et</span> <span class='ocrx_word' id='word_1_189' title='bbox 1217 2945 1305 3025; x_wconf 93' lang='lat' dir='ltr'>XXI,</span> 
     </span>
     <span class='ocr_line' id='line_1_24' title="bbox 147 3052 1307 3138; baseline 0 -20"><span class='ocrx_word' id='word_1_190' title='bbox 147 3060 208 3133; x_wconf 78' lang='lat'>44,</span> <span class='ocrx_word' id='word_1_191' title='bbox 247 3058 267 3118; x_wconf 85' lang='lat'>8</span> <span class='ocrx_word' id='word_1_192' title='bbox 296 3052 400 3136; x_wconf 91' lang='lat' dir='ltr'>quod</span> <span class='ocrx_word' id='word_1_193' title='bbox 431 3074 501 3119; x_wconf 90' lang='lat' dir='ltr'>sua</span> <span class='ocrx_word' id='word_1_194' title='bbox 529 3075 588 3138; x_wconf 88' lang='lat' dir='ltr'>pro</span> <span class='ocrx_word' id='word_1_195' title='bbox 619 3075 716 3136; x_wconf 91' lang='lat' dir='ltr'>quos</span> <span class='ocrx_word' id='word_1_196' title='bbox 745 3076 818 3120; x_wconf 89' lang='lat' dir='ltr'>sua</span> <span class='ocrx_word' id='word_1_197' title='bbox 846 3053 1046 3138; x_wconf 82' lang='lat' dir='ltr'>(quosue),</span> <span class='ocrx_word' id='word_1_198' title='bbox 1087 3053 1175 3137; x_wconf 88' lang='lat' dir='ltr'>quod</span> <span class='ocrx_word' id='word_1_199' title='bbox 1203 3053 1307 3118; x_wconf 80' lang='lat' dir='ltr'>Aldus</span> 
     </span>
     <span class='ocr_line' id='line_1_25' title="bbox 147 3161 1308 3246; baseline -0.001 -18"><span class='ocrx_word' id='word_1_200' title='bbox 147 3163 316 3241; x_wconf 89' lang='lat' dir='ltr'>restituit,</span> <span class='ocrx_word' id='word_1_201' title='bbox 344 3168 378 3228; x_wconf 91' lang='lat' dir='ltr'>et</span> <span class='ocrx_word' id='word_1_202' title='bbox 399 3161 522 3242; x_wconf 87' lang='lat' dir='ltr'>XXIV,</span> <span class='ocrx_word' id='word_1_203' title='bbox 550 3166 606 3241; x_wconf 81' lang='lat'>26,</span> <span class='ocrx_word' id='word_1_204' title='bbox 636 3167 656 3226; x_wconf 83' lang='lat'>8</span> <span class='ocrx_word' id='word_1_205' title='bbox 679 3163 856 3246; x_wconf 90' lang='lat' dir='ltr'>periculi</span> <span class='ocrx_word' id='word_1_206' title='bbox 887 3162 1045 3245; x_wconf 90' lang='lat' dir='ltr'>quidem</span> <span class='ocrx_word' id='word_1_207' title='bbox 1068 3161 1173 3228; x_wconf 90' lang='lat' dir='ltr'>nihil</span> <span class='ocrx_word' id='word_1_208' title='bbox 1195 3162 1242 3226; x_wconf 95' lang='lat' dir='ltr'>ab</span> <span class='ocrx_word' id='word_1_209' title='bbox 1266 3184 1308 3227; x_wconf 88' lang='lat' dir='ltr'>se</span> 
     </span>
     <span class='ocr_line' id='line_1_26' title="bbox 147 3271 1308 3356; baseline 0.001 -20"><span class='ocrx_word' id='word_1_210' title='bbox 147 3272 314 3351; x_wconf 88' lang='lat' dir='ltr'>timere,</span> <span class='ocrx_word' id='word_1_211' title='bbox 353 3271 526 3336; x_wconf 85' lang='lat' dir='ltr'>invisam</span> <span class='ocrx_word' id='word_1_212' title='bbox 563 3277 697 3336; x_wconf 87' lang='lat' dir='ltr'>tamen</span> <span class='ocrx_word' id='word_1_213' title='bbox 736 3273 889 3355; x_wconf 80' lang='lat' dir='ltr'>regiam</span> <span class='ocrx_word' id='word_1_214' title='bbox 924 3272 1092 3356; x_wconf 89' lang='lat' dir='ltr'>stirpem</span> <span class='ocrx_word' id='word_1_215' title='bbox 1126 3293 1213 3337; x_wconf 89' lang='lat' dir='ltr'>esse</span> <span class='ocrx_word' id='word_1_216' title='bbox 1246 3293 1308 3355; x_wconf 89' lang='lat' dir='ltr'>pro</span> 
     </span>
     <span class='ocr_line' id='line_1_27' title="bbox 147 3378 1306 3464; baseline 0 -19"><span class='ocrx_word' id='word_1_217' title='bbox 147 3379 288 3445; x_wconf 89' lang='lat' dir='ltr'>timeri</span> <span class='ocrx_word' id='word_1_218' title='bbox 311 3378 508 3460; x_wconf 84' lang='lat' dir='ltr'>(correctum</span> <span class='ocrx_word' id='word_1_219' title='bbox 530 3380 564 3444; x_wconf 91' lang='lat' dir='ltr'>in</span> <span class='ocrx_word' id='word_1_220' title='bbox 587 3379 681 3446; x_wconf 86' lang='lat' dir='ltr'>codd.</span> <span class='ocrx_word' id='word_1_221' title='bbox 703 3379 801 3460; x_wconf 74' lang='lat' dir='ltr'>rece.)</span> <span class='ocrx_word' id='word_1_222' title='bbox 825 3386 859 3445; x_wconf 91' lang='lat' dir='ltr'>et</span> <span class='ocrx_word' id='word_1_223' title='bbox 881 3379 1035 3459; x_wconf 72' lang='lat' dir='ltr'>XXWIL</span> <span class='ocrx_word' id='word_1_224' title='bbox 1064 3384 1115 3461; x_wconf 82' lang='lat'>21,</span> <span class='ocrx_word' id='word_1_225' title='bbox 1145 3385 1164 3445; x_wconf 81' lang='lat'>5</span> <span class='ocrx_word' id='word_1_226' title='bbox 1187 3387 1306 3464; x_wconf 90' lang='lat' dir='ltr'>pacto</span> 
     </span>
     <span class='ocr_line' id='line_1_28' title="bbox 147 3487 1308 3572; baseline -0.001 -18"><span class='ocrx_word' id='word_1_227' title='bbox 147 3489 261 3554; x_wconf 89' lang='lat' dir='ltr'>inter</span> <span class='ocrx_word' id='word_1_228' title='bbox 289 3508 329 3552; x_wconf 91' lang='lat' dir='ltr'>se</span> <span class='ocrx_word' id='word_1_229' title='bbox 357 3509 418 3572; x_wconf 91' lang='lat' dir='ltr'>pro</span> <span class='ocrx_word' id='word_1_230' title='bbox 446 3487 558 3572; x_wconf 90' lang='lat' dir='ltr'>pacti</span> <span class='ocrx_word' id='word_1_231' title='bbox 587 3489 695 3554; x_wconf 89' lang='lat' dir='ltr'>iuter</span> <span class='ocrx_word' id='word_1_232' title='bbox 723 3510 763 3554; x_wconf 91' lang='lat' dir='ltr'>se</span> <span class='ocrx_word' id='word_1_233' title='bbox 793 3488 989 3570; x_wconf 87' lang='lat' dir='ltr'>(correctum</span> <span class='ocrx_word' id='word_1_234' title='bbox 1012 3489 1045 3552; x_wconf 90' lang='lat' dir='ltr'>iu</span> <span class='ocrx_word' id='word_1_235' title='bbox 1067 3495 1146 3555; x_wconf 83' lang='lat' dir='ltr'>vett.</span> <span class='ocrx_word' id='word_1_236' title='bbox 1171 3487 1308 3571; x_wconf 75' lang='lat' dir='ltr'>edd.).¹)</span> 
     </span>
    </p>
   </div>
   <div class='ocr_carea' id='block_1_4' title="bbox 180 3682 1310 4353">
    <p class='ocr_par' dir='ltr' id='par_1_5' title="bbox 219 3682 1308 4269">
     <span class='ocr_line' id='line_1_29' title="bbox 220 3682 1307 3754; baseline 0 -17"><span class='ocrx_word' id='word_1_237' title='bbox 220 3688 301 3738; x_wconf 87' lang='lat' dir='ltr'>retur</span> <span class='ocrx_word' id='word_1_238' title='bbox 320 3701 354 3739; x_wconf 87' lang='lat' dir='ltr'>ex</span> <span class='ocrx_word' id='word_1_239' title='bbox 371 3683 416 3750; x_wconf 87' lang='lat' dir='ltr'>iis,</span> <span class='ocrx_word' id='word_1_240' title='bbox 434 3683 536 3753; x_wconf 89' lang='lat' dir='ltr'>quibus</span> <span class='ocrx_word' id='word_1_241' title='bbox 555 3682 696 3738; x_wconf 85' lang='lat' dir='ltr'>sententia</span> <span class='ocrx_word' id='word_1_242' title='bbox 713 3683 839 3753; x_wconf 87' lang='lat' dir='ltr'>pendens</span> <span class='ocrx_word' id='word_1_243' title='bbox 858 3685 1002 3754; x_wconf 76' lang='lat' dir='ltr'>colligitur</span> <span class='ocrx_word' id='word_1_244' title='bbox 1020 3689 1050 3738; x_wconf 91' lang='lat' dir='ltr'>et</span> <span class='ocrx_word' id='word_1_245' title='bbox 1066 3683 1259 3737; x_wconf 88' lang='lat' dir='ltr'>concluditur:</span> <span class='ocrx_word' id='word_1_246' title='bbox 1272 3712 1307 3722; x_wconf 93' lang='lat'>—</span> 
     </span>
     <span class='ocr_line' id='line_1_30' title="bbox 219 3767 1307 3839; baseline -0.001 -16"><span class='ocrx_word' id='word_1_247' title='bbox 219 3768 290 3823; x_wconf 76' lang='lat' dir='ltr'>hese</span> <span class='ocrx_word' id='word_1_248' title='bbox 317 3786 390 3824; x_wconf 90' lang='lat' dir='ltr'>eum</span> <span class='ocrx_word' id='word_1_249' title='bbox 411 3768 503 3823; x_wconf 79' lang='lat' dir='ltr'>hand</span> <span class='ocrx_word' id='word_1_250' title='bbox 525 3767 615 3824; x_wconf 83' lang='lat' dir='ltr'>falso</span> <span class='ocrx_word' id='word_1_251' title='bbox 637 3775 896 3838; x_wconf 80' lang='lat' dir='ltr'>memorantem,</span> <span class='ocrx_word' id='word_1_252' title='bbox 923 3770 1138 3839; x_wconf 76' lang='lat' dir='ltr'>compararique</span> <span class='ocrx_word' id='word_1_253' title='bbox 1164 3787 1188 3825; x_wconf 89' lang='lat' dir='ltr'>c.</span> <span class='ocrx_word' id='word_1_254' title='bbox 1206 3772 1254 3837; x_wconf 84' lang='lat'>48,</span> <span class='ocrx_word' id='word_1_255' title='bbox 1282 3773 1307 3836; x_wconf 83' lang='grc'>2,</span> 
     </span>
     <span class='ocr_line' id='line_1_31' title="bbox 220 3854 1305 3925; baseline 0 -17"><span class='ocrx_word' id='word_1_256' title='bbox 220 3855 270 3909; x_wconf 86' lang='lat' dir='ltr'>nbi</span> <span class='ocrx_word' id='word_1_257' title='bbox 292 3854 368 3924; x_wconf 88' lang='lat' dir='ltr'>quod</span> <span class='ocrx_word' id='word_1_258' title='bbox 386 3855 522 3909; x_wconf 86' lang='lat' dir='ltr'>omissum</span> <span class='ocrx_word' id='word_1_259' title='bbox 538 3854 656 3910; x_wconf 87' lang='lat' dir='ltr'>verbum</span> <span class='ocrx_word' id='word_1_260' title='bbox 674 3854 783 3910; x_wconf 79' lang='lat' dir='ltr'>facilius</span> <span class='ocrx_word' id='word_1_261' title='bbox 799 3856 976 3925; x_wconf 80' lang='lat' dir='ltr'>intellegitur</span> <span class='ocrx_word' id='word_1_262' title='bbox 993 3873 1026 3909; x_wconf 84' lang='lat' dir='ltr'>ex</span> <span class='ocrx_word' id='word_1_263' title='bbox 1044 3855 1101 3910; x_wconf 91' lang='lat' dir='ltr'>his:</span> <span class='ocrx_word' id='word_1_264' title='bbox 1128 3854 1188 3909; x_wconf 90' lang='lat' dir='ltr'>ille</span> <span class='ocrx_word' id='word_1_265' title='bbox 1212 3854 1305 3908; x_wconf 85' lang='lat' dir='ltr'>fero·</span> 
     </span>
     <span class='ocr_line' id='line_1_32' title="bbox 221 3939 1306 4007; baseline 0 -13"><span class='ocrx_word' id='word_1_266' title='bbox 221 3941 312 3995; x_wconf 87' lang='lat' dir='ltr'>citer</span> <span class='ocrx_word' id='word_1_267' title='bbox 335 3939 376 3994; x_wconf 85' lang='lat' dir='ltr'>ed</span> <span class='ocrx_word' id='word_1_268' title='bbox 393 3940 478 4007; x_wconf 76' lang='lat' dir='ltr'>haec,</span> <span class='ocrx_word' id='word_1_269' title='bbox 502 3941 577 3995; x_wconf 89' lang='lat' dir='ltr'>idem</span> <span class='ocrx_word' id='word_1_270' title='bbox 594 3941 652 3996; x_wconf 85' lang='lat' dir='ltr'>fere</span> <span class='ocrx_word' id='word_1_271' title='bbox 669 3941 696 3995; x_wconf 76' lang='lat' dir='ltr'>lu</span> <span class='ocrx_word' id='word_1_272' title='bbox 713 3941 732 3995; x_wconf 84' lang='lat' dir='ltr'>L</span> <span class='ocrx_word' id='word_1_273' title='bbox 751 3939 875 3995; x_wconf 86' lang='lat' dir='ltr'>efficitur</span> <span class='ocrx_word' id='word_1_274' title='bbox 892 3941 941 3995; x_wconf 88' lang='lat' dir='ltr'>illa</span> <span class='ocrx_word' id='word_1_275' title='bbox 959 3941 1097 3996; x_wconf 88' lang='lat' dir='ltr'>orationis</span> <span class='ocrx_word' id='word_1_276' title='bbox 1115 3941 1306 3995; x_wconf 81' lang='lat' dir='ltr'>conversione.</span> 
     </span>
     <span class='ocr_line' id='line_1_33' title="bbox 220 4022 1308 4096; baseline 0.001 -17"><span class='ocrx_word' id='word_1_277' title='bbox 220 4022 280 4080; x_wconf 77' lang='lat' dir='ltr'>Nec</span> <span class='ocrx_word' id='word_1_278' title='bbox 297 4030 394 4080; x_wconf 85' lang='lat' dir='ltr'>tamen</span> <span class='ocrx_word' id='word_1_279' title='bbox 411 4025 495 4080; x_wconf 88' lang='lat' dir='ltr'>nimis</span> <span class='ocrx_word' id='word_1_280' title='bbox 512 4026 632 4082; x_wconf 86' lang='lat' dir='ltr'>confido.</span> <span class='ocrx_word' id='word_1_281' title='bbox 663 4026 735 4081; x_wconf 86' lang='lat' dir='ltr'>Tum</span> <span class='ocrx_word' id='word_1_282' title='bbox 753 4033 886 4081; x_wconf 88' lang='lat' dir='ltr'>monente</span> <span class='ocrx_word' id='word_1_283' title='bbox 905 4026 1038 4096; x_wconf 84' lang='lat' dir='ltr'>Siesbyeo</span> <span class='ocrx_word' id='word_1_284' title='bbox 1058 4027 1088 4079; x_wconf 93' lang='lat' dir='ltr'>in</span> <span class='ocrx_word' id='word_1_285' title='bbox 1104 4025 1159 4079; x_wconf 89' lang='lat' dir='ltr'>bac</span> <span class='ocrx_word' id='word_1_286' title='bbox 1176 4025 1308 4081; x_wconf 88' lang='lat' dir='ltr'>coniunc-</span> 
     </span>
     <span class='ocr_line' id='line_1_34' title="bbox 220 4110 1308 4184; baseline 0 -20"><span class='ocrx_word' id='word_1_287' title='bbox 220 4110 298 4165; x_wconf 87' lang='lat' dir='ltr'>tione</span> <span class='ocrx_word' id='word_1_288' title='bbox 320 4112 534 4166; x_wconf 86' lang='lat' dir='ltr'>sententiarum:</span> <span class='ocrx_word' id='word_1_289' title='bbox 559 4114 616 4182; x_wconf 89' lang='lat' dir='ltr'>qui</span> <span class='ocrx_word' id='word_1_290' title='bbox 638 4132 706 4168; x_wconf 90' lang='lat' dir='ltr'>non</span> <span class='ocrx_word' id='word_1_291' title='bbox 726 4115 869 4184; x_wconf 81' lang='lat' dir='ltr'>primus.</span> <span class='ocrx_word' id='word_1_292' title='bbox 894 4112 983 4181; x_wconf 91' lang='lat' dir='ltr'>quod</span> <span class='ocrx_word' id='word_1_293' title='bbox 1006 4111 1175 4181; x_wconf 82' lang='lat' dir='ltr'>quispiam</span> <span class='ocrx_word' id='word_1_294' title='bbox 1193 4110 1308 4179; x_wconf 85' lang='lat' dir='ltr'>indig-</span> 
     </span>
     <span class='ocr_line' id='line_1_35' title="bbox 221 4195 1265 4269; baseline 0.001 -20"><span class='ocrx_word' id='word_1_295' title='bbox 221 4196 297 4250; x_wconf 83' lang='lat' dir='ltr'>nari</span> <span class='ocrx_word' id='word_1_296' title='bbox 314 4203 442 4265; x_wconf 87' lang='lat' dir='ltr'>posset,</span> <span class='ocrx_word' id='word_1_297' title='bbox 462 4198 523 4252; x_wconf 87' lang='lat' dir='ltr'>ssd</span> <span class='ocrx_word' id='word_1_298' title='bbox 540 4199 666 4254; x_wconf 86' lang='lat' dir='ltr'>tertius</span> <span class='ocrx_word' id='word_1_299' title='bbox 683 4204 825 4269; x_wconf 82' lang='lat' dir='ltr'>regnum</span> <span class='ocrx_word' id='word_1_300' title='bbox 843 4197 995 4264; x_wconf 78' lang='lat' dir='ltr'>affectet,</span> <span class='ocrx_word' id='word_1_301' title='bbox 1014 4197 1114 4266; x_wconf 85' lang='lat' dir='ltr'>scripsi</span> <span class='ocrx_word' id='word_1_302' title='bbox 1132 4195 1265 4265; x_wconf 83' lang='lat' dir='ltr'>possit]</span> 
     </span>
    </p>

    <p class='ocr_par' dir='ltr' id='par_1_6' title="bbox 180 4278 1310 4353">
     <span class='ocr_line' id='line_1_36' title="bbox 180 4278 1310 4353; baseline 0 -17"><span class='ocrx_word' id='word_1_303' title='bbox 180 4281 205 4350; x_wconf 90' lang='lat'>¹)</span> <span class='ocrx_word' id='word_1_304' title='bbox 226 4278 278 4350; x_wconf 85' lang='lat' dir='ltr'>[W.</span> <span class='ocrx_word' id='word_1_305' title='bbox 298 4299 362 4336; x_wconf 88' lang='lat' dir='ltr'>cum</span> <span class='ocrx_word' id='word_1_306' title='bbox 383 4282 505 4352; x_wconf 87' lang='lat' dir='ltr'>primum</span> <span class='ocrx_word' id='word_1_307' title='bbox 527 4285 656 4340; x_wconf 92' lang='lat' dir='ltr'>omnibus</span> <span class='ocrx_word' id='word_1_308' title='bbox 679 4285 723 4340; x_wconf 91' lang='lat' dir='ltr'>his</span> <span class='ocrx_word' id='word_1_309' title='bbox 741 4285 811 4339; x_wconf 90' lang='lat' dir='ltr'>locis</span> <span class='ocrx_word' id='word_1_310' title='bbox 828 4301 916 4353; x_wconf 84' lang='lat' dir='ltr'>prava</span> <span class='ocrx_word' id='word_1_311' title='bbox 933 4282 1083 4349; x_wconf 88' lang='lat' dir='ltr'>tenuisset,</span> <span class='ocrx_word' id='word_1_312' title='bbox 1106 4285 1206 4351; x_wconf 86' lang='lat' dir='ltr'>postea</span> <span class='ocrx_word' id='word_1_313' title='bbox 1223 4282 1252 4336; x_wconf 90' lang='lat' dir='ltr'>in</span> <span class='ocrx_word' id='word_1_314' title='bbox 1271 4281 1310 4350; x_wconf 89' lang='grc' dir='ltr'>Π,</span> 
     </span>
    </p>
   </div>
   <div class='ocr_carea' id='block_1_5' title="bbox 223 4366 1050 4442">
    <p class='ocr_par' dir='ltr' id='par_1_7' title="bbox 223 4366 1050 4442">
     <span class='ocr_line' id='line_1_37' title="bbox 223 4366 1050 4442; baseline 0 -21"><span class='ocrx_word' id='word_1_315' title='bbox 223 4369 265 4436; x_wconf 84' lang='grc'>36,</span> <span class='ocrx_word' id='word_1_316' title='bbox 283 4367 330 4435; x_wconf 83' lang='grc' dir='ltr'>ΙΧ,</span> <span class='ocrx_word' id='word_1_317' title='bbox 351 4371 392 4434; x_wconf 81' lang='grc'>14,</span> <span class='ocrx_word' id='word_1_318' title='bbox 409 4367 483 4436; x_wconf 83' lang='lat' dir='ltr'>XXI,</span> <span class='ocrx_word' id='word_1_319' title='bbox 501 4373 544 4438; x_wconf 80' lang='lat'>44,</span> <span class='ocrx_word' id='word_1_320' title='bbox 561 4369 661 4440; x_wconf 84' lang='lat' dir='ltr'>XXIV,</span> <span class='ocrx_word' id='word_1_321' title='bbox 678 4373 713 4428; x_wconf 77' lang='lat'>26</span> <span class='ocrx_word' id='word_1_322' title='bbox 731 4371 826 4442; x_wconf 86' lang='lat' dir='ltr'>paruit</span> <span class='ocrx_word' id='word_1_323' title='bbox 845 4366 1050 4436; x_wconf 82' lang='lat' dir='ltr'>admonitioni]</span> 
     </span>
    </p>
   </div>
   <div class='ocr_carea' id='block_1_6' title="bbox 0 0 1505 5108">
    <p class='ocr_par' dir='ltr' id='par_1_8' title="bbox 0 0 1505 5108">
     <span class='ocr_line' id='line_1_38' title="bbox 0 0 1505 5108; baseline 0 0"><span class='ocrx_word' id='word_1_324' title='bbox 0 0 1505 5108; x_wconf 95' lang='lat' dir='ltr'> </span> 
     </span>
    </p>
   </div>
  </div>
 </body>
</html>
