2994 5108
200 478 263 534 Lib.
281 478 314 533 X
750 466 811 527 222

202 650 344 734 procul
373 672 444 717 esse
473 650 676 734 significatur
704 657 738 717 et
765 651 882 716 horum
910 652 1053 735 proximi
1078 651 1120 717 ab
1143 651 1359 719 ulterioribus

202 758 445 839 discernuntur,
489 759 645 843 factaque
686 758 881 843 apponendo
921 760 1101 843 partitione
1143 759 1279 844 (agros
1304 779 1361 806 ’-

202 869 407 950 proximos
436 903 477 913 -
499 868 720 946 ulteriora,
754 868 803 931 ita
830 874 867 932 ut
895 868 995 931 etiam
1023 867 1066 932 ad
1094 869 1204 933 neutri
1230 869 1360 952 generis

200 977 369 1041 notionem
396 977 607 1042 incertiorem
630 975 846 1057 transeatur),
881 997 941 1059 pro
971 977 1134 1041 communi
1163 976 1263 1042 verbo
1293 977 1359 1042 duo

201 1084 433 1163 subiciuntur,
468 1084 511 1149 ad
546 1105 641 1149 suam
675 1083 829 1167 quodque
858 1090 988 1167 partem
1016 1090 1132 1169 aptum
1162 1084 1289 1166 (cerni
1315 1119 1361 1132 -

201 1192 336 1257 videri
369 1192 482 1273 esse).
540 1191 604 1257 Sed
637 1191 798 1280 haeremus
832 1192 975 1274 primurn
1003 1193 1038 1256 in
1068 1194 1195 1276 stagnis
1223 1200 1382 1276 atergo.

201 1301 290 1380 sitis,
318 1322 420 1383 quum
447 1298 657 1365 manifestum
686 1301 744 1377 sit,
773 1300 852 1365 litus
881 1306 978 1365 tenue
1001 1302 1218 1383 transgressis
1242 1307 1361 1385 stagna

201 1429 241 1474 ex
264 1409 400 1474 adverso
424 1408 555 1474 obiecta
576 1430 658 1474 esse.
711 1408 802 1473 Adeo
830 1414 943 1473 tamen
970 1416 1061 1474 recte
1090 1416 1124 1475 et
1152 1411 1256 1476 omnis
1286 1431 1360 1475 ora-

201 1518 302 1583 tionis
330 1517 438 1583 forma
466 1524 499 1581 et
528 1517 657 1600 singula
679 1517 780 1582 verba
803 1517 983 1596 cohaerent,
1018 1523 1056 1582 ut
1079 1518 1147 1583 sine
1171 1519 1360 1584 temeritate

200 1624 282 1691 nihil
316 1625 438 1690 mutari
472 1646 570 1709 posse
604 1625 755 1690 videatur
790 1624 1078 1709 confitendumque
1107 1647 1195 1705 esse,
1231 1625 1361 1691 Livium

200 1735 311 1799 nescio
341 1754 405 1815 quo
435 1733 535 1797 animi
563 1754 675 1798 errore
699 1734 747 1798 sic
770 1735 957 1818 scripsisse,
987 1735 1083 1817 quasi
1106 1734 1146 1798 de
1169 1733 1360 1800 hominibus

202 1863 219 1908 e
248 1843 416 1907 contraria
452 1848 547 1924 parte
581 1841 613 1923 (e
641 1840 908 1922 mediterraneis)
944 1841 1154 1907 venientibus
1187 1847 1359 1926 ageretu13

201 1972 278 2016 nam
306 1949 353 2015 ab
382 1957 499 2033 tergo
530 1971 550 2014 a
576 1951 794 2032 transgressis
823 1952 970 2035 separari
1000 1956 1034 2016 et
1063 1950 1180 2016 referri
1208 1951 1252 2015 ad
1275 1950 1357 2017 litus

202 2058 255 2140 (ut
283 2060 327 2124 sit
354 2065 448 2141 post
477 2058 531 2138 id)
560 2059 613 2122 vix
641 2079 721 2123 usus
749 2059 906 2141 loquendi
935 2060 1023 2124 sinit.
1076 2058 1140 2124 Sed
1169 2059 1288 2125 hocin
1311 2060 1360 2125 in·

201 2172 292 2232 certo
314 2166 555 2250 relinquamus3
586 2166 628 2231 ad
657 2168 875 2250 posteriorem
898 2175 1028 2250 partem
1051 2173 1296 2250 praevertamur,
1325 2169 1359 2233 in

201 2295 268 2358 qua
289 2276 439 2340 ostium
460 2274 570 2353 verbo,
595 2275 856 2357 querelantur,
881 2296 994 2341 carere
1016 2275 1161 2356 videtum
1189 2277 1303 2359 itaque
1326 2277 1361 2341 in

201 2383 312 2447 codice
341 2405 405 2448 uno
434 2389 468 2448 et
490 2383 595 2448 altero
617 2384 846 2449 recentissimo
870 2384 973 2464 (velut
996 2370 1114 2467 Sigon,
1141 2383 1211 2449 Pal.
1236 2383 1270 2465 2)
1293 2404 1356 2468 pro

203 2491 335 2556 videri
363 2512 453 2556 esse
485 2493 643 2575 scriptum
674 2498 722 2556 est
745 2491 836 2556 inde
860 2512 947 2557 esse
970 2492 1190 2573 (ulteriora
1212 2492 1360 2572 colles3

118 2601 189 2669 (187)
207 2599 300 2664 inde
323 2620 410 2664 esse
434 2599 609 2680 ostium),
640 2621 713 2682 quae
737 2602 903 2683 scriptura
926 2622 946 2664 a
969 2600 1112 2665 Grutero
1133 2607 1270 2684 recepta
1292 2622 1362 2666 ser·

203 2714 347 2790 rataque
381 2709 415 2771 in
451 2708 652 2773 editionibus
688 2715 738 2773 est
771 2709 812 2773 ad
846 2715 962 2775 nostra
996 2715 1164 2792 tempora3
1196 2707 1362 2773 refellitur

203 2820 316 2880 tamen
349 2823 468 2900 praeter
503 2817 652 2881 codicum
687 2818 921 2882 auctoritatem
955 2817 1009 2897 (ne
1043 2817 1123 2900 quid
1158 2816 1199 2881 de
1227 2815 1363 2881 sublate

203 2929 283 3007 apta
311 2923 417 3006 figura
446 2926 653 3007 proximos
682 2960 723 2970 -
753 2927 882 3003 cerni,
917 2926 1128 2990 ulteriora
1154 2959 1198 2969 —
1226 2924 1362 2990 videri

203 3052 292 3096 esse
316 3032 438 3114 dicam)
461 3033 534 3116 ipsa
556 3034 735 3112 sententia3
764 3055 872 3116 neque
896 3035 981 3098 enim
1004 3014 1081 3117 post
1104 3053 1200 3115 agros
1224 3032 1361 3113 (intror-

204 3161 258 3205 sus
291 3141 325 3203 in
358 3141 601 3206 mediterranea
629 3141 757 3223 versus)
788 3143 909 3207 ostium
938 3140 1081 3207 fluminis
1110 3147 1191 3206 erat.
1247 3140 1363 3225 Nuper

203 3248 491 3314 Weissenbornius
525 3271 622 3314 voces
656 3250 762 3315 haud
796 3250 937 3334 procul
967 3272 1027 3316 suo
1056 3251 1129 3315 loco
1161 3254 1270 3316 motas
1299 3271 1362 3333 pu·

202 3357 301 3433 tavit,
340 3357 446 3440 iisque
481 3359 694 3441 transpositis
730 3360 777 3422 sic
812 3360 959 3441 scripsit:
1001 3378 1120 3440 agros
1154 3359 1362 3442 proximos

204 3472 455 3548 campestres
490 3469 621 3544 cerni,
661 3465 866 3531 ulteriora
901 3466 1031 3531 colles
1064 3466 1212 3547 videri,
1253 3466 1363 3531 haud

202 3575 346 3656 procul
375 3597 461 3640 esse
485 3576 635 3640 ostium
657 3574 854 3654 fluminis,
885 3596 959 3659 quo
989 3576 1209 3658 circumagi
1237 3595 1362 3640 naves

202 3682 222 3744 i.
259 3689 304 3746 st.
334 3689 357 3746 t.
387 3683 603 3763 vidissent,
643 3683 707 3748 hoc
746 3684 878 3767 quidem
912 3689 1094 3748 extremum
1128 3682 1362 3765 (vidissent)

203 3810 242 3853 ex
275 3790 365 3854 inani
392 3790 586 3857 Alschefskii
617 3792 820 3870 coniectura,
854 3791 955 3856 ducta
984 3814 1023 3856 ex
1052 3792 1149 3857 unius
1180 3791 1303 3856 codicis
1333 3791 1363 3856 P

202 3898 320 3962 mendo
349 3898 531 3962 vidisset.
590 3898 654 3963 Sed
683 3906 716 3964 et
746 3899 800 3963 hic
829 3900 1026 3965 emendandi
1048 3902 1114 3966 loci
1139 3906 1279 3965 conatus
1303 3898 1363 3980 (ne

203 4005 283 4088 quid
312 4006 351 4071 de
379 4007 636 4089 transpositione
666 4006 787 4087 dicam)
817 4015 849 4072 et
876 4009 1079 4091 reliquorum
1107 4009 1279 4074 sententiae
1302 4007 1363 4075 illo

202 4112 358 4177 laborant
380 4116 573 4196 gravissimo
596 4116 818 4194 incommodo,
848 4118 936 4199 quod
965 4119 1012 4182 sic
1042 4117 1270 4201 exploratores
1293 4138 1365 4182 non

203 4221 300 4286 modo
324 4222 445 4286 ostium
467 4221 556 4287 fluvii
580 4244 614 4287 se
637 4223 758 4288 vidisse
780 4230 917 4289 narrant
940 4232 997 4289 aut
1020 4227 1120 4290 etiam
1142 4226 1176 4289 in
1193 4247 1232 4290 eo
1249 4246 1365 4309 naves,
