2994 5108
696 441 756 501 2⁷1
1150 453 1212 508 Lib.
1231 453 1307 508 XXI.

148 625 292 690 norint
324 646 468 691 nomeu
500 625 689 705 inditum3
723 629 757 690 et
790 647 931 691 nomeu
966 625 1092 690 Livium
1125 626 1306 709 scripsisse,

150 738 275 798 certum
309 740 375 815 est3
409 734 467 799 sed
501 741 534 799 et
566 734 793 799 coniunctivus
827 756 947 818 pravus
981 740 1032 799 est
1065 733 1183 817 (neque
1218 736 1305 799 enim

149 839 261 907 livius
295 863 336 907 ex
369 863 430 907 sua
463 843 667 921 coniectura,
701 843 729 907 si
763 862 835 906 eam
870 842 1096 907 coniunctivus
1130 841 1304 925 significat,

149 956 416 1033 argumentatur,
452 951 509 1016 sed
544 972 584 1016 ex
612 948 701 1015 fama
728 950 816 1034 apud
844 949 920 1015 illos
943 951 1083 1034 populos
1107 956 1197 1014 certo
1221 950 1305 1014 obti-

149 1056 263 1139 nente)
282 1064 317 1123 ct
333 1058 469 1124 verbum
485 1058 635 1141 ineptum
651 1058 771 1142 (neque
794 1059 891 1136 enim,
915 1058 994 1140 quid
1011 1064 1155 1137 nossent,
1179 1079 1305 1142 quaere-

149 1164 259 1245 batur,
283 1165 342 1232 sed
365 1166 445 1250 quid
466 1172 624 1251 putarent
647 1166 868 1248 dicerentque,
891 1186 998 1250 neque
1022 1187 1100 1231 saue
1123 1165 1305 1232 aPoeninc

151 1272 212 1339 deo
238 1282 385 1340 montem
413 1274 617 1358 appellatum
638 1273 809 1355 norant).
860 1274 976 1358 Itaque
1000 1273 1108 1338 Livius
1133 1275 1305 1358 scripsisse

69 1398 73 1409 ·
151 1381 296 1447 ridetur:
328 1401 460 1445 nonen
489 1383 619 1446 terunt
646 1382 829 1447 inditum.
880 1382 998 1447 Utrum
1028 1380 1211 1447 Sedunos
1234 1382 1305 1448 Ve-

149 1510 298 1574 ragros
331 1512 433 1556 unum
467 1491 625 1574 populum
654 1492 781 1573 putarit
810 1512 851 1554 an
883 1489 1034 1555 Seduni
1057 1490 1305 1573 Veragrique

149 1599 334 1682 scripserit,
364 1620 429 1665 non
458 1598 589 1664 definio.
639 1596 720 1681 Cap.
743 1604 795 1676 40,
827 1603 865 1662 10
889 1598 935 1678 (in
959 1600 1108 1663 oratioue
1131 1597 1305 1682 Scipionis)

125 1707 308 1790 ‘quoniam
341 1706 473 1772 cedices
505 1706 645 1771 habent:
680 1727 726 1770 ac
757 1705 862 1770 nihil
895 1708 1021 1789 magis
1055 1727 1200 1770 vereor
1232 1727 1305 1770 nec

150 1834 320 1897 unquam
347 1837 417 1880 vos
441 1836 526 1879 cnm
549 1814 851 1899 pugnaveritis,
880 1814 1005 1897 Alpes
1027 1815 1176 1879 vicisse
1199 1813 1305 1878 Han·

150 1922 325 1988 cibalem
359 1923 592 2002 videantur,
635 1943 674 1987 ex
710 1943 986 2003 neoumquam,
1016 1923 1234 2004 transposito,
1269 1929 1306 1986 ut

150 2050 262 2097 omues
283 2031 426 2109 faciunt,
456 2052 589 2114 quam,
616 2030 656 2094 fit
678 2051 797 2114 quam
818 2051 875 2107 ne,
907 2050 1003 2093 oum.
1053 2028 1125 2094 Hoc
1149 2036 1304 2112 corrupto

150 2138 400 2223 superadditum
421 2144 472 2203 est
493 2139 635 2203 alterum
657 2159 752 2202 cum.
800 2137 943 2219 1862.)¹)

235 2244 315 2331 (lap.
340 2252 397 2325 44,
428 2246 518 2328 Min
540 2246 736 2339 Hannibalis
759 2246 848 2329 apud
871 2246 993 2310 milites
1017 2247 1194 2326 orationel:
1230 2244 1304 2310 Pa·

149 2376 231 2420 rum
260 2362 338 2432 est,
373 2354 480 2439 quod
508 2355 755 2419 veterrimas
784 2355 1017 2437 provincias
1045 2374 1168 2425 meas,
1204 2352 1304 2418 Sici-

148 2462 246 2528 liam
274 2483 320 2527 ac
350 2460 597 2541 Sardiniam,
632 2461 799 2527 adimis?
834 2463 957 2526 etiam
985 2462 1232 2545 Hispanias?
1265 2467 1306 2526 et

149 2569 242 2635 inde
266 2590 446 2636 cessero:
469 2571 508 2635 in
524 2570 703 2634 Africam
725 2570 1012 2650 transceudes3
1035 2569 1304 2635 transcendes

149 2688 294 2757 autem,
329 2678 442 2744 dico?
475 2678 584 2743 Duos
618 2677 810 2743 consules
843 2678 961 2742 huius
995 2679 1086 2743 anni
1120 2699 1236 2742 uuum
1264 2679 1305 2741 in

148 2786 341 2865 Africam,
375 2785 550 2851 alterum
579 2787 617 2850 in
639 2786 879 2869 Hispaniam
909 2786 1116 2850 miserunt.
1175 2784 1228 2849 Sic
1252 2785 1305 2849 hic

148 2894 242 2959 locus
264 2893 370 2959 multo
394 2915 475 2960 sane
497 2894 623 2973 melius,
646 2914 744 2976 quam
768 2899 868 2958 antea
889 2892 1068 2972 ferebatur,
1092 2914 1112 2957 a
1135 2892 1301 2958 Gronovio

147 3005 349 3068 constitutus
372 3009 433 3081 est,
456 3002 579 3068 codicis
595 3001 755 3067 Puteanei
777 3002 915 3084 vestigia
937 3009 1114 3085 premente,
1136 3001 1201 3065 nisi
1217 3000 1305 3084 quod

146 3111 297 3196 scripsit:
326 3116 380 3190 et,
410 3110 443 3175 ei
465 3109 560 3174 inde
583 3130 765 3186 cessero,
794 3110 834 3173 in
857 3109 1037 3173 Africam
1060 3116 1122 3174 cet.
1166 3108 1230 3174 Sed
1253 3115 1302 3172 ta·
1320 3121 1390 3186 (221)

145 3240 223 3285 meu
244 3224 353 3284 restat
374 3217 501 3301 aliquid
524 3217 740 3291 dubitationis
765 3223 808 3296 et,
836 3217 901 3281 nisi
924 3217 1033 3295 fallor,
1057 3217 1175 3282 mendi.
1220 3217 1304 3280 Nam

144 3326 207 3392 illa
246 3326 370 3392 etiam
403 3325 655 3409 Hispanias?
699 3347 765 3390 nou
805 3331 894 3389 recte
929 3325 1154 3409 superioribus
1188 3325 1303 3389 adiun-

142 3440 281 3519 guntur,
308 3431 444 3499 atinde
467 3432 624 3497 audiatur
646 3433 810 3514 adimis3
839 3440 872 3497 et
894 3454 947 3498 res
971 3434 1058 3498 enirn
1081 3433 1237 3516 postulat,
1267 3439 1306 3497 ut

173 3626 201 3696 1)
221 3625 287 3696 Cap.
313 3629 360 3694 39,
385 3629 398 3678 1
422 3642 554 3679 armare
577 3623 668 3691 (codd.
687 3625 821 3692 armari)
846 3626 1035 3680 exercitum
1059 3626 1211 3681 admodum
1232 3627 1329 3681 inse·

216 3711 310 3767 lenter
332 3710 437 3765 dicitur
458 3727 517 3765 uon
540 3709 575 3766 de
599 3709 765 3765 instruendo
788 3710 885 3777 armis,
910 3711 959 3765 sed
983 3711 1017 3765 de
1039 3729 1072 3766 eo
1095 3711 1131 3765 ad
1153 3728 1233 3765 arma
1255 3728 1302 3764 vo·

217 3795 309 3851 cnudo
332 3800 362 3849 st
383 3794 530 3850 movendo.
613 3812 659 3849 am
701 3794 757 3849 uod
775 3794 857 3849 XXII
897 3799 928 3849 14
966 3800 997 3850 14
1020 3797 1119 3850 eodem
1141 3797 1226 3850 modo
1249 3813 1305 3851 co·

217 3881 283 3951 piar
301 3880 429 3935 armari
447 3879 504 3935 dici
521 3794 661 3948 riddNntnr,
682 3812 766 3949 duale
784 3881 853 3935 illud
863 3838 911 3935 'sit
928 3837 1129 3948 iestimouinm,
1148 3882 1304 3951 apparebit,

218 3983 305 4035 quum
327 3984 361 4021 eo
384 3970 498 4019 ventum
517 3965 589 4032 erit.)
629 3965 744 4020 Fuitne:
767 3966 827 4020 sed
851 3966 891 4020 ad
914 3984 1007 4020 arma
1028 3984 1149 4020 vocare
1174 3966 1305 4020 exerci-

216 4052 306 4105 tum?
330 4049 402 4118 (lbd.
422 4048 438 4120 ξ
456 4053 474 4105 8
491 4051 672 4106 scribendum
690 4051 810 4120 videtur,
828 4069 884 4105 uuo
903 4052 989 4105 verbo
1007 4052 1192 4120 transposito:
1220 4049 1304 4105 Nam

217 4142 249 4192 et
276 4135 488 4191 Hannibalis
517 4136 607 4206 apud
633 4136 807 4191 Romanos
833 4165 867 4173 -
895 4137 1156 4191 celeberrimum
1182 4152 1304 4190 nomen

217 4227 306 4289 erat,
329 4225 362 4275 et
385 4220 585 4291 Scipionem
605 4221 779 4277 Hannibal
797 4250 831 4259 -
849 4227 1077 4292 proestantom
1101 4222 1210 4275 virum
1232 4237 1304 4274 cro-

216 4306 327 4362 debat
365 4305 452 4373 1862.)
