2994 5108
217 487 279 540 Lib.
297 485 421 541 XXXIV.
762 475 823 535 508

217 659 378 723 tissimam
412 657 592 723 ostendunt
624 656 697 722 ills:
739 658 827 740 pari
861 679 947 723 oum
979 655 1099 722 laude
1133 656 1272 722 eadem
1305 676 1373 721 una

219 786 293 829 cum
315 765 431 830 ordine
453 764 642 843 verborum,
670 771 708 830 ut
730 764 807 843 dixi,
837 765 966 830 inverso
989 764 1086 848 (quse
1110 763 1309 829 Seleucus
1330 798 1375 809 -

217 872 454 955 reliquerit,
484 908 525 918 -
554 872 693 936 eadem
714 906 757 917 —
779 873 987 956 receperit
1014 870 1279 952 Antiochus);
1314 892 1372 954 ap·

219 986 314 1063 paret
327 981 422 1058 enim,
440 980 586 1045 relativae
604 982 783 1059 sententiae,
806 981 839 1044 in
857 1001 924 1064 qua
943 1000 1121 1063 pronomen
1141 978 1255 1064 (qum)
1275 998 1375 1060 gene·

217 1089 316 1152 ratim
335 1095 493 1172 ponatur,
516 1108 581 1153 non
594 1086 770 1152 adurbes
789 1088 961 1170 pertineat,
976 1087 1267 1154 demonstrativam
1279 1083 1375 1150 reddi

218 1195 498 1276 (ἀπαποδίὸοσθαι),
533 1195 622 1278 quod
654 1201 692 1260 ut
725 1193 796 1260 11011
824 1202 914 1261 recte
942 1197 1049 1279 possit
1077 1194 1268 1275 servarique
1298 1213 1376 1258 con·

217 1303 435 1368 iunctivorum
459 1302 681 1386 (receperit
704 1302 780 1383 oet.)
804 1323 913 1383 causa,
938 1302 1090 1368 addenda
1108 1309 1157 1367 est
1175 1302 1375 1380 coniunctio,

219 1431 291 1495 quae
325 1410 541 1475 similitudine
573 1409 762 1476 litterarum
794 1411 917 1475 extrita
944 1417 1010 1490 ast,
1044 1417 1077 1475 et
1103 1411 1153 1474 ita
1180 1408 1377 1475 scribendus

217 1526 307 1584 totus
328 1518 436 1583 locus:
476 1516 685 1582 Enimvero
708 1518 747 1582 id
771 1517 915 1582 auditu
939 1518 1059 1584 etiam
1081 1517 1218 1582 dicere
1240 1516 1377 1601 indig-

218 1648 306 1690 num
336 1646 424 1691 esse
452 1625 722 1708 Hegesianax,
756 1625 938 1690 Thraciae
966 1632 1005 1691 et
1033 1624 1283 1691 Chersonesi
1310 1646 1378 1688 ur·

219 1734 341 1798 bibus
365 1733 496 1797 arceri
519 1731 777 1811 Antiochum,
806 1753 923 1812 quun,
955 1753 1041 1816 quae
1065 1732 1263 1798 Seleucus
1286 1753 1377 1816 pro-

219 1863 315 1906 avus
344 1842 444 1920 eius,
477 1839 717 1924 Lysimacho
751 1862 844 1924 rege
876 1827 987 1906 hello
1014 1842 1123 1905 victo
1153 1846 1193 1905 et
1219 1841 1259 1904 in
1288 1839 1377 1904 acie

218 1968 336 2027 caeso,
371 1969 441 2031 per
476 1970 667 2013 summum
700 1949 821 2013 decus
857 1955 977 2032 parta
1009 1948 1250 2033 reliquerit,
1284 1949 1377 2031 pari

219 2078 303 2119 oum
325 2055 449 2120 laude
473 2057 626 2134 eadem,
660 2055 706 2120 ab
730 2056 957 2120 Thracibus
981 2076 1190 2139 possessa,
1218 2056 1377 2138 partim

220 2165 342 2227 arinis
376 2164 582 2247 receperit
611 2163 856 2242 Antiochus,
892 2165 1039 2247 partim
1069 2171 1130 2229 cet.
1186 2163 1268 2228 Post
1299 2161 1376 2227 An·

134 2283 203 2350 (408)
223 2271 403 2335 tiochum
432 2270 554 2335 excidit
583 2291 675 2335 cum.
726 2270 875 2354 Apparet
901 2292 988 2336 nunc
1018 2273 1132 2351 etiam,
1159 2270 1313 2354 partim
1342 2271 1376 2335 in

220 2379 252 2442 hl
275 2379 398 2442 rectius
426 2398 524 2458 quam
547 2379 581 2441 in
605 2379 724 2443 ceteris
747 2380 839 2461 poni;
872 2399 949 2442 nam
977 2377 1044 2443 illis
1068 2376 1310 2462 Lysimacho
1335 2412 1378 2422 -

222 2507 321 2551 causo
345 2486 510 2549 contraria
534 2492 702 2567 ponuntur
724 2486 808 2550 haec:
842 2486 889 2551 ab
913 2485 1140 2551 Thracibus
1163 2504 1376 2570 possessa,

222 2593 338 2658 deinde
361 2592 496 2675 partitio
519 2591 566 2656 fit.

307 2699 384 2783 Cap.
415 2704 464 2777 62,
500 2704 537 2761 13
569 2701 616 2779 (in
639 2699 823 2782 legatorum
846 2699 1063 2765 Numidarum
1094 2706 1210 2765 contra
1234 2697 1375 2765 Cartha·

220 2810 416 2890 giniensium
450 2808 599 2889 querelas
633 2813 666 2870 et
699 2807 866 2890 postulata
900 2807 1078 2889 oratione):
1118 2807 1255 2891 Neque
1291 2828 1376 2872 eum

221 2916 377 2998 (agrum),
416 2916 464 2978 de
504 2936 579 2997 quo
621 2916 772 2994 agitur,
812 2915 987 2997 probare
1021 2936 1089 2980 eos
1123 2936 1257 2998 posse,
1297 2936 1374 2980 non

219 3024 332 3088 modo
364 3043 536 3104 semper,
571 3043 617 3084 ex
646 3042 722 3103 quo
752 3024 978 3104 coeperint,
1012 3022 1158 3091 sedne
1190 3021 1260 3086 diu
1284 3023 1375 3106 qui·

221 3132 305 3195 dem
330 3152 397 3195 eos
421 3128 669 3212 possedisse.
720 3129 818 3193 Nullo
842 3129 982 3194 artificio
1006 3129 1137 3194 defendi
1160 3137 1281 3211 potest,
1311 3129 1376 3194 hoc

220 3240 385 3319 posterius
414 3258 481 3301 eos
511 3260 576 3301 non
604 3237 770 3301 soloecum
799 3257 869 3300 0000
900 3259 959 3318 pro
990 3257 1045 3315 se;
1081 3236 1275 3319 (probare
1297 3258 1375 3302 non

221 3352 405 3427 possunt,
439 3366 570 3408 -eos
600 3343 869 3426 possedisse3)
893 3344 1102 3408 manifestum
1132 3351 1198 3423 est,
1234 3344 1269 3408 id
1297 3365 1374 3427 pro·

220 3451 337 3515 nomen
360 3452 445 3514 male
469 3452 656 3534 suppletum
680 3471 762 3530 esse,
786 3473 886 3534 quum
909 3452 1091 3516 subiectum
1110 3451 1375 3531 desideraretur-3

220 3564 331 3621 utrum
361 3559 471 3623 Livius
500 3560 682 3641 scripserit:
717 3559 896 3640 probare
927 3581 995 3623 eos
1024 3581 1144 3643 posse
1166 3594 1209 3604 —
1232 3580 1375 3642 posse·

220 3666 328 3730 disse
358 3687 400 3729 an
431 3666 608 3748 probare
637 3686 702 3729 eos
731 3687 852 3748 posse
881 3686 919 3728 se
946 3702 990 3710 -
1017 3667 1274 3750 possedisse,
1307 3689 1375 3735 non

220 3772 355 3852 defini03
385 3773 488 3855 magis
516 3781 625 3836 tamen
655 3774 687 3835 in
717 3771 958 3856 hanopartem
987 3774 1123 3854 inclin03
1154 3797 1231 3839 nam
1260 3775 1376 3839 omissi

219 3881 420 3963 pronominis
454 3878 598 3944 reflexivi
632 3879 714 3959 (0110
742 3881 922 3962 personalis
950 3881 1102 3946 reflexive
1130 3882 1273 3947 subiecti
1302 3882 1377 3948 loco

218 3988 374 4070 ponendi)
409 3987 558 4069 exempla
592 3987 681 4069 apud
713 3987 896 4070 perfectum
932 3989 1084 4053 infinitivi
1113 3997 1261 4073 tempus,
1296 3997 1377 4074 post

218 4094 406 4157 huiusmodi
424 4097 605 4175 praesertim
622 4094 767 4170 verbum,
787 4096 884 4176 quale
904 4105 954 4160 est
972 4097 1146 4179 probare
1166 4098 1223 4179 (-
1240 4099 1377 4163 1110111110

218 4203 304 4264 enim
338 4200 443 4264 fertur
474 4204 626 4285 fecisse
658 4202 763 4267 dixit
794 4210 826 4266 et
855 4204 976 4269 similia
1003 4204 1059 4285 —)
1088 4226 1149 4271 neo
1177 4206 1285 4270 multa
1316 4228 1379 4273 nec
