2994 5108
692 482 753 544 133
1185 496 1247 552 Lib.
1265 496 1298 552 V.

142 674 235 734 recte
273 668 346 734 haec
386 673 644 753 componuntur:
689 668 765 733 hoc
808 668 1043 734 iniunxisse
1087 669 1301 749 servitutis,

143 775 251 862 qnod
279 775 439 842 tribuni
467 794 618 857 regan
642 782 889 842 exercerent.
941 775 1072 843 Scilicet
1093 776 1147 841 hic
1169 798 1301 862 quoque

141 883 407 969 interpungendo
439 890 621 968 peccatum.
678 884 795 951 Oratio
829 886 863 950 in
896 884 1087 951 facerent
1119 885 1300 951 subsistere

145 992 255 1073 debet,
279 991 398 1058 deinde
421 992 461 1057 de
483 993 611 1076 integro
636 992 683 1058 sic
705 1013 858 1077 pergere:
884 991 997 1070 Quod
1019 993 1176 1058 tribuni
1198 993 1301 1058 mili-

143 1108 227 1166 tnm
262 1101 303 1166 in
335 1099 456 1185 plebe
485 1101 662 1167 Romana
694 1121 860 1183 regnum
889 1101 1150 1166 exercerent?
1184 1099 1302 1178 Quid·
1425 1118 1428 1125 ·

143 1230 234 1275 nam
261 1208 329 1274 illi
356 1209 546 1275 consules
575 1208 854 1275 dictatoresve
876 1209 1029 1275 facturi
1052 1216 1204 1290 essent,
1233 1211 1302 1292 qni

143 1315 479 1404 proconsularem
511 1316 726 1399 imaginem
753 1324 833 1382 tam
861 1337 1003 1382 saevam
1030 1354 1073 1363 -
1101 1317 1299 1384 fecerint?
1317 1337 1388 1405 (112)

144 1425 185 1492 In
212 1430 356 1509 utraque
386 1426 643 1509 interrogatione
671 1425 804 1508 oblique
827 1423 994 1491 efferenda
1016 1426 1128 1491 Livius
1152 1427 1304 1492 coniunc-

145 1535 215 1600 tivo
237 1555 300 1619 pro
323 1533 484 1600 infinitivo
507 1555 587 1599 usus
610 1539 669 1599 est.
716 1532 849 1618 (Opusc.
873 1534 930 1599 Ac.
953 1534 985 1598 Il
1007 1557 1038 1619 p.
1063 1534 1150 1618 216.)

232 1639 314 1728 Cap.
345 1645 379 1721 3,
413 1645 449 1722 8,
485 1642 639 1724 quoniam
668 1642 700 1706 in
731 1642 842 1707 codice
871 1641 1050 1727 archetypo
1078 1643 1126 1707 sic
1154 1642 1231 1707 fuit:
1266 1649 1306 1708 et

115 1766 120 1775 ·
143 1748 476 1835 quemadmodum
500 1771 585 1815 oum
608 1751 736 1815 servis
760 1751 844 1816 suis
868 1757 1009 1816 vetant
1031 1752 1181 1816 domini
1198 1751 1304 1836 quic-

144 1880 266 1943 quam
297 1859 358 1923 rei
393 1878 477 1922 cum
506 1856 658 1923 alienis
686 1856 919 1923 hominibus
948 1879 1036 1923 esse
1061 1858 1305 1942 pariterque

143 1967 252 2032 iniis
269 1965 402 2049 (servis)
418 1965 624 2031 beneficio
643 1986 687 2030 ac
703 1964 911 2031 maleficio
929 1966 1132 2031 abstineri
1152 1987 1304 2049 aequum

145 2079 321 2155 censent,
345 2075 536 2159 praepositio
561 2072 674 2157 (oum)
697 2074 803 2139 altero
827 2072 910 2153 loco,
941 2096 1007 2139 non
1030 2076 1140 2158 priore
1159 2073 1306 2139 tollenda

144 2190 211 2265 θεῖς
234 2183 341 2267 magis
364 2183 450 2247 enim
473 2183 521 2248 sic
543 2181 755 2266 significatur,
779 2182 862 2248 alios
885 2183 989 2247 areeri
1012 2183 1105 2247 aditu
1128 2182 1170 2248 ed
1194 2204 1305 2248 servos

144 2291 231 2375 (sich
263 2293 325 2356 mit
351 2291 446 2357 ihren
469 2290 606 2356 Sclaven
633 2289 811 2373 befassen).
866 2289 970 2356 Paulo
998 2297 1076 2375 post
1098 2291 1229 2356 initium
1252 2312 1305 2355 ca·

148 2401 229 2486 pitis
253 2397 286 2484 (ἓ
307 2399 342 2482 4)
365 2405 446 2484 puto
471 2399 598 2464 Livium
621 2400 794 2483 scripsisse
823 2400 989 2465 iniuriis
1011 2401 1165 2465 nostrie
1188 2400 1305 2484 (patri-

145 2507 307 2591 ciorum),
339 2509 418 2594 quia
448 2514 521 2573 tum
549 2507 680 2573 demum
710 2515 786 2592 apte
810 2507 852 2573 ad
876 2505 1006 2573 Claudii
1028 2529 1220 2591 personam,
1254 2508 1305 2571 vix

145 2617 360 2684 concedentis
382 2616 467 2681 ullas
490 2637 579 2696 esse,
608 2615 755 2681 additur:
790 2617 825 2681 si
848 2638 929 2700 quae
951 2615 1057 2681 forte
1080 2616 1305 2700 aliquando

144 2726 398 2793 inciderunt.
448 2724 574 2791 Ullaene
603 2742 748 2807 unquam
772 2746 792 2790 a
814 2746 980 2807 quoquam
1010 2723 1148 2809 plebeiis
1178 2725 1305 2789 iniuriae

143 2833 244 2902 factae
269 2841 390 2914 essent,
412 2855 478 2900 non
501 2832 687 2899 dubitabat.

237 2940 318 3029 Cap.
340 2947 376 3023 4,
401 2945 436 3005 ⁷:
470 2941 542 3022 An,
573 2943 607 3006 si
636 2941 684 3005 ad
713 2940 899 3006 calculos
932 2962 1017 3006 eum
1046 2940 1306 3024 respublica

143 3057 286 3133 vocet,
313 3072 391 3118 non
413 3050 560 3115 merito
584 3049 695 3114 dicat
718 3056 779 3114 cet.
804 3046 884 3115 Cod.
907 3048 1027 3114 Veron.
1051 3048 1098 3114 ad
1123 3049 1305 3114 calculos

144 3162 275 3226 etiam
303 3180 368 3225 ree
395 3181 426 3243 p.
450 3164 576 3224 vocet.
621 3156 824 3237 Videndum,
853 3180 894 3223 ne
918 3158 1017 3223 scribi
1041 3158 1161 3223 debeat
1183 3158 1305 3223 etiam

144 3290 232 3335 rem
254 3290 287 3352 p.
304 3274 431 3333 vocet.
477 3267 562 3332 Nam
585 3265 681 3331 militi
706 3267 843 3348 querulo
866 3268 971 3348 magis
996 3268 1148 3331 convenit
1172 3265 1214 3330 ad
1238 3264 1305 3329 cal-

149 3377 245 3444 culos
267 3397 396 3443 vocare.
442 3374 565 3458 (1873.)

238 3482 318 3571 Cap.
343 3490 372 3566 5,
393 3490 423 3550 4.
476 3482 561 3549 Olim
584 3482 760 3549 edebatur:
789 3484 944 3548 milites
967 3519 1018 3562 -,
1041 3484 1187 3565 quibus
1210 3484 1305 3548 boni

145 3593 468 3679 tribuniplebis
492 3614 609 3675 quum
631 3592 881 3676 stipendium
905 3598 1150 3675 extorquere
1174 3591 1306 3657 volue-

142 3704 251 3783 rint,
289 3721 393 3767 nunc
431 3700 665 3767 consultum
702 3706 872 3784 repente
911 3699 1072 3782 volunt3
1110 3722 1196 3765 nuuc
1229 3705 1307 3784 post

142 3809 394 3878 Alschefskium
416 3830 433 3874 e
456 3808 625 3875 codicibus
648 3809 747 3875 scribi
765 3808 876 3875 video:
901 3810 1307 3891 quum-voluerunt,

146 3918 301 4000 soloece;
341 3937 449 4000 neque
482 3918 569 3983 enim
601 3939 747 4002 unquam
781 3919 814 3983 iu
848 3916 1035 3983 huiusmodi
1070 3915 1239 3981 varietatis
1273 3919 1332 3997 et¹

145 4028 392 4094 contrariorum
420 4025 659 4110 significatione
688 4049 805 4110 quum
828 4027 993 4111 particula
1014 4024 1225 4089 indicativum
1247 4022 1306 4086 ha·

143 4135 223 4217 bet3
256 4133 401 4201 debebat
433 4141 593 4220 praeterea
624 4134 702 4199 addi
729 4134 887 4219 temporis
916 4132 1112 4216 significatio
1141 4131 1307 4196 contraria

144 4245 187 4326 ei,
212 4265 284 4328 quae
308 4244 415 4310 estin
437 4264 543 4308 nuno
568 4242 699 4325 (quum
722 4250 841 4308 antea
862 4278 907 4287 —
927 4240 1054 4323 nunc).
1092 4238 1305 4305 Scribendum

144 4360 218 4420 est:
240 4353 391 4439 quibus
413 4351 510 4418 boni
531 4350 691 4416 tribuni
715 4351 851 4436 plebis
873 4358 947 4413 tn·
971 4348 1033 4431 (eo,
1057 4348 1097 4413 de
1120 4367 1184 4432 quo
1208 4352 1307 4411 antea
