2994 5108
696 461 737 521 22

140 656 232 715 runt.
265 647 310 715 X.
343 652 401 715 43.
439 651 476 710 12
499 644 570 726 (Eo
596 647 688 729 ipso
715 645 808 711 loco
835 654 998 711 temere.
1053 647 1096 711 P:
1128 647 1183 711 Eo
1206 649 1296 730 ipso

140 758 232 822 loeo
254 768 295 820 te
317 775 447 840 prope
469 776 588 832 mere,
622 755 740 819 ceteri:
774 775 820 820 eo
848 756 937 838 ipso
965 755 1058 819 loco
1085 776 1213 839 prope
1234 764 1296 820 te-

71 869 126 933 (an
143 887 262 931 mere.
295 865 360 929 nisi
392 862 483 946 quod
509 864 544 928 in
569 862 660 928 leid
687 867 700 925 l
732 872 764 926 et
794 862 870 928 aliis
898 863 1144 947 transponendo
1170 863 1296 928 factum

140 984 205 1040 est:
240 974 369 1057 Prope
397 992 443 1035 eo
464 973 552 1054 ipso
575 971 665 1045 loco
687 972 905 1052 temere').¹)
957 973 1073 1037 Restat
1102 971 1146 1036 ad
1176 993 1296 1054 cogno·

141 1082 295 1149 scendam
324 1080 449 1145 codicis
471 1079 641 1163 archetppi
662 1079 803 1144 formam
826 1081 925 1145 unius
947 1082 996 1145 rei
1017 1082 1296 1145 commemoratio.

140 1192 226 1256 Nam
248 1212 349 1272 quum
369 1189 404 1253 in
427 1210 467 1252 eo
489 1188 523 1251 in
544 1186 750 1271 marginibus
771 1189 965 1272 paginarum
989 1189 1180 1272 frequenter
1199 1209 1298 1271 argu-

140 1310 287 1364 mentum
312 1297 512 1361 narrationis
537 1297 680 1361 Lirianae
705 1296 849 1361 breviter
872 1296 1069 1362 adnotatum
1091 1298 1226 1379 esset').
1258 1297 1298 1362 li-

141 1407 258 1473 brarii.
285 1407 342 1488 qui
364 1428 404 1470 ex
426 1427 466 1469 eo
489 1404 572 1469 alios
595 1403 857 1488 descripserunt,
886 1405 1051 1470 interdum
1073 1428 1198 1473 errore.
1228 1407 1297 1471 alii.

142 1527 178 1580 ut
209 1514 261 1581 tit.
293 1515 427 1598 saepius.
458 1514 516 1578 alii
548 1513 658 1576 rarius
692 1512 754 1577 has
789 1513 1024 1578 adnotationes
1059 1516 1126 1597 ipsi
1153 1516 1297 1579 orationi

141 1624 286 1688 Liviana}
318 1625 546 1687 inseruertmt:
579 1621 692 1704 plures
731 1621 864 1704 quidem
899 1622 1009 1703 longe.
1047 1645 1148 1705 quam
1182 1624 1295 1688 ceteri

140 1738 316 1797 tenuerunt
349 1730 478 1795 librarii
511 1729 635 1794 codicis
668 1728 808 1793 Medicei
843 1737 875 1794 et
899 1729 1067 1796 Rhenani.
1101 1731 1151 1795 rel
1185 1733 1297 1815 potins

140 1840 297 1905 librarius
318 1840 390 1904 eius
412 1838 546 1905 codicis.
569 1860 608 1901 ex
631 1860 697 1919 quo
718 1837 835 1902 horum
857 1846 996 1921 uterque
1014 1850 1106 1904 ortus
1122 1847 1185 1905 est.
1209 1839 1321 1910 velut.

141 1949 189 2015 11.
223 1953 280 2015 36.
314 1952 352 2015 3.
384 1948 448 2012 etsi
475 1946 551 2011 aliis
578 1945 662 2010 loeis
685 1945 862 2011 Rhenanus
890 1946 932 2011 de
959 1968 1021 2011 suo
1043 1947 1157 2011 codice
1179 1949 1298 2015 tacuit.

141 2057 231 2122 relut
256 2056 324 2121 111.
358 2061 415 2121 11.
452 2060 484 2120 1.
517 2054 573 2118 ubi
607 2075 648 2117 ne
676 2053 815 2118 Medieei
844 2053 977 2136 quidem
1004 2055 1075 2119 haee
1105 2055 1297 2120 adnotatio:

141 2165 388 2229 ferociores
426 2164 574 2227 iterum
607 2163 746 2226 coorti
776 2161 966 2227 Valerius
993 2162 1184 2228 Valerius
1215 2163 1298 2228 Ho-

142 2273 361 2353 ratiusque
400 2280 543 2335 contra
583 2271 835 2334 sententiam
873 2271 1177 2354 Maluginensis
1216 2271 1298 2336 Ho-

141 2381 358 2462 ratiusque
387 2377 624 2443 vociferari.
651 2377 742 2460 apud
763 2377 1067 2444 Drakenborehium
1101 2401 1297 2444 commemo-

141 2496 244 2552 ratur.
289 2488 398 2570 Atque
419 2488 449 2550 is
471 2487 544 2570 ipse
565 2485 728 2551 horarius
750 2507 851 2567 quum
874 2495 973 2551 antea
997 2508 1097 2552 unam
1118 2488 1298 2553 alteramve

142 2594 349 2660 husiusmodi
377 2593 623 2658 adnotationem
652 2615 670 2657 e
698 2595 845 2677 margine
868 2596 1010 2660 orationi
1033 2596 1299 2681 interposuisset,

142 2705 177 2768 in
199 2704 285 2768 libro
306 2704 447 2787 septimo
469 2723 571 2786 prope
594 2701 778 2766 deliberato
801 2704 938 2769 consilio
960 2703 995 2768 id
1017 2704 1127 2768 faeere
1150 2706 1300 2788 coepisse

142 2812 271 2877 ridetur
298 2813 341 2892 (e.
364 2816 395 2876 3.
416 2817 446 2877 ὃ.
476 2810 533 2874 ubi
555 2820 645 2874 tacet
667 2811 844 2877 Drakenb„
867 2832 894 2875 c.
922 2817 971 2877 15.
994 2817 1013 2874 2
1038 2824 1071 2876 et
1095 2818 1212 2879 s—la.
1232 2814 1298 2879 rid.

143 2920 323 2986 Alscheisk
346 2942 377 3003 p.
403 2925 475 2984 185.
503 2941 531 2983 e.
556 2923 606 2984 16.
629 2924 650 2982 6
672 2932 706 2985 et
728 2927 758 2987 ss.
786 2943 814 2985 c.
841 2925 891 2986 17.
913 2925 943 2987 2.
965 2925 995 2986 o.
1018 2925 1048 2985 7.
1073 2925 1121 2986 to.
1144 2943 1173 2986 c.
1199 2927 1247 2989 ts.
1268 2931 1300 2988 4.

145 3030 203 3094 nbi
232 3038 321 3094 tacet
343 3026 461 3092 Drak.
488 3049 515 3091 c.
542 3032 596 3093 la.
624 3032 658 3093 2.
688 3038 725 3094 t.
758 3035 812 3097 lo.
839 3049 868 3093 c.
891 3032 948 3095 20.
975 3033 994 3091 2
1017 3044 1050 3092 et
1074 3030 1146 3108 adt:
1181 3029 1299 3096 deinde

215 3237 243 3287 1.
268 3232 332 3284 aliis
360 3232 524 3286 consulto
553 3231 710 3300 college.
736 3249 772 3284 ex
797 3250 855 3300 quo
882 3249 970 3301 prave
996 3230 1102 3287 aetum
1129 3233 1297 3286 consultu

212 3316 372 3385 college.
403 3318 483 3385 qnod
512 3326 613 3372 eoum
638 3318 713 3371 nivii
746 3328 777 3371 et
805 3318 931 3371 omnium
958 3335 1039 3370 usum
1064 3319 1095 3371 in
1122 3317 1298 3372 aditionibus

213 3403 364 3466 retinetur;
395 3419 459 3456 cum
489 3403 610 3456 militum
636 3405 769 3457 virtute
793 3420 881 3457 unum
907 3403 1065 3470 comparari
1090 3412 1186 3471 potest
1211 3422 1297 3458 eon·

214 3486 330 3542 silium
359 3495 389 3541 et
414 3488 564 3556 prudentia
586 3488 779 3556 imperatoris:
805 3504 888 3541 error
908 3498 988 3540 ortus
1010 3504 1045 3539 ex
1066 3489 1224 3542 consitio
1244 3508 1299 3560 pro

213 3574 367 3626 eonsilio
389 3572 517 3643 scripto).
562 3572 620 3640 [Ex
640 3572 687 3625 his
707 3573 780 3625 locis
796 3574 827 3626 in
844 3572 870 3623 V
887 3584 953 3626 sunt
971 3589 995 3624 e.
1013 3574 1064 3627 io'.
1090 3575 1121 3627 9:
1148 3592 1173 3628 e.
1191 3577 1242 3631 35.
1265 3579 1298 3631 7:

213 3675 237 3709 e.
255 3662 299 3715 44.
314 3662 346 3715 4:
363 3677 389 3712 e.
405 3662 449 3715 51.
468 3660 601 3713 '1¹:062
618 3660 648 3711 2:
669 3659 701 3710 in
717 3658 849 3712 omnious
866 3676 964 3712 rernm
981 3658 1149 3726 simpliciter
1165 3660 1301 3714 munitur

214 3744 306 3798 satin
332 3744 440 3799 utre.
467 3742 755 3799 obsecundando.
781 3761 897 3798 amore
924 3760 1052 3797 amens.
1077 3744 1298 3803 tetenderat.

213 3830 365 3884 consilio
383 3827 554 3898 collega]

176 3915 198 3969 ἰ
216 3912 321 3981 [Etim
338 3915 390 3973 lx.
411 3917 443 3969 5.
464 3917 491 3969 7.
508 3915 558 3967 ubi
574 3912 605 3965 I
621 3913 766 3980 ceterique
783 3915 818 3968 in
838 3913 973 3967 toream
991 3913 1120 3983 tapsus.
1136 3915 1169 3970 Ρ.
1185 3914 1297 3975 notk.

214 3998 281 4068 [ps
299 4018 334 4054 ιιι
349 3999 482 4053 iorem
498 3999 626 4052 missor
643 3997 774 4066 lapso⁸;
799 4012 860 4053 tum
878 3998 926 4055 VI.
943 3998 1111 4054 &511st
1129 4012 1208 4054 reete
1224 4002 1300 4055 sub·

214 4086 343 4141 iectus.
378 4084 421 4138 111
459 4084 537 4137 eolus
568 4084 749 4138 subiectus
779 4085 960 4141 sublatus.
991 4083 1013 4136 P
1043 4102 1108 4140 eum
1139 4103 1191 4139 m
1220 4094 1299 4141 seete

213 4169 369 4227 «Ensicul-
385 4169 465 4238 ἴῃ)
481 4169 606 4223 deterius
624 4168 711 4223 tabet
728 4166 911 4236 sublatus]

173 4257 199 4307 ’t
217 4253 468 4324 [Quemadmodum
490 4255 521 4308 in
537 4253 563 4305 V
580 4253 617 4306 ad
638 4254 750 4308 initium
773 4273 797 4310 e.
815 4258 846 4308 ot
867 4255 933 4309 hori
948 4255 974 4307 V
991 4253 1164 4309 numnam
1180 4256 1210 4310 in
1226 4273 1300 4310 rm

214 4342 294 4409 gine:
312 4339 431 4394 oratio
447 4339 582 4393 camilli
601 4339 794 4396 dictatoris
811 4339 854 4393 ad
871 4357 899 4408 p.
916 4338 951 4407 n}
