2994 5108
232 479 293 533 Lib.
312 479 436 535 XXXVI.
775 469 836 531 520

232 651 398 734 particula
426 651 628 734 copulativa,
656 653 875 718 nominativus
905 652 958 733 (et
991 653 1073 735 qui,
1107 647 1384 734 praesentibus

233 757 442 822 adulando
478 780 648 841 semper,
680 794 725 806 -
753 759 955 840 utantur),
989 759 1028 824 de
1063 779 1127 842 quo
1162 779 1281 839 genere
1315 756 1380 820 (liri

233 865 309 940 olim
347 865 390 929 ad
423 863 488 930 Cic.
513 865 582 930 Fin.
607 867 648 946 V,
685 871 757 951 9p.
783 873 844 932 650
874 875 907 932 et
938 868 1055 950 Opusc.
1079 865 1179 929 Acad.
1204 865 1235 928 ll
1266 887 1296 948 p.
1323 868 1381 927 177

231 971 392 1052 (Gramm.
417 972 490 1037 Lat.
514 971 531 1055 ἐ
555 973 640 1055 323).
695 975 778 1040 Livii
806 977 969 1058 geminum
998 980 1051 1039 θεῖ
1079 973 1263 1056 exemplum
1286 973 1319 1034 in
1342 969 1384 1048 X,

232 1084 288 1157 26,
320 1086 354 1143 6;
390 1079 507 1160 Sunt,
537 1081 685 1165 quibus
712 1103 759 1148 ne
781 1082 864 1147 haec
887 1081 1045 1164 quidem
1067 1081 1294 1145 certamina
1317 1099 1382 1142 ex·

231 1208 382 1270 ponere
406 1188 509 1253 satis
531 1187 666 1266 inerit,
691 1189 924 1255 adiecerint
947 1189 1023 1269 (hoc
1046 1195 1110 1253 est:
1141 1194 1179 1252 et
1201 1188 1271 1270 qui
1294 1184 1385 1266 edi.)

232 1301 272 1359 et
293 1295 415 1378 Appii
438 1296 748 1362 criminationes
772 1303 843 1376 cet,
871 1296 928 1361 ubi
951 1295 1236 1362 Weissenbornius
1261 1313 1296 1357 se
1318 1311 1382 1357 non

231 1402 405 1485 expedivit,
434 1404 534 1486 paulo
557 1403 679 1482 durius,
709 1401 797 1492 quod
820 1411 897 1488 post
919 1405 983 1469 duo
1007 1403 1153 1468 membra
1175 1422 1216 1465 ex
1239 1389 1388 1483 quibus

231 1518 264 1575 et
286 1531 453 1592 quorum
476 1512 510 1574 in
533 1512 632 1576 tertio
656 1510 789 1576 auditur
813 1513 955 1593 etqui,
979 1512 1012 1575 in
1035 1509 1088 1589 IX,
1115 1515 1142 1588 l,
1166 1513 1195 1572 9.
1236 1508 1299 1588 (De
1323 1507 1385 1571 cui

231 1617 394 1682 dubium
423 1618 547 1682 dictum
571 1625 622 1683 θεῖ
644 1619 686 1683 ad
709 1618 830 1698 XXIV,
861 1624 916 1699 45,
948 1618 990 1699 6.)
1045 1616 1146 1682 Paulo
1175 1623 1252 1699 post
1275 1612 1307 1697 (ᾖ
1332 1612 1388 1694 10)

230 1725 320 1791 nullo
347 1726 445 1790 modo
473 1725 552 1789 ferri
582 1733 693 1809 potest
723 1748 781 1809 per
810 1725 1021 1810 parenthesin
1050 1725 1223 1790 interiecta
1245 1725 1388 1787 interro·

230 1834 338 1917 gando
372 1834 487 1899 eadem
523 1833 562 1897 de
593 1833 714 1917 populo
744 1834 893 1899 Romano
930 1834 1110 1911 sententia,
1146 1832 1285 1914 quaein
1313 1831 1390 1913 ipsa

230 1942 386 2023 primaria
409 1943 558 2005 oratione
582 1948 646 2018 est,
676 1942 925 2024 rectissimeque
949 1941 1123 2005 Douiatius
1154 1946 1188 2003 et
1211 1935 1391 2001 Creverins

230 2069 269 2111 ex
310 2047 505 2131 quicquid
544 2048 692 2113 fecerunt
731 2050 799 2131 qui
834 2048 929 2130 quid
964 2032 1048 2129 (qui
1078 2042 1254 2128 [Pyrrhus]
1290 2043 1388 2126 quid

229 2155 389 2219 tandem
420 2157 499 2219 erit
527 2155 734 2219 vobiscum
764 2155 1072 2239 comparatusl).
1118 2152 1181 2217 Sed
1205 2159 1266 2217 aut
1288 2151 1390 2217 fallor

229 2270 287 2326 aut
310 2262 406 2328 simul
428 2263 615 2327 necessario
640 2261 847 2326 scribendum
872 2271 970 2327 erat.
1003 2261 1089 2338 Quid
1112 2260 1213 2325 suerit
1229 2259 1393 2343 Pyrrhus,

228 2375 316 2433 recte
341 2370 508 2451 quaritur,
533 2370 574 2450 (si
598 2389 684 2433 nunc
707 2369 941 2452 comparetur),
965 2391 1029 2435 non
1053 2368 1132 2452 quid
1154 2368 1289 2432 iuturus
1313 2368 1368 2432 sit

315 2476 393 2559 Cap.
421 2480 468 2552 12,
494 2480 527 2538 6:
570 2476 617 2540 ad
641 2497 748 2559 spem
770 2476 946 2557 vulgatae
970 2477 1201 2541 clementiae
1224 2474 1392 2556 aliquot

227 2583 369 2666 populi
393 2583 629 2647 Acarnaniae
652 2583 902 2648 defecerunt.
938 2583 1088 2667 Vulgatae
1111 2583 1178 2647 iam
1201 2579 1392 2647 clementiae

228 2712 302 2773 spes
326 2712 390 2754 non
414 2697 472 2769 est,
495 2692 552 2754 sed
576 2690 680 2768 fama3
703 2711 763 2755 nec
785 2691 921 2773 vulgata
944 2699 1015 2755 erat
1034 2689 1185 2754 Antiochi
1208 2689 1392 2754 clementia

227 2805 259 2861 et
288 2799 320 2859 in
348 2798 460 2874 multis
490 2805 640 2879 experta,
676 2798 746 2875 sed,
781 2820 880 2879 quam
910 2800 942 2861 in
974 2819 1039 2861 una
1068 2798 1149 2861 urbe
1179 2798 1389 2874 ostenderat,

226 2927 296 2968 earn
327 2904 368 2968 ad
396 2905 506 2988 plures
535 2925 711 2985 omnesque
734 2906 932 2969 translatum
955 2908 995 2969 iri
1020 2905 1208 2988 sperabant.
1268 2904 1391 2987 ltaque

226 3013 436 3077 scribendum
460 3018 526 3075 est:
562 3011 610 3074 ad
639 3031 746 3093 spem
774 3013 974 3092 vulganda
1003 3013 1246 3089 clementiae,
1271 3033 1391 3093 quem-

225 3119 403 3184 admodum
426 3119 581 3183 scribitur
604 3118 749 3195 XXXIV,
776 3123 826 3198 29,
851 3124 886 3183 8:
918 3141 1009 3202 spes
1033 3119 1226 3184 cedenda
1250 3120 1390 3197 urbis,

223 3227 257 3289 id
282 3235 339 3301 est,
363 3227 442 3305 lore,
467 3234 504 3289 ut
527 3226 717 3303 dederetur,
743 3226 807 3290 Cic.
831 3228 874 3291 ad
887 3228 955 3290 Αῖῖ.
980 3227 1036 3302 lll,
1061 3232 1089 3303 7,
1114 3231 1147 3288 3;
1174 3249 1282 3308 spem
1308 3250 1389 3291 mu·

224 3335 437 3398 tandarum
464 3355 611 3409 rerum,
642 3332 681 3396 de
712 3333 756 3396 R..
778 3333 812 3396 P.
843 3332 873 3396 ll
904 3333 920 3415 ἐ
949 3341 982 3397 4:
1017 3334 1064 3398 ob
1095 3334 1389 3415 labefactandi

223 3443 336 3523 regni
360 3443 552 3519 timorem,
576 3440 609 3503 id
633 3447 690 3518 θεῖ,
714 3461 753 3503 ne
777 3439 1042 3506 labefactaretur.
1089 3441 1213 3521 (1865.)

309 3548 387 3631 Cap.
415 3553 467 3627 14,
499 3553 536 3611 13
568 3547 623 3628 (de
652 3547 703 3610 Μ’.
727 3547 832 3611 Acilio
858 3548 1051 3624 Glabrione,
1085 3551 1118 3612 in
1148 3569 1248 3629 quern
1271 3548 1387 3614 Thau·

223 3658 324 3719 mucis
348 3657 668 3738 appropinquantem
691 3655 845 3718 iuventus
869 3657 998 3738 oppidi,
1028 3677 1101 3738 quae
1125 3663 1259 3720 armata
1284 3657 1392 3721 silvas

222 3771 254 3825 et
276 3764 397 3825 itinera
419 3761 599 3838 insederat,
630 3760 837 3841 incursavit):
873 3760 1021 3827 Consul
1053 3764 1181 3846 primo
1205 3765 1392 3842 mittere,

221 3870 288 3954 qui
324 3891 368 3933 ex
396 3870 623 3953 propinquo
652 3867 938 3950 colloquentes
968 3870 1237 3935 deterrerent
1266 3892 1338 3936 eos
1367 3893 1389 3935 a

219 3977 297 4039 tali
316 3977 472 4055 furore,
495 3981 710 4059 postquam
734 3996 1001 4057 perseverare
1025 3979 1063 4041 in
1083 3979 1251 4060 incepto
1269 3979 1389 4056 vidit,

135 4100 267 4166 (419)-
289 4082 545 4159 interclusit,
578 4117 613 4126 -
644 4083 762 4163 oepit.
819 4083 939 4148 Parum
973 4080 1072 4167 aptus
1107 4092 1161 4149 θεῖ
1195 4086 1385 4151 infinitivus

219 4188 410 4267 historicus,
446 4191 503 4271 qui
531 4188 694 4273 significat
723 4189 891 4254 consulem
920 4191 1103 4256 identidem
1131 4191 1286 4259 homines
1308 4195 1385 4258 mit·

219 4302 288 4359 tere
312 4299 458 4378 coepisse
483 4299 570 4360 etin
594 4318 632 4360 eo
657 4294 859 4378 aliquamdiu
882 4300 1081 4381 perstitisse,
1117 4301 1170 4364 cui
1202 4323 1305 4366 unum
1330 4321 1384 4365 co·
