<?xml version="1.0" encoding="UTF-8"?>
<!DOCTYPE html PUBLIC "-//W3C//DTD XHTML 1.0 Transitional//EN"
    "http://www.w3.org/TR/xhtml1/DTD/xhtml1-transitional.dtd">
<html xmlns="http://www.w3.org/1999/xhtml" xml:lang="en" lang="en">
 <head>
  <title>
</title>
<meta http-equiv="Content-Type" content="text/html;charset=utf-8" />
  <meta name='ocr-system' content='tesseract 3.04.00' />
  <meta name='ocr-capabilities' content='ocr_page ocr_carea ocr_par ocr_line ocrx_word'/>
</head>
<body>
  <div class='ocr_page' id='page_1' title='image "./emendationesliv00madvgoog_0724.png"; bbox 0 0 2994 5108; ppageno 0'>
   <div class='ocr_carea' id='block_1_1' title="bbox 696 481 1300 543">
    <p class='ocr_par' dir='ltr' id='par_1_1' title="bbox 696 481 1300 543">
     <span class='ocr_line' id='line_1_1' title="bbox 696 481 1300 543; baseline -0.002 -3"><span class='ocrx_word' id='word_1_1' title='bbox 696 481 753 541; x_wconf 79' lang='grc'>711</span> <span class='ocrx_word' id='word_1_2' title='bbox 1124 488 1186 543; x_wconf 85' lang='lat' dir='ltr'>Lib.</span> <span class='ocrx_word' id='word_1_3' title='bbox 1205 485 1300 540; x_wconf 81' lang='lat' dir='ltr'>XLIV.</span> 
     </span>
    </p>
   </div>
   <div class='ocr_carea' id='block_1_2' title="bbox 145 654 1301 965">
    <p class='ocr_par' dir='ltr' id='par_1_2' title="bbox 145 654 1301 965">
     <span class='ocr_line' id='line_1_2' title="bbox 145 654 1300 749; baseline -0.007 -19"><span class='ocrx_word' id='word_1_4' title='bbox 145 670 203 743; x_wconf 70' lang='lat'>37,</span> <span class='ocrx_word' id='word_1_5' title='bbox 227 670 255 744; x_wconf 85' lang='lat'>8,</span> <span class='ocrx_word' id='word_1_6' title='bbox 278 666 335 731; x_wconf 93' lang='lat' dir='ltr'>ubi</span> <span class='ocrx_word' id='word_1_7' title='bbox 358 666 499 731; x_wconf 87' lang='lat' dir='ltr'>indicari</span> <span class='ocrx_word' id='word_1_8' title='bbox 523 666 567 749; x_wconf 84' lang='lat' dir='ltr'>(p.</span> <span class='ocrx_word' id='word_1_9' title='bbox 592 665 676 745; x_wconf 79' lang='grc'><strong>631),</strong></span> <span class='ocrx_word' id='word_1_10' title='bbox 701 663 820 748; x_wconf 89' lang='lat' dir='ltr'>quibus</span> <span class='ocrx_word' id='word_1_11' title='bbox 843 662 924 728; x_wconf 91' lang='lat' dir='ltr'>locis</span> <span class='ocrx_word' id='word_1_12' title='bbox 947 662 1014 726; x_wconf 90' lang='lat' dir='ltr'>alia</span> <span class='ocrx_word' id='word_1_13' title='bbox 1036 654 1185 745; x_wconf 84' lang='lat' dir='ltr'>exempla</span> <span class='ocrx_word' id='word_1_14' title='bbox 1207 667 1300 723; x_wconf 68' lang='lat' dir='ltr'>nota*</span> 
     </span>
     <span class='ocr_line' id='line_1_3' title="bbox 149 773 299 854; baseline 0.02 -20"><span class='ocrx_word' id='word_1_15' title='bbox 149 773 299 854; x_wconf 84' lang='lat' dir='ltr'>verim.¹)</span> 
     </span>
     <span class='ocr_line' id='line_1_4' title="bbox 206 877 1301 965; baseline -0.006 -21"><span class='ocrx_word' id='word_1_16' title='bbox 206 924 208 929; x_wconf 90' lang='lat'><em>-</em></span> <span class='ocrx_word' id='word_1_17' title='bbox 236 878 314 965; x_wconf 85' lang='lat' dir='ltr'>Cap.</span> <span class='ocrx_word' id='word_1_18' title='bbox 338 886 389 959; x_wconf 81' lang='grc'>45,</span> <span class='ocrx_word' id='word_1_19' title='bbox 420 886 439 947; x_wconf 89' lang='grc'>8</span> <span class='ocrx_word' id='word_1_20' title='bbox 469 889 503 946; x_wconf 91' lang='lat' dir='ltr'>et</span> <span class='ocrx_word' id='word_1_21' title='bbox 531 886 566 945; x_wconf 84' lang='lat'>9:</span> <span class='ocrx_word' id='word_1_22' title='bbox 598 880 773 945; x_wconf 91' lang='lat' dir='ltr'>Perseus</span> <span class='ocrx_word' id='word_1_23' title='bbox 806 914 848 925; x_wconf 90' lang='lat'>-</span> <span class='ocrx_word' id='word_1_24' title='bbox 881 880 920 942; x_wconf 92' lang='lat' dir='ltr'>in</span> <span class='ocrx_word' id='word_1_25' title='bbox 953 877 1183 942; x_wconf 90' lang='lat' dir='ltr'>contionem</span> <span class='ocrx_word' id='word_1_26' title='bbox 1215 893 1301 957; x_wconf 90' lang='lat' dir='ltr'>pro·</span> 
     </span>
    </p>
   </div>
   <div class='ocr_carea' id='block_1_3' title="bbox 133 983 1416 3228">
    <p class='ocr_par' dir='ltr' id='par_1_3' title="bbox 140 983 1416 2043">
     <span class='ocr_line' id='line_1_5' title="bbox 148 983 1300 1073; baseline -0.008 -20"><span class='ocrx_word' id='word_1_27' title='bbox 148 990 281 1054; x_wconf 77' lang='lat' dir='ltr'><strong>cessit</strong></span> <span class='ocrx_word' id='word_1_28' title='bbox 312 1024 365 1067; x_wconf 91' lang='lat'>-,</span> <span class='ocrx_word' id='word_1_29' title='bbox 388 997 432 1054; x_wconf 92' lang='lat' dir='ltr'>ut</span> <span class='ocrx_word' id='word_1_30' title='bbox 461 996 499 1054; x_wconf 93' lang='lat' dir='ltr'>et</span> <span class='ocrx_word' id='word_1_31' title='bbox 527 990 638 1073; x_wconf 90' lang='lat' dir='ltr'>ipsos</span> <span class='ocrx_word' id='word_1_32' title='bbox 660 986 1024 1072; x_wconf 82' lang='lat' dir='ltr'><strong>Amphipolitanos</strong></span> <span class='ocrx_word' id='word_1_33' title='bbox 1052 991 1091 1048; x_wconf 91' lang='lat' dir='ltr'>et</span> <span class='ocrx_word' id='word_1_34' title='bbox 1118 983 1300 1065; x_wconf 89' lang='lat' dir='ltr'>equitum</span> 
     </span>
     <span class='ocr_line' id='line_1_6' title="bbox 147 1091 1300 1181; baseline -0.007 -20"><span class='ocrx_word' id='word_1_35' title='bbox 147 1096 424 1180; x_wconf 79' lang='lat' dir='ltr'>peditumque,</span> <span class='ocrx_word' id='word_1_36' title='bbox 447 1098 514 1181; x_wconf 92' lang='lat' dir='ltr'>qui</span> <span class='ocrx_word' id='word_1_37' title='bbox 537 1105 610 1163; x_wconf 91' lang='lat' dir='ltr'>aut</span> <span class='ocrx_word' id='word_1_38' title='bbox 632 1117 789 1180; x_wconf 88' lang='lat' dir='ltr'>semper</span> <span class='ocrx_word' id='word_1_39' title='bbox 812 1096 942 1160; x_wconf 88' lang='lat' dir='ltr'>secuti</span> <span class='ocrx_word' id='word_1_40' title='bbox 959 1099 1032 1159; x_wconf 92' lang='lat' dir='ltr'>aut</span> <span class='ocrx_word' id='word_1_41' title='bbox 1048 1092 1145 1174; x_wconf 84' lang='lat' dir='ltr'>fuga</span> <span class='ocrx_word' id='word_1_42' title='bbox 1162 1091 1300 1156; x_wconf 90' lang='lat' dir='ltr'>eodem</span> 
     </span>
     <span class='ocr_line' id='line_1_7' title="bbox 141 1188 1416 1285; baseline -0.006 -17"><span class='ocrx_word' id='word_1_43' title='bbox 141 1203 276 1268; x_wconf 88' lang='lat' dir='ltr'>delati</span> <span class='ocrx_word' id='word_1_44' title='bbox 300 1213 429 1285; x_wconf 90' lang='lat' dir='ltr'>erant,</span> <span class='ocrx_word' id='word_1_45' title='bbox 453 1205 707 1270; x_wconf 82' lang='lat' dir='ltr'><strong>adhortando</strong></span> <span class='ocrx_word' id='word_1_46' title='bbox 736 1205 888 1269; x_wconf 89' lang='lat' dir='ltr'>animos</span> <span class='ocrx_word' id='word_1_47' title='bbox 918 1200 1191 1267; x_wconf 83' lang='lat' dir='ltr'>confirmaret</span> <span class='ocrx_word' id='word_1_48' title='bbox 1236 1197 1300 1261; x_wconf 91' lang='lat' dir='ltr'>Ne·</span> <span class='ocrx_word' id='word_1_49' title='bbox 1410 1188 1416 1199; x_wconf 80' lang='grc'><strong>’</strong></span> 
     </span>
     <span class='ocr_line' id='line_1_8' title="bbox 140 1304 1299 1397; baseline -0.006 -22"><span class='ocrx_word' id='word_1_50' title='bbox 140 1304 212 1395; x_wconf 86' lang='lat' dir='ltr'>quc</span> <span class='ocrx_word' id='word_1_51' title='bbox 235 1333 391 1397; x_wconf 80' lang='lat' dir='ltr'>semper</span> <span class='ocrx_word' id='word_1_52' title='bbox 418 1320 507 1379; x_wconf 86' lang='lat' dir='ltr'>recte</span> <span class='ocrx_word' id='word_1_53' title='bbox 538 1314 661 1379; x_wconf 89' lang='lat' dir='ltr'>dicitur</span> <span class='ocrx_word' id='word_1_54' title='bbox 691 1311 730 1377; x_wconf 92' lang='lat' dir='ltr'>de</span> <span class='ocrx_word' id='word_1_55' title='bbox 753 1313 852 1376; x_wconf 89' lang='lat' dir='ltr'>unius</span> <span class='ocrx_word' id='word_1_56' title='bbox 876 1332 917 1375; x_wconf 84' lang='lat' dir='ltr'>ex</span> <span class='ocrx_word' id='word_1_57' title='bbox 939 1308 1064 1393; x_wconf 92' lang='lat' dir='ltr'>proelio</span> <span class='ocrx_word' id='word_1_58' title='bbox 1088 1307 1131 1373; x_wconf 90' lang='lat' dir='ltr'>ad</span> <span class='ocrx_word' id='word_1_59' title='bbox 1153 1305 1299 1390; x_wconf 80' lang='lat' dir='ltr'><strong>Pydnam</strong></span> 
     </span>
     <span class='ocr_line' id='line_1_9' title="bbox 146 1413 1300 1505; baseline -0.006 -21"><span class='ocrx_word' id='word_1_60' title='bbox 146 1420 232 1503; x_wconf 83' lang='lat' dir='ltr'>fugae</span> <span class='ocrx_word' id='word_1_61' title='bbox 255 1421 427 1487; x_wconf 79' lang='lat' dir='ltr'><strong>comitibus</strong></span> <span class='ocrx_word' id='word_1_62' title='bbox 449 1443 555 1505; x_wconf 89' lang='lat' dir='ltr'>neque</span> <span class='ocrx_word' id='word_1_63' title='bbox 579 1422 691 1486; x_wconf 87' lang='lat' dir='ltr'>deesse</span> <span class='ocrx_word' id='word_1_64' title='bbox 716 1419 911 1503; x_wconf 85' lang='lat' dir='ltr'>significatio</span> <span class='ocrx_word' id='word_1_65' title='bbox 934 1423 1053 1502; x_wconf 89' lang='lat' dir='ltr'>potest,</span> <span class='ocrx_word' id='word_1_66' title='bbox 1076 1436 1174 1499; x_wconf 89' lang='lat' dir='ltr'>quem</span> <span class='ocrx_word' id='word_1_67' title='bbox 1197 1413 1300 1479; x_wconf 93' lang='lat' dir='ltr'>secuti</span> 
     </span>
     <span class='ocr_line' id='line_1_10' title="bbox 141 1521 1300 1611; baseline -0.006 -20"><span class='ocrx_word' id='word_1_68' title='bbox 141 1527 280 1592; x_wconf 67' lang='lat' dir='ltr'>&#39;fuerint</span> <span class='ocrx_word' id='word_1_69' title='bbox 337 1528 567 1594; x_wconf 84' lang='lat' dir='ltr'>Scribendum:</span> <span class='ocrx_word' id='word_1_70' title='bbox 603 1530 670 1611; x_wconf 94' lang='lat' dir='ltr'>qui</span> <span class='ocrx_word' id='word_1_71' title='bbox 704 1535 773 1592; x_wconf 91' lang='lat' dir='ltr'>aut</span> <span class='ocrx_word' id='word_1_72' title='bbox 806 1547 844 1590; x_wconf 84' lang='lat' dir='ltr'>sc</span> <span class='ocrx_word' id='word_1_73' title='bbox 876 1525 1071 1608; x_wconf 75' lang='lat' dir='ltr'>perscastl</span> <span class='ocrx_word' id='word_1_74' title='bbox 1104 1529 1173 1589; x_wconf 88' lang='lat' dir='ltr'>aut</span> <span class='ocrx_word' id='word_1_75' title='bbox 1205 1521 1300 1603; x_wconf 83' lang='lat' dir='ltr'>fuga</span> 
     </span>
     <span class='ocr_line' id='line_1_11' title="bbox 147 1632 1298 1725; baseline -0.006 -25"><span class='ocrx_word' id='word_1_76' title='bbox 147 1637 288 1701; x_wconf 91' lang='lat' dir='ltr'>eodem</span> <span class='ocrx_word' id='word_1_77' title='bbox 311 1637 442 1702; x_wconf 91' lang='lat' dir='ltr'>delati</span> <span class='ocrx_word' id='word_1_78' title='bbox 466 1644 589 1702; x_wconf 88' lang='lat' dir='ltr'>erant.</span> <span class='ocrx_word' id='word_1_79' title='bbox 624 1636 820 1725; x_wconf 85' lang='lat' dir='ltr'>Persequi</span> <span class='ocrx_word' id='word_1_80' title='bbox 843 1635 987 1718; x_wconf 79' lang='lat' dir='ltr'>aliquem</span> <span class='ocrx_word' id='word_1_81' title='bbox 1010 1634 1050 1698; x_wconf 89' lang='lat' dir='ltr'>de</span> <span class='ocrx_word' id='word_1_82' title='bbox 1068 1632 1222 1698; x_wconf 92' lang='lat' dir='ltr'>continuo</span> <span class='ocrx_word' id='word_1_83' title='bbox 1245 1650 1298 1693; x_wconf 94' lang='lat' dir='ltr'>co-</span> 
     </span>
     <span class='ocr_line' id='line_1_12' title="bbox 147 1737 1298 1823; baseline -0.006 -15"><span class='ocrx_word' id='word_1_84' title='bbox 147 1745 268 1809; x_wconf 87' lang='lat' dir='ltr'>mitatu</span> <span class='ocrx_word' id='word_1_85' title='bbox 282 1744 402 1823; x_wconf 82' lang='lat' dir='ltr'>Livius,</span> <span class='ocrx_word' id='word_1_86' title='bbox 420 1767 461 1810; x_wconf 93' lang='lat' dir='ltr'>ne</span> <span class='ocrx_word' id='word_1_87' title='bbox 479 1745 561 1810; x_wconf 91' lang='lat' dir='ltr'>alios</span> <span class='ocrx_word' id='word_1_88' title='bbox 579 1763 838 1822; x_wconf 86' lang='lat' dir='ltr'>commemorem,</span> <span class='ocrx_word' id='word_1_89' title='bbox 863 1737 1004 1819; x_wconf 68' lang='lat' dir='ltr'>dixit&#39;II,</span> <span class='ocrx_word' id='word_1_90' title='bbox 1017 1745 1067 1812; x_wconf 83' lang='lat'>59,</span> <span class='ocrx_word' id='word_1_91' title='bbox 1092 1744 1121 1819; x_wconf 83' lang='lat'>9,</span> <span class='ocrx_word' id='word_1_92' title='bbox 1144 1739 1181 1817; x_wconf 88' lang='lat' dir='ltr'>V,</span> <span class='ocrx_word' id='word_1_93' title='bbox 1199 1743 1250 1816; x_wconf 82' lang='lat'>40,</span> <span class='ocrx_word' id='word_1_94' title='bbox 1268 1742 1298 1814; x_wconf 82' lang='lat'>4,</span> 
     </span>
     <span class='ocr_line' id='line_1_13' title="bbox 144 1845 1298 1936; baseline -0.006 -20"><span class='ocrx_word' id='word_1_95' title='bbox 144 1851 263 1930; x_wconf 86' lang='lat' dir='ltr'>XXIX,</span> <span class='ocrx_word' id='word_1_96' title='bbox 288 1857 337 1930; x_wconf 90' lang='lat'>31,</span> <span class='ocrx_word' id='word_1_97' title='bbox 362 1857 381 1916; x_wconf 84' lang='grc'>8</span> <span class='ocrx_word' id='word_1_98' title='bbox 405 1852 628 1936; x_wconf 86' lang='lat' dir='ltr'>(persecuti</span> <span class='ocrx_word' id='word_1_99' title='bbox 651 1858 744 1916; x_wconf 90' lang='lat' dir='ltr'>sunt</span> <span class='ocrx_word' id='word_1_100' title='bbox 765 1851 920 1934; x_wconf 86' lang='lat' dir='ltr'>regem),</span> <span class='ocrx_word' id='word_1_101' title='bbox 944 1848 1040 1927; x_wconf 88' lang='lat' dir='ltr'>XLV,</span> <span class='ocrx_word' id='word_1_102' title='bbox 1060 1852 1089 1927; x_wconf 84' lang='lat'>6,</span> <span class='ocrx_word' id='word_1_103' title='bbox 1113 1850 1133 1912; x_wconf 79' lang='lat'><strong>7</strong></span> <span class='ocrx_word' id='word_1_104' title='bbox 1155 1845 1215 1928; x_wconf 91' lang='lat' dir='ltr'>(ea</span> <span class='ocrx_word' id='word_1_105' title='bbox 1237 1866 1298 1910; x_wconf 89' lang='lat' dir='ltr'>co·</span> 
     </span>
     <span class='ocr_line' id='line_1_14' title="bbox 144 1957 1297 2043; baseline -0.007 -18"><span class='ocrx_word' id='word_1_106' title='bbox 144 1959 239 2025; x_wconf 92' lang='lat' dir='ltr'>hors</span> <span class='ocrx_word' id='word_1_107' title='bbox 273 1968 495 2043; x_wconf 90' lang='lat' dir='ltr'>persecuta</span> <span class='ocrx_word' id='word_1_108' title='bbox 527 1981 659 2042; x_wconf 87' lang='lat' dir='ltr'>regem</span> <span class='ocrx_word' id='word_1_109' title='bbox 691 1958 941 2042; x_wconf 81' lang='lat' dir='ltr'>fugientem).</span> <span class='ocrx_word' id='word_1_110' title='bbox 987 1957 1035 2022; x_wconf 87' lang='lat' dir='ltr'>De</span> <span class='ocrx_word' id='word_1_111' title='bbox 1070 1957 1171 2021; x_wconf 87' lang='lat' dir='ltr'>mixto</span> <span class='ocrx_word' id='word_1_112' title='bbox 1200 1960 1297 2018; x_wconf 85' lang='lat' dir='ltr'>rectae</span> 
     </span>
    </p>

    <p class='ocr_par' dir='ltr' id='par_1_4' title="bbox 143 2059 1296 2152">
     <span class='ocr_line' id='line_1_15' title="bbox 143 2059 1296 2152; baseline -0.006 -21"><span class='ocrx_word' id='word_1_113' title='bbox 143 2076 176 2132; x_wconf 87' lang='lat' dir='ltr'>et</span> <span class='ocrx_word' id='word_1_114' title='bbox 198 2068 341 2152; x_wconf 79' lang='lat' dir='ltr'>obliqua</span> <span class='ocrx_word' id='word_1_115' title='bbox 364 2070 523 2134; x_wconf 90' lang='lat' dir='ltr'>orationis</span> <span class='ocrx_word' id='word_1_116' title='bbox 546 2067 653 2132; x_wconf 87' lang='lat' dir='ltr'>forma</span> <span class='ocrx_word' id='word_1_117' title='bbox 674 2068 708 2131; x_wconf 95' lang='lat' dir='ltr'>in</span> <span class='ocrx_word' id='word_1_118' title='bbox 731 2067 923 2151; x_wconf 90' lang='lat' dir='ltr'>pronomine</span> <span class='ocrx_word' id='word_1_119' title='bbox 947 2073 980 2131; x_wconf 93' lang='lat' dir='ltr'>et</span> <span class='ocrx_word' id='word_1_120' title='bbox 1003 2065 1098 2130; x_wconf 94' lang='lat' dir='ltr'>modo</span> <span class='ocrx_word' id='word_1_121' title='bbox 1127 2062 1218 2128; x_wconf 87' lang='lat' dir='ltr'>verbi</span> <span class='ocrx_word' id='word_1_122' title='bbox 1241 2059 1296 2141; x_wconf 88' lang='lat' dir='ltr'>(se</span> 
     </span>
    </p>

    <p class='ocr_par' dir='ltr' id='par_1_5' title="bbox 136 2173 1379 2799">
     <span class='ocr_line' id='line_1_16' title="bbox 140 2173 1296 2275; baseline -0.008 -34"><span class='ocrx_word' id='word_1_123' title='bbox 140 2211 184 2221; x_wconf 94' lang='lat'><strong>—</strong></span> <span class='ocrx_word' id='word_1_124' title='bbox 218 2176 349 2258; x_wconf 85' lang='lat' dir='ltr'>erant)</span> <span class='ocrx_word' id='word_1_125' title='bbox 382 2198 435 2241; x_wconf 89' lang='lat' dir='ltr'>res</span> <span class='ocrx_word' id='word_1_126' title='bbox 470 2184 550 2241; x_wconf 92' lang='lat' dir='ltr'>nota</span> <span class='ocrx_word' id='word_1_127' title='bbox 573 2175 730 2275; x_wconf 83' lang='lat' dir='ltr'>(Gramm.</span> <span class='ocrx_word' id='word_1_128' title='bbox 754 2175 825 2240; x_wconf 89' lang='lat' dir='ltr'>Lat.</span> <span class='ocrx_word' id='word_1_129' title='bbox 850 2173 867 2257; x_wconf 63' lang='grc' dir='ltr'><strong>ἓ</strong></span> <span class='ocrx_word' id='word_1_130' title='bbox 891 2179 952 2239; x_wconf 82' lang='grc'>369</span> <span class='ocrx_word' id='word_1_131' title='bbox 981 2178 1092 2239; x_wconf 69' lang='lat' dir='ltr'>nott</span> <span class='ocrx_word' id='word_1_132' title='bbox 1122 2179 1156 2238; x_wconf 95' lang='lat' dir='ltr'>et</span> <span class='ocrx_word' id='word_1_133' title='bbox 1185 2174 1248 2235; x_wconf 79' lang='lat'>490</span> <span class='ocrx_word' id='word_1_134' title='bbox 1280 2189 1296 2232; x_wconf 92' lang='lat' dir='ltr'>c</span> 
     </span>
     <span class='ocr_line' id='line_1_17' title="bbox 142 2279 1379 2365; baseline 0.001 -17"><span class='ocrx_word' id='word_1_135' title='bbox 142 2292 210 2349; x_wconf 88' lang='lat' dir='ltr'>not.</span> <span class='ocrx_word' id='word_1_136' title='bbox 240 2289 268 2348; x_wconf 83' lang='lat'>3.</span> <span class='ocrx_word' id='word_1_137' title='bbox 324 2284 434 2349; x_wconf 83' lang='lat' dir='ltr'>Livius</span> <span class='ocrx_word' id='word_1_138' title='bbox 468 2284 510 2362; x_wconf 92' lang='lat' dir='ltr'>Il,</span> <span class='ocrx_word' id='word_1_139' title='bbox 545 2289 594 2362; x_wconf 83' lang='lat'>55,</span> <span class='ocrx_word' id='word_1_140' title='bbox 631 2288 664 2347; x_wconf 86' lang='lat'>6:</span> <span class='ocrx_word' id='word_1_141' title='bbox 700 2283 768 2348; x_wconf 93' lang='lat' dir='ltr'>ubi</span> <span class='ocrx_word' id='word_1_142' title='bbox 806 2283 1108 2365; x_wconf 81' lang='lat' dir='ltr'>indignantium</span> <span class='ocrx_word' id='word_1_143' title='bbox 1140 2300 1212 2364; x_wconf 94' lang='lat' dir='ltr'>pro</span> <span class='ocrx_word' id='word_1_144' title='bbox 1248 2279 1379 2351; x_wconf 80' lang='lat' dir='ltr'>se(59l)</span> 
     </span>
     <span class='ocr_line' id='line_1_18' title="bbox 136 2385 1290 2472; baseline -0.006 -15"><span class='ocrx_word' id='word_1_145' title='bbox 136 2393 367 2457; x_wconf 86' lang='lat' dir='ltr'>acerrimus</span> <span class='ocrx_word' id='word_1_146' title='bbox 391 2399 482 2457; x_wconf 91' lang='lat' dir='ltr'>erat</span> <span class='ocrx_word' id='word_1_147' title='bbox 505 2392 664 2470; x_wconf 90' lang='lat' dir='ltr'>clamor,</span> <span class='ocrx_word' id='word_1_148' title='bbox 688 2391 757 2468; x_wconf 89' lang='lat' dir='ltr'>Vll,</span> <span class='ocrx_word' id='word_1_149' title='bbox 782 2395 831 2470; x_wconf 81' lang='lat'>37,</span> <span class='ocrx_word' id='word_1_150' title='bbox 856 2391 935 2472; x_wconf 79' lang='lat'>3).²)</span> <span class='ocrx_word' id='word_1_151' title='bbox 966 2390 1145 2457; x_wconf 83' lang='lat' dir='ltr'>Subiicitur</span> <span class='ocrx_word' id='word_1_152' title='bbox 1168 2385 1198 2470; x_wconf 61' lang='grc' dir='ltr'>(ᾗ</span> <span class='ocrx_word' id='word_1_153' title='bbox 1225 2387 1290 2468; x_wconf 84' lang='grc'><strong>10);</strong></span> 
     </span>
     <span class='ocr_line' id='line_1_19' title="bbox 137 2496 1296 2582; baseline -0.005 -18"><span class='ocrx_word' id='word_1_154' title='bbox 137 2498 218 2565; x_wconf 85' lang='lat' dir='ltr'>Sed</span> <span class='ocrx_word' id='word_1_155' title='bbox 241 2500 467 2582; x_wconf 87' lang='lat' dir='ltr'>aliquoties</span> <span class='ocrx_word' id='word_1_156' title='bbox 495 2500 632 2565; x_wconf 88' lang='lat' dir='ltr'>dicere</span> <span class='ocrx_word' id='word_1_157' title='bbox 665 2501 933 2582; x_wconf 85' lang='lat' dir='ltr'>incipientem</span> <span class='ocrx_word' id='word_1_158' title='bbox 967 2520 1084 2582; x_wconf 92' lang='lat' dir='ltr'>quum</span> <span class='ocrx_word' id='word_1_159' title='bbox 1118 2496 1296 2562; x_wconf 78' lang='lat' dir='ltr'>lacrima</span> 
     </span>
     <span class='ocr_line' id='line_1_20' title="bbox 139 2604 1294 2692; baseline -0.003 -20"><span class='ocrx_word' id='word_1_160' title='bbox 139 2608 432 2691; x_wconf 88' lang='lat' dir='ltr'>praepedisent,</span> <span class='ocrx_word' id='word_1_161' title='bbox 467 2609 562 2691; x_wconf 89' lang='lat' dir='ltr'>quia</span> <span class='ocrx_word' id='word_1_162' title='bbox 596 2609 686 2692; x_wconf 92' lang='lat' dir='ltr'>ipse</span> <span class='ocrx_word' id='word_1_163' title='bbox 723 2609 859 2673; x_wconf 88' lang='lat' dir='ltr'>dicere</span> <span class='ocrx_word' id='word_1_164' title='bbox 892 2607 1071 2690; x_wconf 91' lang='lat' dir='ltr'>nequiit,</span> <span class='ocrx_word' id='word_1_165' title='bbox 1105 2604 1294 2670; x_wconf 87' lang='lat' dir='ltr'>Euandro</span> 
     </span>
     <span class='ocr_line' id='line_1_21' title="bbox 136 2712 1293 2799; baseline -0.003 -19"><span class='ocrx_word' id='word_1_166' title='bbox 136 2712 324 2781; x_wconf 79' lang='lat' dir='ltr'>Cretensi</span> <span class='ocrx_word' id='word_1_167' title='bbox 354 2716 492 2795; x_wconf 88' lang='lat' dir='ltr'>editis,</span> <span class='ocrx_word' id='word_1_168' title='bbox 527 2737 610 2799; x_wconf 78' lang='lat' dir='ltr'>qua</span> <span class='ocrx_word' id='word_1_169' title='bbox 643 2717 708 2798; x_wconf 87' lang='lat' dir='ltr'>agi</span> <span class='ocrx_word' id='word_1_170' title='bbox 740 2737 828 2781; x_wconf 91' lang='lat' dir='ltr'>cum</span> <span class='ocrx_word' id='word_1_171' title='bbox 854 2714 1121 2780; x_wconf 78' lang='lat' dir='ltr'>multitudine</span> <span class='ocrx_word' id='word_1_172' title='bbox 1149 2713 1293 2790; x_wconf 83' lang='lat' dir='ltr'>vellet,</span> 
     </span>
    </p>

    <p class='ocr_par' dir='ltr' id='par_1_6' title="bbox 133 2820 1294 3228">
     <span class='ocr_line' id='line_1_22' title="bbox 140 2820 1294 2907; baseline -0.003 -19"><span class='ocrx_word' id='word_1_173' title='bbox 140 2824 187 2889; x_wconf 90' lang='lat' dir='ltr'>de</span> <span class='ocrx_word' id='word_1_174' title='bbox 220 2823 369 2907; x_wconf 89' lang='lat' dir='ltr'>templo</span> <span class='ocrx_word' id='word_1_175' title='bbox 403 2824 628 2890; x_wconf 89' lang='lat' dir='ltr'>descendit.</span> <span class='ocrx_word' id='word_1_176' title='bbox 673 2823 707 2889; x_wconf 89' lang='lat' dir='ltr'>Si</span> <span class='ocrx_word' id='word_1_177' title='bbox 741 2821 863 2888; x_wconf 86' lang='lat' dir='ltr'>offendi</span> <span class='ocrx_word' id='word_1_178' title='bbox 896 2831 929 2887; x_wconf 92' lang='lat' dir='ltr'>te</span> <span class='ocrx_word' id='word_1_179' title='bbox 960 2822 1050 2887; x_wconf 90' lang='lat' dir='ltr'>dicas</span> <span class='ocrx_word' id='word_1_180' title='bbox 1083 2820 1146 2886; x_wconf 91' lang='lat' dir='ltr'>hac</span> <span class='ocrx_word' id='word_1_181' title='bbox 1173 2820 1294 2904; x_wconf 88' lang='lat' dir='ltr'>repeti·</span> 
     </span>
     <span class='ocr_line' id='line_1_23' title="bbox 138 2929 1293 3015; baseline -0.003 -19"><span class='ocrx_word' id='word_1_182' title='bbox 138 2931 245 2996; x_wconf 86' lang='lat' dir='ltr'>tione:</span> <span class='ocrx_word' id='word_1_183' title='bbox 280 2931 417 2996; x_wconf 91' lang='lat' dir='ltr'>dicere</span> <span class='ocrx_word' id='word_1_184' title='bbox 450 2933 719 3015; x_wconf 90' lang='lat' dir='ltr'>incipientem</span> <span class='ocrx_word' id='word_1_185' title='bbox 752 2965 795 2975; x_wconf 91' lang='lat'>—</span> <span class='ocrx_word' id='word_1_186' title='bbox 828 2931 923 3014; x_wconf 89' lang='lat' dir='ltr'>quia</span> <span class='ocrx_word' id='word_1_187' title='bbox 949 2930 1089 2994; x_wconf 89' lang='lat' dir='ltr'>dicere</span> <span class='ocrx_word' id='word_1_188' title='bbox 1123 2929 1293 3010; x_wconf 83' lang='lat' dir='ltr'>nequiit,</span> 
     </span>
     <span class='ocr_line' id='line_1_24' title="bbox 133 3036 1292 3124; baseline -0.003 -20"><span class='ocrx_word' id='word_1_189' title='bbox 133 3040 201 3104; x_wconf 91' lang='lat' dir='ltr'>erit</span> <span class='ocrx_word' id='word_1_190' title='bbox 222 3038 379 3118; x_wconf 84' lang='lat' dir='ltr'>fortasse,</span> <span class='ocrx_word' id='word_1_191' title='bbox 414 3041 470 3122; x_wconf 93' lang='lat' dir='ltr'>qui</span> <span class='ocrx_word' id='word_1_192' title='bbox 493 3039 678 3124; x_wconf 80' lang='lat' dir='ltr'>elegantem</span> <span class='ocrx_word' id='word_1_193' title='bbox 708 3059 780 3104; x_wconf 90' lang='lat' dir='ltr'>eam</span> <span class='ocrx_word' id='word_1_194' title='bbox 809 3058 880 3103; x_wconf 90' lang='lat' dir='ltr'>esse</span> <span class='ocrx_word' id='word_1_195' title='bbox 913 3038 1040 3102; x_wconf 85' lang='lat' dir='ltr'>doceat.</span> <span class='ocrx_word' id='word_1_196' title='bbox 1086 3036 1149 3103; x_wconf 86' lang='lat' dir='ltr'>Sed</span> <span class='ocrx_word' id='word_1_197' title='bbox 1182 3043 1292 3101; x_wconf 88' lang='lat' dir='ltr'>tamen</span> 
     </span>
     <span class='ocr_line' id='line_1_25' title="bbox 134 3144 1287 3228; baseline -0.004 -17"><span class='ocrx_word' id='word_1_198' title='bbox 134 3166 232 3212; x_wconf 90' lang='lat' dir='ltr'>usum</span> <span class='ocrx_word' id='word_1_199' title='bbox 255 3168 294 3213; x_wconf 91' lang='lat' dir='ltr'>ea</span> <span class='ocrx_word' id='word_1_200' title='bbox 317 3147 444 3213; x_wconf 89' lang='lat' dir='ltr'>Livium</span> <span class='ocrx_word' id='word_1_201' title='bbox 466 3170 531 3214; x_wconf 93' lang='lat' dir='ltr'>non</span> <span class='ocrx_word' id='word_1_202' title='bbox 554 3168 642 3223; x_wconf 92' lang='lat' dir='ltr'>esse,</span> <span class='ocrx_word' id='word_1_203' title='bbox 667 3147 773 3217; x_wconf 71' lang='lat' dir='ltr'>codex</span> <span class='ocrx_word' id='word_1_204' title='bbox 794 3145 948 3225; x_wconf 90' lang='lat' dir='ltr'>ostendit,</span> <span class='ocrx_word' id='word_1_205' title='bbox 970 3147 1004 3210; x_wconf 94' lang='lat' dir='ltr'>in</span> <span class='ocrx_word' id='word_1_206' title='bbox 1028 3165 1093 3228; x_wconf 96' lang='lat' dir='ltr'>quo</span> <span class='ocrx_word' id='word_1_207' title='bbox 1118 3144 1287 3210; x_wconf 91' lang='lat' dir='ltr'>scribitur:</span> 
     </span>
    </p>
   </div>
   <div class='ocr_carea' id='block_1_4' title="bbox 141 3318 369 3328">
    <p class='ocr_par' dir='ltr' id='par_1_7' title="bbox 141 3318 369 3328">
     <span class='ocr_line' id='line_1_26' title="bbox 141 3318 369 3328; baseline 0 -2"><span class='ocrx_word' id='word_1_208' title='bbox 141 3318 369 3328; x_wconf 46' lang='lat' dir='ltr'>—n——ffl</span> 
     </span>
    </p>
   </div>
   <div class='ocr_carea' id='block_1_5' title="bbox 155 3415 1288 4428">
    <p class='ocr_par' dir='ltr' id='par_1_8' title="bbox 163 3415 1288 4170">
     <span class='ocr_line' id='line_1_27' title="bbox 163 3415 1284 3486; baseline 0 -14"><span class='ocrx_word' id='word_1_209' title='bbox 163 3419 186 3484; x_wconf 85' lang='lat'>¹)</span> <span class='ocrx_word' id='word_1_210' title='bbox 205 3416 290 3472; x_wconf 83' lang='lat' dir='ltr'>Venit</span> <span class='ocrx_word' id='word_1_211' title='bbox 307 3419 375 3471; x_wconf 91' lang='lat' dir='ltr'>mihi</span> <span class='ocrx_word' id='word_1_212' title='bbox 401 3420 430 3471; x_wconf 93' lang='lat' dir='ltr'>in</span> <span class='ocrx_word' id='word_1_213' title='bbox 451 3424 575 3472; x_wconf 89' lang='lat' dir='ltr'>mentem</span> <span class='ocrx_word' id='word_1_214' title='bbox 600 3418 717 3472; x_wconf 86' lang='lat' dir='ltr'>Asconii</span> <span class='ocrx_word' id='word_1_215' title='bbox 745 3415 863 3471; x_wconf 89' lang='lat' dir='ltr'>eandem</span> <span class='ocrx_word' id='word_1_216' title='bbox 889 3417 1086 3486; x_wconf 77' lang='lat' dir='ltr'>cognationem</span> <span class='ocrx_word' id='word_1_217' title='bbox 1113 3434 1284 3472; x_wconf 89' lang='lat' dir='ltr'>commemo·</span> 
     </span>
     <span class='ocr_line' id='line_1_28' title="bbox 204 3502 1288 3575; baseline 0.003 -19"><span class='ocrx_word' id='word_1_218' title='bbox 204 3504 291 3557; x_wconf 87' lang='lat' dir='ltr'>rantis</span> <span class='ocrx_word' id='word_1_219' title='bbox 310 3503 346 3557; x_wconf 88' lang='lat' dir='ltr'>ad</span> <span class='ocrx_word' id='word_1_220' title='bbox 365 3504 418 3558; x_wconf 81' lang='lat' dir='ltr'>Cic.</span> <span class='ocrx_word' id='word_1_221' title='bbox 436 3505 466 3557; x_wconf 93' lang='lat' dir='ltr'>in</span> <span class='ocrx_word' id='word_1_222' title='bbox 484 3503 538 3558; x_wconf 89' lang='lat' dir='ltr'>Pis.</span> <span class='ocrx_word' id='word_1_223' title='bbox 557 3521 585 3572; x_wconf 94' lang='lat' dir='ltr'>p.</span> <span class='ocrx_word' id='word_1_224' title='bbox 608 3505 657 3557; x_wconf 80' lang='lat'>126</span> <span class='ocrx_word' id='word_1_225' title='bbox 674 3502 750 3570; x_wconf 87' lang='lat' dir='ltr'>Hot.‚</span> <span class='ocrx_word' id='word_1_226' title='bbox 768 3503 817 3556; x_wconf 89' lang='lat' dir='ltr'>ubi</span> <span class='ocrx_word' id='word_1_227' title='bbox 841 3519 927 3570; x_wconf 89' lang='lat' dir='ltr'>quum</span> <span class='ocrx_word' id='word_1_228' title='bbox 946 3504 975 3556; x_wconf 94' lang='lat' dir='ltr'>in</span> <span class='ocrx_word' id='word_1_229' title='bbox 993 3503 1117 3561; x_wconf 90' lang='lat' dir='ltr'>editione</span> <span class='ocrx_word' id='word_1_230' title='bbox 1138 3507 1230 3575; x_wconf 86' lang='lat' dir='ltr'>prima</span> <span class='ocrx_word' id='word_1_231' title='bbox 1249 3523 1288 3560; x_wconf 84' lang='lat' dir='ltr'>sic</span> 
     </span>
     <span class='ocr_line' id='line_1_29' title="bbox 204 3587 1285 3660; baseline 0.003 -19"><span class='ocrx_word' id='word_1_232' title='bbox 204 3589 358 3644; x_wconf 88' lang='lat' dir='ltr'>scribatur:</span> <span class='ocrx_word' id='word_1_233' title='bbox 385 3591 441 3658; x_wconf 87' lang='lat' dir='ltr'>qui</span> <span class='ocrx_word' id='word_1_234' title='bbox 468 3589 535 3642; x_wconf 82' lang='lat' dir='ltr'>luit</span> <span class='ocrx_word' id='word_1_235' title='bbox 557 3591 656 3658; x_wconf 83' lang='lat' dir='ltr'>pater</span> <span class='ocrx_word' id='word_1_236' title='bbox 682 3588 858 3645; x_wconf 85' lang='lat' dir='ltr'>naturalis</span> <span class='ocrx_word' id='word_1_237' title='bbox 884 3587 1043 3643; x_wconf 80' lang='lat' dir='ltr'>Africani</span> <span class='ocrx_word' id='word_1_238' title='bbox 1061 3592 1285 3660; x_wconf 59' lang='lat' dir='ltr'>posterioria</span> 
     </span>
     <span class='ocr_line' id='line_1_30' title="bbox 205 3673 1286 3750; baseline 0.004 -24"><span class='ocrx_word' id='word_1_239' title='bbox 205 3673 247 3726; x_wconf 88' lang='lat' dir='ltr'>de</span> <span class='ocrx_word' id='word_1_240' title='bbox 265 3673 468 3728; x_wconf 87' lang='lat' dir='ltr'>Macedonia</span> <span class='ocrx_word' id='word_1_241' title='bbox 485 3680 588 3743; x_wconf 89' lang='lat' dir='ltr'>atque</span> <span class='ocrx_word' id='word_1_242' title='bbox 606 3675 764 3728; x_wconf 90' lang='lat' dir='ltr'>ultimum</span> <span class='ocrx_word' id='word_1_243' title='bbox 784 3674 916 3729; x_wconf 89' lang='lat' dir='ltr'>eiusde</span> <span class='ocrx_word' id='word_1_244' title='bbox 939 3693 1020 3744; x_wconf 86' lang='lat' dir='ltr'>rege</span> <span class='ocrx_word' id='word_1_245' title='bbox 1038 3676 1286 3750; x_wconf 86' lang='lat' dir='ltr'>triumphavit,</span> 
     </span>
     <span class='ocr_line' id='line_1_31' title="bbox 204 3758 1286 3830; baseline 0.003 -18"><span class='ocrx_word' id='word_1_246' title='bbox 204 3759 288 3813; x_wconf 86' lang='lat' dir='ltr'>scribi</span> <span class='ocrx_word' id='word_1_247' title='bbox 316 3760 412 3814; x_wconf 87' lang='lat' dir='ltr'>debat:</span> <span class='ocrx_word' id='word_1_248' title='bbox 445 3788 480 3797; x_wconf 98' lang='lat'>-</span> <span class='ocrx_word' id='word_1_249' title='bbox 505 3761 724 3830; x_wconf 81' lang='lat' dir='ltr'>posterioris,</span> <span class='ocrx_word' id='word_1_250' title='bbox 754 3760 792 3813; x_wconf 91' lang='lat' dir='ltr'>de</span> <span class='ocrx_word' id='word_1_251' title='bbox 823 3758 1099 3829; x_wconf 76' lang='lat' dir='ltr'>Macedoniaque</span> <span class='ocrx_word' id='word_1_252' title='bbox 1126 3762 1286 3815; x_wconf 90' lang='lat' dir='ltr'>ultimum</span> 
     </span>
     <span class='ocr_line' id='line_1_32' title="bbox 202 3844 1284 3916; baseline 0.001 -17"><span class='ocrx_word' id='word_1_253' title='bbox 202 3844 263 3910; x_wconf 77' lang='lat' dir='ltr'>(das</span> <span class='ocrx_word' id='word_1_254' title='bbox 283 3846 365 3899; x_wconf 87' lang='lat' dir='ltr'>letzte</span> <span class='ocrx_word' id='word_1_255' title='bbox 383 3845 450 3911; x_wconf 85' lang='lat' dir='ltr'>Mal)</span> <span class='ocrx_word' id='word_1_256' title='bbox 470 3846 639 3914; x_wconf 87' lang='lat' dir='ltr'>Perseque</span> <span class='ocrx_word' id='word_1_257' title='bbox 665 3862 745 3914; x_wconf 88' lang='lat' dir='ltr'>rege</span> <span class='ocrx_word' id='word_1_258' title='bbox 772 3845 1011 3915; x_wconf 85' lang='lat' dir='ltr'>triumphavit.</span> <span class='ocrx_word' id='word_1_259' title='bbox 1047 3844 1174 3916; x_wconf 82' lang='lat' dir='ltr'>[Mirifice</span> <span class='ocrx_word' id='word_1_260' title='bbox 1195 3847 1284 3900; x_wconf 85' lang='lat' dir='ltr'>Weis-</span> 
     </span>
     <span class='ocr_line' id='line_1_33' title="bbox 202 3930 1285 4002; baseline 0.004 -20"><span class='ocrx_word' id='word_1_261' title='bbox 202 3930 370 3984; x_wconf 87' lang='lat' dir='ltr'>senbornius</span> <span class='ocrx_word' id='word_1_262' title='bbox 393 3931 461 3986; x_wconf 88' lang='lat' dir='ltr'>hoc:</span> <span class='ocrx_word' id='word_1_263' title='bbox 487 3932 727 3984; x_wconf 82' lang='lat' dir='ltr'>Africanuset</span> <span class='ocrx_word' id='word_1_264' title='bbox 744 3931 818 4000; x_wconf 89' lang='lat' dir='ltr'>ipse</span> <span class='ocrx_word' id='word_1_265' title='bbox 845 3937 969 3999; x_wconf 88' lang='lat' dir='ltr'>postea</span> <span class='ocrx_word' id='word_1_266' title='bbox 987 3931 1183 4001; x_wconf 86' lang='lat' dir='ltr'>appellatus</span> <span class='ocrx_word' id='word_1_267' title='bbox 1209 3937 1285 4002; x_wconf 75' lang='lat' dir='ltr'>pecte</span> 
     </span>
     <span class='ocr_line' id='line_1_34' title="bbox 200 4014 1282 4086; baseline 0.005 -19"><span class='ocrx_word' id='word_1_268' title='bbox 200 4014 296 4068; x_wconf 81' lang='lat' dir='ltr'>referri</span> <span class='ocrx_word' id='word_1_269' title='bbox 323 4015 448 4086; x_wconf 83' lang='lat' dir='ltr'>disputat</span> <span class='ocrx_word' id='word_1_270' title='bbox 464 4017 500 4071; x_wconf 90' lang='lat' dir='ltr'>ad</span> <span class='ocrx_word' id='word_1_271' title='bbox 517 4018 689 4085; x_wconf 86' lang='lat' dir='ltr'>subsequens</span> <span class='ocrx_word' id='word_1_272' title='bbox 707 4015 881 4084; x_wconf 76' lang='lat' dir='ltr'>Africani,</span> <span class='ocrx_word' id='word_1_273' title='bbox 910 4017 1087 4071; x_wconf 87' lang='lat' dir='ltr'>alienissimis</span> <span class='ocrx_word' id='word_1_274' title='bbox 1110 4036 1174 4072; x_wconf 89' lang='lat' dir='ltr'>usus</span> <span class='ocrx_word' id='word_1_275' title='bbox 1193 4035 1282 4072; x_wconf 83' lang='lat' dir='ltr'>exem·</span> 
     </span>
     <span class='ocr_line' id='line_1_35' title="bbox 204 4099 908 4170; baseline 0.006 -19"><span class='ocrx_word' id='word_1_276' title='bbox 204 4099 278 4170; x_wconf 79' lang='lat' dir='ltr'>plia]</span> <span class='ocrx_word' id='word_1_277' title='bbox 906 4157 908 4163; x_wconf 75' lang='grc'>,</span> 
     </span>
    </p>

    <p class='ocr_par' dir='ltr' id='par_1_9' title="bbox 155 4181 1284 4328">
     <span class='ocr_line' id='line_1_36' title="bbox 155 4181 1283 4257; baseline 0.003 -20"><span class='ocrx_word' id='word_1_278' title='bbox 155 4185 184 4250; x_wconf 81' lang='lat'>¹)</span> <span class='ocrx_word' id='word_1_279' title='bbox 205 4181 300 4251; x_wconf 89' lang='lat' dir='ltr'>[Verbi</span> <span class='ocrx_word' id='word_1_280' title='bbox 316 4187 491 4256; x_wconf 83' lang='lat' dir='ltr'>,persequi</span> <span class='ocrx_word' id='word_1_281' title='bbox 519 4205 600 4240; x_wconf 88' lang='lat' dir='ltr'>usum</span> <span class='ocrx_word' id='word_1_282' title='bbox 627 4189 711 4255; x_wconf 90' lang='lat' dir='ltr'>satis,</span> <span class='ocrx_word' id='word_1_283' title='bbox 738 4188 854 4257; x_wconf 89' lang='lat' dir='ltr'>opinor,</span> <span class='ocrx_word' id='word_1_284' title='bbox 883 4192 1022 4257; x_wconf 86' lang='lat' dir='ltr'>quattuor</span> <span class='ocrx_word' id='word_1_285' title='bbox 1038 4187 1094 4241; x_wconf 91' lang='lat' dir='ltr'>loci</span> <span class='ocrx_word' id='word_1_286' title='bbox 1118 4186 1283 4253; x_wconf 84' lang='lat' dir='ltr'>defendunt;</span> 
     </span>
     <span class='ocr_line' id='line_1_37' title="bbox 203 4271 1284 4328; baseline 0.003 -5"><span class='ocrx_word' id='word_1_287' title='bbox 203 4271 340 4325; x_wconf 88' lang='lat' dir='ltr'>dese-</span> <span class='ocrx_word' id='word_1_288' title='bbox 366 4276 463 4326; x_wconf 85' lang='lat' dir='ltr'>erant</span> <span class='ocrx_word' id='word_1_289' title='bbox 483 4272 700 4328; x_wconf 86' lang='lat' dir='ltr'>Weissenbornii</span> <span class='ocrx_word' id='word_1_290' title='bbox 724 4273 907 4327; x_wconf 88' lang='lat' dir='ltr'>timiditatem</span> <span class='ocrx_word' id='word_1_291' title='bbox 931 4273 1023 4327; x_wconf 88' lang='lat' dir='ltr'>dicam</span> <span class='ocrx_word' id='word_1_292' title='bbox 1047 4289 1083 4327; x_wconf 91' lang='lat' dir='ltr'>an</span> <span class='ocrx_word' id='word_1_293' title='bbox 1102 4274 1284 4327; x_wconf 88' lang='lat' dir='ltr'>obtrectatio·</span> 
     </span>
    </p>

    <p class='ocr_par' dir='ltr' id='par_1_10' title="bbox 166 4356 874 4428">
     <span class='ocr_line' id='line_1_38' title="bbox 166 4356 874 4428; baseline 0.007 -19"><span class='ocrx_word' id='word_1_294' title='bbox 166 4373 168 4377; x_wconf 67' lang='grc'>’</span> <span class='ocrx_word' id='word_1_295' title='bbox 200 4356 287 4411; x_wconf 76' lang='lat' dir='ltr'>nem?</span> <span class='ocrx_word' id='word_1_296' title='bbox 306 4357 495 4426; x_wconf 85' lang='lat' dir='ltr'>exemplorum</span> <span class='ocrx_word' id='word_1_297' title='bbox 514 4358 597 4427; x_wconf 88' lang='lat' dir='ltr'>copia</span> <span class='ocrx_word' id='word_1_298' title='bbox 614 4356 759 4414; x_wconf 82' lang='lat' dir='ltr'>confutare</span> <span class='ocrx_word' id='word_1_299' title='bbox 777 4356 874 4428; x_wconf 83' lang='lat' dir='ltr'>piget]</span> 
     </span>
    </p>
   </div>
   <div class='ocr_carea' id='block_1_6' title="bbox 0 0 1502 5108">
    <p class='ocr_par' dir='ltr' id='par_1_11' title="bbox 0 0 1502 5108">
     <span class='ocr_line' id='line_1_39' title="bbox 0 0 1502 5108; baseline 0 4"><span class='ocrx_word' id='word_1_300' title='bbox 0 0 1502 5108; x_wconf 95' lang='lat' dir='ltr'> </span> 
     </span>
    </p>
   </div>
  </div>
 </body>
</html>
