2994 5108
233 491 296 547 Lib.
315 490 429 546 XXXII.
781 481 844 541 474

235 664 335 729 etiam
353 669 420 728 tres
437 663 551 728 iacobi
570 663 740 744 Gronovii)
759 668 921 743 vocant;
939 662 1243 747 Thessaliaque
1260 668 1393 728 trans-

236 772 350 835 eunti
381 771 625 852 confragosa
653 771 744 835 loca
766 770 1086 855 implicataeque
1110 770 1290 835 flexibus
1312 769 1392 835 val-

235 877 331 942 lium
355 879 456 958 vias,
488 878 555 943 ubi
579 885 743 943 ventum
765 878 814 942 ad
835 877 937 943 hane
959 878 1097 943 urbem
1119 885 1189 957 est,
1217 883 1391 961 repente

234 986 344 1050 velut
366 987 487 1050 maris
510 987 627 1066 vasti,
656 987 714 1052 sic
736 987 929 1051 universa
952 985 993 1068 (B
1018 992 1052 1051 et
1074 986 1237 1071 plerique;
1261 984 1304 1049 al.
1325 984 1392 1049 im·

235 1093 384 1175 mensa)
419 1093 616 1176 panditur
656 1094 882 1178 planitiae,
911 1100 953 1160 ut
985 1094 1195 1159 subiectos
1229 1113 1391 1176 campos

235 1201 455 1265 terminare
485 1200 616 1266 conlis
645 1201 750 1266 haud
778 1201 901 1267 facilc
924 1223 1059 1284 queas.
1111 1202 1228 1285 Agitur
1250 1200 1292 1265 de
1315 1221 1391 1286 spe-

234 1310 298 1387 cie,
333 1329 403 1390 quae
432 1329 460 1372 a
480 1308 615 1374 meridie
649 1330 708 1393 per
740 1316 929 1374 montanam
963 1311 1129 1393 regionem
1158 1309 1303 1374 venienti
1333 1309 1393 1373 ob·

235 1416 344 1479 iicitur
373 1415 415 1480 ad
445 1415 652 1482 Thaumacos
680 1416 847 1500 aperiente
877 1439 912 1482 se
940 1417 1077 1501 planitie
1100 1416 1293 1495 Thessaliae3
1320 1409 1392 1482 'ita-

235 1544 298 1607 que
322 1523 544 1588 Thessalia
573 1546 691 1589 nomen
715 1523 841 1608 (inepto
872 1526 970 1590 etiam
999 1525 1069 1590 loco
1098 1526 1261 1608 positum,
1295 1524 1392 1606 quasi

236 1652 309 1696 curm
339 1631 481 1714 pondere
505 1633 562 1696 alii
584 1633 709 1714 regioni
733 1634 899 1698 contraria
921 1631 991 1698 haec
1013 1632 1169 1716 ponatur)
1193 1652 1293 1716 prave
1315 1653 1393 1696 cum

236 1738 438 1822 confragosis
471 1741 552 1804 locis
587 1741 813 1821 coniungitur,
849 1761 921 1824 qua²
955 1741 1041 1806 inter
1074 1741 1180 1804 sinum
1210 1739 1392 1805 Maliacum

235 1846 504 1930 Thaumaccsqne
527 1856 610 1925 sunt,
633 1855 800 1929 tamquam
823 1849 863 1912 iis
886 1849 1018 1931 proprie
1036 1847 1206 1912 Thessalia
1222 1848 1394 1913 continea-

234 1961 296 2019 tur.
346 1954 389 2018 Ni
411 1955 517 2034 fallor,
541 1957 574 2019 iu
597 1955 902 2038 Thessaliaque
925 1955 1007 2020 latet
1030 1953 1219 2033 Thessall3
1249 1954 1394 2033 ltaque,

234 2070 272 2127 ut
300 2064 346 2127 sio
377 2063 483 2128 oratio
513 2064 738 2127 continuetur:
768 2099 810 2107 —
839 2068 984 2128 vocant
1006 2062 1212 2141 Thessali3
1247 2046 1393 2146 itaque

234 2173 467 2236 transeunti
492 2172 739 2251 confragosa
762 2170 860 2249 loca,
879 2206 921 2214 —
939 2169 1005 2234 ubi
1029 2176 1191 2234 ventum
1214 2168 1265 2234 ad
1288 2171 1394 2235 hanc

234 2278 369 2342 urbem
407 2285 481 2355 est,
515 2285 680 2362 repente
711 2314 753 2322 —
781 2277 976 2361 panditur
1004 2278 1228 2361 planities·
1267 2275 1392 2342 Utrum

235 2384 345 2448 Livius
382 2387 565 2468 scripserit,
607 2407 670 2467 quo
701 2387 726 2449 B
756 2385 875 2450 ducere
908 2386 1052 2451 videtur:
1087 2405 1202 2467 quam
1237 2382 1394 2450 Coelen

236 2499 377 2555 vocant
410 2491 599 2556 Thessali
635 2494 685 2573 (ut
720 2494 800 2576 ipsae
834 2490 945 2557 lauces
980 2492 1156 2576 appellatae
1184 2499 1350 2575 putentur
1378 2498 1394 2567 ἡ

237 2599 353 2678 Κοίλη),
386 2619 442 2667 an.
477 2620 540 2681 quc
569 2603 670 2665 ceteri
701 2598 777 2680 (etsi
807 2600 918 2665 obstat
948 2597 1100 2679 Coele):
1141 2620 1239 2681 quas
1268 2597 1396 2665 Coela

237 2714 380 2770 vocant-
403 2707 598 2786 Thessali‚
623 2731 688 2772 nou
712 2707 875 2787 definio.¹)
913 2706 1060 2789 [Rectius
1085 2707 1230 2771 videtur:
1254 2743 1298 2751 —-
1322 2708 1395 2771 siti

237 2823 331 2877 sunt
361 2817 398 2878 in
429 2816 529 2897 ipsis
557 2817 759 2886 faucibus,
794 2817 1065 2893 imminentes,
1095 2836 1211 2896 quam
1242 2813 1393 2880 Coelen

237 2932 392 2999 vocant,
415 2923 651 2997 Thessaliaeg
676 2930 798 3004 atque
824 2924 1055 2986 transeunti
1078 2930 1138 2986 cet.
1173 2920 1395 2986 NamCoele

235 3030 450 3094 Thessalia
481 3040 531 3094 est
561 3033 633 3112 ipsa
657 3031 765 3093 media
789 3029 958 3094 Thessalia
980 3030 1148 3094 montibus
1173 3030 1298 3105 cincta,
1328 3052 1396 3094 non

235 3135 357 3216 fauces,
381 3160 438 3220 per
461 3160 541 3220 quas
566 3162 581 3201 a
608 3138 694 3220 Pylis
717 3139 861 3201 Lamiam
884 3139 962 3215 itnr3
993 3138 1023 3202 ei
1046 3136 1261 3200 imminebant
1285 3136 1396 3201 Thau-

237 3248 328 3311 maci.
373 3245 478 3325 labb]
1000 3242 1001 3245 ’

323 3352 400 3434 Cap.
426 3360 460 3429 b,
492 3360 509 3416 a
534 3362 566 3415 ct
590 3359 607 3416 7
634 3353 686 3433 (de
711 3353 860 3435 Philippo
884 3374 976 3433 rege,
1008 3354 1172 3415 sociorum
1196 3358 1230 3415 et
1252 3352 1396 3435 popula·

148 3462 321 3549 (guarinum
357 3462 480 3522 animas
516 3461 577 3523 sibi
614 3461 788 3525 coriciliare
825 3460 1008 3539 studentc):
1043 3459 1092 3522 Et
1127 3479 1213 3521 cum
1237 3457 1396 3522 Achaeis

265 3732 289 3795 ¹)
309 3731 341 3782 lu
365 3731 581 3783 Weissenbornii
606 3732 746 3798 scriptura
770 3732 854 3783 verba
878 3748 949 3797 (ques
974 3731 1065 3795 loca,
1094 3746 1129 3782 ne
1154 3727 1222 3796 qnid
1245 3728 1342 3781 dicam
1362 3728 1396 3781 de

305 3817 376 3868 miro
411 3815 510 3867 ordine
542 3814 626 3882 (quac
660 3817 855 3868 transeunti
888 3815 1100 3883 confragosa
1131 3814 1234 3880 local,
1265 3813 1397 3883 expediri

304 3906 457 3968 nequeunt3
487 3917 575 3967 neque
600 3901 673 3952 enim
697 3899 789 3953 fauces
814 3903 858 3965 (ea
882 3900 955 3966 loca)
980 3906 1045 3952 ante
1068 3898 1228 3953 transibant
1254 3916 1341 3966 quam
1360 3899 1397 3953 ad

304 3987 402 4037 urbem
421 3985 555 4037 venirent.
598 3984 662 4052 Cap.
684 3989 706 4047 l,
731 3987 747 4037 6
765 4002 817 4052 pro
835 3992 1025 4054 prorogato
1045 3984 1193 4053 imperio
1213 3983 1394 4051 probabilius

305 4070 460 4123 Gronovius
492 4075 678 4136 prorogata
711 4070 854 4138 imperia
886 4070 1109 4137 (praetoribus
1140 4068 1273 4137 prioris
1302 4069 1395 4123 anui)

305 4155 417 4222 scripsit
447 4171 529 4221 qnam
551 4154 690 4206 Drakenb.
716 4160 940 4222 prorogatum
968 4154 1158 4222 imperium.
1210 4152 1318 4206 Plurali
1341 4172 1394 4207 nu·

304 4255 379 4290 mero
399 4240 427 4291 in
446 4237 496 4290 hae
516 4238 649 4305 loquendi
669 4237 757 4291 forma
774 4241 863 4292 utitur
880 4240 978 4292 Livius
997 4239 1102 4303 XXIV,
1125 4241 1174 4304 44,
1198 4240 1230 4305 4,
1258 4237 1394 4305 XXVIII,

303 4324 345 4381 45,
371 4325 407 4381 ιο,
427 4323 512 4379 xxx,
533 4325 575 4389 aa,
595 4326 619 4376 o.
