2994 5108
738 443 799 505 357
1180 455 1243 511 Lib.
1261 452 1347 510 XXV.

194 635 339 695 mentum
368 626 517 713 Capuam
546 627 801 710 devehendum:
841 635 1152 712 castrorumque
1180 629 1348 695 formam

195 736 483 804 et'militarem
514 737 697 803 ordinem
719 738 917 802 immixtis
948 738 1186 820 agrestibus
1209 739 1260 803 iis
1283 760 1348 803 ex·

192 847 320 913 ternis
354 845 571 912 sublatum.
627 845 684 911 Iis
714 846 742 911 si
770 845 813 911 ad
842 853 953 911 castra
979 845 1135 927 refertur,
1170 853 1208 911 ut
1231 868 1346 913 conce·

191 956 322 1036 mmus,
350 960 496 1038 agrestes
522 960 613 1020 recte
635 955 787 1019 castris
809 954 1029 1020 immisceri
1053 954 1134 1034 dici,
1169 955 1287 1021 saltem
1309 963 1343 1023 et
1361 963 1431 1033 (292)

192 1063 396 1130 incommode
425 1062 576 1129 abundat
604 1070 638 1128 et
665 1084 740 1127 cum
761 1083 882 1144 magna
904 1064 1119 1147 ambiguitate
1142 1065 1229 1129 inter
1252 1065 1348 1130 abla-

190 1173 275 1238 tivos
297 1192 399 1257 pravo
420 1172 494 1237 loco
517 1172 753 1256 interponitur3
777 1170 919 1236 debebat
941 1179 1030 1243 certe
1048 1171 1129 1236 dici:
1152 1172 1346 1240 immixtis

190 1282 242 1347 iis
270 1279 508 1364 agrestibus
536 1280 734 1359 externis;
763 1279 836 1361 quis
864 1279 951 1343 enim
980 1279 1083 1344 dicat:
1117 1282 1347 1349 immiscen-

191 1396 259 1455 tur
287 1395 473 1472 agrestes
501 1388 656 1453 castris
684 1387 867 1451 externi?
907 1386 941 1452 Si
970 1396 1155 1471 agrestes
1184 1412 1252 1456 eos
1281 1413 1347 1457 ex·

189 1505 332 1564 ternos
353 1495 541 1580 intellegas,
575 1502 635 1560 aut
662 1495 733 1561 hos
761 1503 820 1560 ant
843 1493 939 1561 illos
964 1496 1028 1560 dici
1052 1495 1204 1563 debuisse
1226 1501 1347 1565 sentias

193 1610 228 1670 et
256 1603 324 1671 alio
353 1604 468 1671 ordine
497 1603 598 1669 verba
626 1604 713 1687 poni.
770 1603 835 1668 Sed
866 1603 954 1686 quod
982 1602 1250 1670 Weissenbornio
1280 1628 1343 1671 ex-

190 1713 322 1778 ternis
350 1713 493 1777 inaniter
515 1711 664 1777 additum
686 1712 831 1791 videtur,
865 1709 959 1775 valde
988 1711 1031 1775 ad
1060 1732 1129 1776 rem
1157 1713 1347 1796 appositum

188 1820 225 1886 id
258 1820 458 1886 adiectivum
491 1841 564 1885 esse
597 1820 821 1904 intellegetur,
857 1819 886 1884 si
919 1819 966 1883 sic
999 1819 1242 1903 scripserimus:
1277 1822 1347 1886 im-

190 1929 331 1994 mixtis
364 1927 602 2011 agrestibus
637 1935 673 1992 ct
700 1929 753 1993 iis
782 1928 978 1993 externis.
1035 1927 1172 1993 Solvunt
1200 1929 1347 1995 ordinem

190 2035 369 2103 militarem
402 2043 586 2102 castrorum
615 2037 755 2101 immixti
784 2034 971 2117 (militibus)
1000 2043 1147 2118 agrestes
1176 2038 1264 2122 iique
1293 2060 1347 2103 ex-

189 2145 276 2210 terni
298 2150 333 2210 et
354 2144 546 2228 alienigenae
571 2143 672 2227 (quod
695 2146 729 2209 in
751 2143 883 2208 Punicis
906 2145 1024 2208 castris
1048 2143 1206 2228 Campani
1230 2146 1348 2229 erant),

189 2252 387 2338 quibuscum
409 2252 537 2317 nullum
560 2258 611 2317 est
633 2254 792 2318 sermonis
816 2254 1056 2338 commercium,
1085 2253 1194 2319 nullus
1217 2256 1348 2339 imperii

189 2361 463 2427 admonitionisve
484 2359 681 2426 intellectus.

277 2467 358 2554 Cap.
394 2473 449 2549 14,
488 2474 508 2533 4
544 2469 598 2550 (de
638 2470 885 2554 oppugnatione
924 2478 1110 2536 castrorum
1149 2470 1349 2554 Hannonis):

188 2577 375 2642 Proxime
398 2584 526 2660 pertoe
549 2576 722 2643 hostiurn
748 2584 836 2643 erat
858 2579 1004 2644 cohors
1028 2579 1206 2662 Peligna,
1231 2580 1348 2644 cuius

187 2684 411 2770 prefectus
434 2685 577 2750 Vibius
601 2687 760 2751 Accaus
783 2693 993 2769 arreptum
1016 2688 1215 2752 vexillum
1238 2695 1348 2752 trans

187 2791 339 2859 vallum
367 2792 547 2883 hostium
572 2795 753 2859 traiecit.
806 2795 1012 2859 Adiectivum
1034 2796 1211 2879 propius
1234 2795 1347 2859 Livius

186 2922 266 2966 cum
301 2900 411 2966 dativo
446 2902 615 2967 coniunxit
649 2902 835 2986 (propius
869 2902 992 2985 vero),
1026 2904 1207 2986 proxime
1235 2904 1268 2967 in
1298 2903 1347 2982 iis,

181 3028 264 3094 quae
288 3014 432 3089 exstant,
454 3032 624 3091 nusquam.
660 3011 782 3075 Porta
799 3012 928 3076 omnino
947 3032 1046 3095 prave
1064 3016 1348 3089 commemoratur,

176 3117 350 3201 quoniam
376 3124 410 3182 et
438 3125 515 3183 ante
535 3117 573 3201 (ἓ
599 3119 630 3200 1)
655 3119 765 3183 Livius
794 3120 960 3185 Romanos
988 3141 1048 3203 per
1076 3119 1197 3183 vallum
1226 3116 1348 3182 fossas·

174 3246 254 3311 que
282 3225 465 3309 irrumpere
494 3228 527 3290 in
555 3228 664 3291 animo
693 3227 865 3306 habuisse,
898 3249 963 3292 non
986 3250 1045 3311 per
1069 3233 1214 3310 portam,
1249 3226 1348 3309 signi-

173 3333 304 3399 ficarit
326 3340 360 3399 et
381 3334 417 3398 id
438 3354 541 3413 nunc,
576 3354 676 3418 quum
699 3335 814 3400 Vibius
845 3335 966 3399 milites
995 3336 1088 3415 signo
1111 3341 1203 3399 trans
1226 3334 1348 3399 vallum

169 3440 332 3507 traiecto
356 3442 537 3522 incitasset,
560 3442 684 3507 sactum
707 3448 822 3506 narrat
845 3441 875 3525 (ξ
889 3442 931 3523 5).
967 3441 1124 3507 Senserat
1146 3443 1216 3507 haec
1238 3442 1348 3507 mendi

166 3549 315 3613 indicia
332 3548 632 3630 Weissenboruius3
656 3551 854 3616 Gronovium
878 3556 1007 3615 tantum
1032 3572 1128 3616 casus
1151 3574 1215 3615 non
1238 3558 1348 3616 rectus

167 3656 386 3725 offenderat.
443 3658 660 3724 Scribendum
695 3659 838 3724 videtur:
878 3658 1062 3724 Proxima
1101 3660 1205 3722 terte
1246 3658 1348 3722 bostl

162 3772 282 3833 (arat
310 3765 458 3833 cohors
484 3766 664 3849 Peligna.
720 3767 821 3831 Error
857 3775 950 3832 ortus
979 3789 1020 3833 ex
1048 3774 1175 3851 portae
1203 3766 1347 3848 (porte)

156 3890 251 3960 Jiro
274 3873 384 3939 forte
406 3876 542 3959 scripto,
563 3875 617 3939 cui
640 3874 759 3939 deinde
781 3875 1062 3940 accommodatum
1087 3880 1136 3939 est
1158 3873 1348 3953 hostium;

155 3982 384 4065 (hostium
417 4004 529 4048 errore
563 4004 623 4067 pro
651 3981 763 4048 hosti
791 3989 850 4047 aut
879 3982 1074 4048 hostibus
1103 3983 1262 4065 scriptum
1291 3981 1348 4045 de·

148 4091 371 4157 lmonstravi
393 4089 450 4170 IX,
475 4095 525 4171 37,
549 4095 568 4155 3
591 4096 627 4156 et
648 4090 687 4170 X,
717 4096 768 4169 40,
800 4092 868 4171 12);
901 4092 966 4155 nisi
989 4092 1064 4174 quis
1087 4090 1263 4155 hostium
1284 4087 1348 4153 huc

154 4215 230 4265 ex
266 4197 482 4281 sequentibus
511 4199 673 4280 (vallum
700 4198 892 4280 hostium)
920 4205 1064 4263 tractum
1092 4198 1251 4280 suspicari
1280 4217 1347 4259 ma·
