2994 5108
230 491 291 545 Lib.
311 491 434 546 XXXVI.
779 483 839 543 526

232 662 388 728 duabus
428 665 600 733 urbibus
643 664 925 751 oppugnandis
964 672 1119 750 tempus
1158 672 1297 730 terere
1328 699 1385 742 -,

231 769 465 855 Philippum
489 781 622 839 autem
644 808 688 819 —
709 796 788 840 non
810 773 938 839 solum
961 773 1100 853 urbes,
1129 773 1200 839 sed
1223 773 1382 838 tetiam

231 886 385 960 gentes,
432 879 732 960 Athamaniam,
778 880 1067 960 Perrhaebiam,
1106 880 1385 966 Aperantiam,

230 985 447 1070 Dolopiam
483 989 562 1053 sibi
598 991 855 1067 adiunxisse,
889 996 928 1053 et
960 989 1142 1054 victoriae
1175 996 1252 1054 tuae
1287 1008 1386 1071 prae·

230 1096 348 1159 mium
372 1103 409 1160 te
433 1095 673 1181 militesque
696 1105 787 1163 tuos
810 1096 985 1162 nondum
1009 1096 1107 1161 duas
1130 1095 1270 1175 urbes,
1300 1095 1387 1159 Phi-

231 1200 388 1285 lippum
416 1208 479 1267 tot
502 1212 643 1286 gentes
668 1204 830 1270 Graeciae
852 1203 1026 1269 habere?
1055 1204 1180 1286 Atqui
1204 1225 1281 1268 nou
1302 1211 1387 1268 tan·

231 1316 312 1374 tum
336 1311 515 1376 interest
537 1321 686 1391 nostra,
706 1312 929 1378 AEtolorum
952 1312 1241 1394 opes—minui,
1266 1331 1388 1394 quan-

230 1424 313 1481 tum
336 1438 413 1482 nou
438 1439 560 1501 supra
583 1420 739 1485 modum
762 1419 995 1503 Philippum
1019 1418 1252 1499 crescere.¹)

316 1524 394 1607 Cap.
420 1529 474 1603 35,
506 1532 538 1591 7:
574 1527 634 1591 Ibi
664 1529 711 1607 (iu
741 1527 878 1592 concilio
902 1525 1108 1607 Achaeorum)
1138 1526 1186 1590 de
1209 1525 1327 1592 Eleis
1350 1533 1389 1592 et

231 1633 277 1697 de
302 1632 512 1698 exsulibus
533 1635 933 1699 Lacedaemoniorum
956 1634 1230 1699 restituendis
1254 1641 1389 1700 actum

231 1747 309 1821 est3
343 1748 491 1806 neutra
519 1740 580 1821 (sic
608 1751 696 1807 recte
725 1741 924 1820 Weissenb,
960 1747 1037 1806 ante
1066 1750 1152 1806 erat:
1188 1748 1323 1807 actum
1351 1749 1390 1808 et

230 1850 390 1930 neutra)
425 1848 612 1931 perfecta
645 1872 722 1928 res,
757 1852 855 1932 quia
889 1870 966 1914 suae
999 1850 1141 1931 gratiae
1175 1851 1389 1915 reservari

231 1976 314 2020 eam
342 1956 490 2034 Achaei,
525 1956 614 2020 Elei
650 1978 720 2039 per
757 1979 796 2022 se
831 1958 910 2040 ipsi
939 1977 1054 2039 quam
1083 1976 1153 2039 per
1182 1957 1389 2023 Romanos

230 2064 462 2128 maluerunt
495 2063 673 2128 Achaico
707 2063 919 2129 contribui
955 2063 1139 2130 concilio.
1198 2061 1253 2128 Sic
1282 2063 1390 2129 editur

231 2171 306 2235 inde
335 2193 355 2235 a
384 2170 520 2236 Gelenio
550 2193 589 2235 ex
617 2172 650 2236 hl
682 2179 716 2236 et
746 2170 909 2255 Spirensi;
944 2177 1042 2235 antea
1076 2170 1254 2251 edebatur,
1290 2179 1329 2236 ut
1356 2174 1390 2237 iu

231 2279 448 2345 deterioribus
483 2279 651 2344 codicibus
686 2280 844 2362 scriptum
879 2286 944 2343 est:
984 2279 1079 2362 quia
1119 2299 1201 2343 suae
1241 2280 1387 2362 gratia

230 2387 440 2452 reservari
474 2407 520 2450 ea
548 2386 684 2452 Achaei
719 2408 791 2469 per
824 2407 865 2450 se
893 2387 972 2469 ipsi
1002 2406 1114 2468 quam
1147 2393 1208 2450 cet.
1267 2386 1390 2470 (Magis

231 2494 330 2558 etiam
358 2494 534 2559 lacunosus
562 2494 604 2572 B,
635 2495 668 2558 in
697 2515 760 2576 quo
790 2502 854 2558 est:
890 2494 984 2576 quia
1018 2514 1094 2557 suae
1123 2492 1289 2559 Graeciae
1328 2492 1392 2576 [sic

132 2668 134 2672 ,
229 2622 315 2685 saepe
345 2603 566 2683 corrumpitur
601 2599 756 2684 gratiae]
793 2603 1000 2664 reservari
1035 2621 1121 2665 eam
1151 2600 1286 2666 Achaei
1317 2622 1392 2686 per

230 2710 463 2773 maluerunt
491 2707 668 2772 Achaico
705 2707 919 2772 contribui
949 2708 1141 2785 concilio,
1178 2709 1310 2773 omissis
1341 2730 1393 2773 er·

228 2838 300 2880 rore
330 2819 429 2880 etiam
459 2816 524 2879 his:
561 2837 601 2879 se
637 2817 717 2898 ipsi
754 2838 869 2898 quam
903 2836 972 2896 per
1000 2815 1227 2896 Romanos).
1284 2816 1391 2882 Recte

228 2932 340 2988 tamen
363 2923 514 2987 Dulorus
538 2912 784 3000 animadvertit,
813 2925 846 2985 in
871 2922 1088 3004 significanda
1110 2925 1220 3004 priore
1244 2945 1284 2988 ex
1310 2924 1392 2989 dua·

227 3031 289 3095 bus
324 3032 422 3095 rebus
456 3036 532 3094 ante
567 3031 743 3094 nominatis
778 3051 842 3093 uon
877 3051 974 3111 posse
1005 3051 1088 3094 eam
1117 3052 1176 3113 pro
1207 3051 1261 3108 eo,
1299 3033 1392 3113 quod

228 3147 278 3203 est
301 3139 423 3215 illam,
447 3140 533 3220 poni,
558 3137 727 3201 Creverins
751 3143 920 3218 praeterea.
945 3159 1045 3219 quum
1069 3139 1288 3202 communiter
1312 3147 1394 3204 ante

227 3254 374 3311 neutra
402 3267 466 3309 res
497 3246 665 3327 appellata
694 3247 752 3319 sit,
787 3266 852 3308 non
883 3265 979 3326 posse
1010 3244 1201 3327 simpliciter
1229 3245 1393 3312 alteram·

227 3360 333 3417 utram
360 3360 451 3416 certe
475 3355 666 3434 pronomine
691 3352 817 3431 (illam
841 3358 898 3414 aut
922 3350 1035 3431 hanc)
1059 3352 1297 3432 demonstrari3
1328 3357 1394 3419 ita·

228 3481 290 3540 que
320 3459 491 3523 alteram
522 3460 726 3540 requirebat,
762 3459 849 3539 quod
884 3460 992 3541 ipsum
1021 3479 1137 3540 parum
1167 3462 1396 3543 responderet

227 3566 330 3647 plenae
365 3572 398 3629 et
432 3567 595 3630 distincta
632 3568 768 3631 alterius
796 3568 844 3630 rei
876 3565 929 3645 (de
959 3565 1062 3645 Eleis)
1093 3568 1270 3632 notationi.
1324 3569 1394 3653 Ap-

227 3680 331 3754 paret,
355 3673 411 3736 ubi
434 3675 467 3735 in
491 3673 659 3737 codicibus
684 3695 765 3737 eam
790 3673 864 3753 tea)
885 3673 1044 3755 scriptum
1068 3680 1128 3752 est,
1152 3675 1297 3741 subesse
1322 3700 1394 3743 cer·

226 3781 342 3843 tiorem
360 3780 682 3845 Lacedaemoniorum
707 3781 853 3844 exsulum
874 3800 981 3843 eausa
1002 3778 1289 3864 significationem,
1315 3786 1395 3850 sub·

227 3888 368 3950 stantiro
397 3886 575 3964 inclusam3
611 3910 670 3952 nec
698 3890 731 3950 in
760 3888 816 3951 illo
848 3908 933 3952 eam
963 3885 1053 3951 aliud
1083 3887 1167 3954 latet
1195 3892 1261 3955 nisi
1293 3914 1392 3957 cau·

254 4161 279 4224 ¹)
299 4159 315 4226 ξ
339 4165 354 4213 3
377 4179 428 4228 pro
453 4164 652 4218 acciderant
674 4167 719 4218 vix
743 4166 859 4220 dubium
882 4174 925 4220 est
949 4168 1016 4234 quin
1035 4176 1084 4219 sut
1103 4170 1320 4226 accidebant
1338 4183 1390 4226 aut

295 4245 496 4301 acciderent
516 4250 692 4303 scribendum
712 4252 754 4303 sit.
792 4252 893 4316 (1865.)
