3000 5116
223 462 284 516 Lib.
304 462 456 516 XXXVIII.
770 453 831 513 546

226 642 329 698 serat:
355 634 590 698 Ariarathis
620 634 881 717 Cappadocis
905 645 942 700 et
970 636 1115 700 Morzii
1138 639 1380 719 auxiliares,

221 748 259 805 ut
282 742 348 819 XL,
372 746 422 818 20,
454 747 486 805 l:
511 742 698 806 Eumenis
729 749 768 806 et
789 743 1030 807 Ariarathis
1060 743 1323 828 Cappadocis
1346 757 1382 813 et

222 850 445 913 Pharnacis
479 851 653 914 Pontici.
701 849 805 931 [Idem
844 852 1030 934 suspicatus
1065 858 1138 915 erat
1177 853 1380 937 Superbus]

223 957 375 1021 Proxime
389 964 465 1022 ante
484 957 514 1040 (ξ
533 957 565 1037 3)
584 979 649 1020 non
666 958 919 1036 locaverunt,
943 959 1000 1022 sed
1022 943 1266 1027 locaverant
1288 985 1309 1027 a
1330 963 1380 1027 Li·

222 1067 275 1129 vio
293 1067 452 1148 scriptum
469 1072 550 1147 puto
570 1066 670 1139 (inter
687 1065 885 1129 tenebant
902 1072 934 1129 et
952 1067 1190 1148 explebant).
1216 1069 1381 1135 Describi-

223 1179 287 1250 tur,
311 1173 585 1254 quemadmodum
613 1174 680 1235 iam
699 1174 896 1236 instructam
915 1174 1058 1238 Manlius
1083 1177 1188 1239 aciem
1214 1176 1381 1244 Gallorum

224 1281 393 1344 invenerit.

137 1398 208 1464 (443)
314 1386 390 1470 Cap.
416 1392 466 1465 28,
490 1392 508 1449 6
533 1387 587 1467 (de
612 1385 825 1470 Cephallenia
853 1410 873 1451 a
891 1388 933 1453 M.
957 1389 1071 1453 Fulvio
1095 1391 1233 1455 consule
1256 1394 1379 1476 capta):

225 1495 397 1560 Obsides
432 1495 524 1559 inde
553 1496 780 1577 imperatos
810 1495 1055 1579 proviribus
1089 1498 1227 1581 inopis
1257 1522 1379 1584 popu·

223 1603 254 1665 li
276 1605 440 1667 vicenos
462 1602 659 1681 Nesiotae,
684 1602 840 1679 Cranii,
863 1604 1060 1668 Palenses
1084 1611 1123 1668 et
1146 1605 1291 1671 Samaei
1316 1609 1378 1673 de·

225 1712 380 1774 derunt.
427 1711 480 1775 Sic
515 1712 590 1774 inde
619 1711 660 1774 ab
695 1711 839 1775 editione
867 1710 1075 1775 Frobeniana
1098 1712 1130 1775 ΙΙ
1160 1713 1204 1777 ad
1233 1722 1376 1780 nostram

225 1824 357 1883 aetatem
381 1819 543 1894 scribitur,
566 1819 787 1883 incertissima
810 1821 1021 1894 auctoritate,
1044 1821 1202 1902 quoniam
1227 1824 1376 1888 Gelenius

224 1926 306 1989 nihil
329 1927 514 2004 adnotavit,
549 1927 637 2008 quod
664 1926 812 2005 fecisset,
844 1928 974 2007 opinor,
1009 1928 1036 1990 si
1066 1947 1105 1990 ex
1128 1927 1160 1992 M
1185 1928 1216 1991 N
1224 1932 1373 1997 esiotas

224 2033 300 2098 illos
324 2036 527 2118 sumpsisset.
562 2032 732 2098 Convincit
750 2039 859 2098 autem
878 2054 934 2098 eos
953 2035 1026 2115 ipsa
1042 2056 1111 2114 res;
1134 2056 1211 2100 nam
1229 2046 1372 2119 quartum

225 2139 444 2223 Cephallaniae
462 2143 617 2225 oppidum
634 2163 729 2206 neruo
753 2141 883 2205 Nason
906 2141 1087 2224 appellavit
1105 2142 1227 2224 (νῆσον),
1246 2145 1304 2209 sed
1321 2152 1370 2208 aut

224 2258 348 2329 Πρόνους
366 2251 571 2332 (incolasque
590 2259 750 2329 Ilporcu'ooc,
769 2259 946 2330 Προνναιόυς,
964 2249 1134 2331 Προννόους)
1154 2238 1214 2317 aut
1235 2260 1368 2331 Πρόνησω

226 2355 351 2439 (Steph.
366 2358 441 2441 Byz.
455 2381 479 2422 s.
492 2380 519 2421 v.
532 2358 661 2438 Κράνιοι)
681 2364 740 2421 aut
751 2364 901 2438 Πρώνησον
914 2356 1061 2438 (strab).
1085 2358 1206 2440 ltaque
1218 2361 1366 2425 Weissen-

225 2464 371 2541 homins,
395 2467 622 2530 animadverso
658 2467 757 2530 etiam
793 2465 1012 2547 copulationis
1042 2466 1122 2530 vitio
1152 2467 1202 2547 (in
1230 2476 1282 2548 et;
1312 2466 1363 2531 rid.

226 2572 268 2635 ad
292 2573 348 2647 ΙΙΙ,
376 2580 401 2650 l,
426 2573 467 2654 5),
490 2575 591 2638 verba
615 2575 661 2638 sic
679 2574 812 2656 scripsit
831 2573 1064 2655 distinxitque:
1088 2574 1266 2641 Nasiotae
1288 2574 1363 2639 Cra·

225 2681 282 2743 nii
306 2687 345 2744 et
368 2681 562 2746 Palenses
587 2689 625 2746 et
649 2681 805 2759 Samaei,
830 2681 950 2764 copula
979 2702 1017 2744 ex
1047 2681 1217 2747 codicibus
1240 2688 1360 2766 sumpta

226 2787 289 2851 Sed
313 2811 418 2871 neque
451 2792 518 2853 tria
545 2792 679 2854 nomina
712 2810 772 2872 pro
803 2795 961 2871 quattuor
990 2810 1096 2870 neque
1120 2810 1232 2854 omnes
1264 2787 1360 2853 insula

225 2897 340 2959 incolae
365 2897 534 2978 (insulani)
560 2898 673 2961 Graeca
696 2897 957 2960 Nasiotarum
987 2897 1212 2979 appellatione
1235 2914 1358 2979 compre

225 3004 320 3068 hensi
343 3006 444 3069 ullam
467 3005 591 3069 habent
614 3005 892 3087 probabilitatem.
938 3004 974 3066 In
999 3004 1179 3084 codicibus,
1203 3002 1357 3088 dequibus

226 3120 366 3188 constat,
392 3114 650 3177 Nasiotarum
673 3111 798 3176 nullum
822 3112 994 3191 vestigium
1017 3119 1082 3190 est,
1107 3113 1165 3176 sed
1194 3115 1240 3178 sic
1261 3108 1355 3176 scribi·

226 3227 295 3284 tur:
320 3223 484 3285 vicenos
508 3226 639 3284 autem
663 3219 872 3283 Grannoni
896 3218 935 3297 (B
959 3226 992 3283 et
1021 3226 1181 3302 quattuor
1202 3215 1353 3285 Drakenb,

227 3328 404 3395 Granoni
428 3336 495 3392 tres
513 3327 622 3406 Drak,
646 3327 864 3404 Granonii,
884 3326 1076 3390 Gramoni
1097 3328 1231 3410 singuli)
1248 3334 1285 3390 et
1303 3323 1354 3387 Pa·

226 3436 363 3500 lenses
387 3444 426 3500 et
449 3435 587 3499 Samaei
612 3436 761 3516 (Tamei
781 3434 817 3513 B,
840 3435 907 3498 Pal.
930 3439 956 3505 1,
980 3435 1157 3499 Thamaei
1179 3442 1246 3500 tres
1262 3428 1354 3508 brak.)

228 3543 439 3607 dederunt.
486 3544 572 3622 (Hoc
597 3543 729 3607 verbum
753 3544 877 3606 omittit
900 3542 951 3622 Β.)
998 3542 1064 3607 Sed
1086 3551 1208 3626 praeter
1235 3538 1354 3606 hancin

226 3652 413 3715 nominibus
437 3650 664 3714 difficultatem
695 3650 785 3715 aliud
813 3657 865 3714 est
893 3650 1140 3714 incommodum
1168 3647 1355 3715 anullodun

228 3760 506 3836 animadversum
535 3780 640 3839 neque
675 3759 759 3822 enim
786 3764 933 3822 veterum
963 3758 1168 3839 maximeque
1192 3758 1356 3823 Graecomm

227 3868 385 3951 loquendi
413 3889 474 3930 usu
503 3889 588 3930 unus
617 3872 689 3930 erat
713 3865 999 3948 Cephalleniorum
1022 3865 1181 3948 populus,
1205 3866 1262 3931 sed
1283 3866 1357 3946 quat·

227 3983 313 4039 tuor.
359 3976 477 4058 Itaque
507 3976 703 4051 rectissime,
735 3975 834 4036 etiam
865 3972 907 4036 ad
936 3972 1096 4053 reliquam
1127 3975 1284 4039 orationis
1309 3969 1359 4034 lor

229 4104 330 4159 mam,
355 4090 392 4145 ut
413 4083 532 4164 inopiae
555 4087 588 4144 et
610 4083 727 4145 virium
751 4080 874 4144 mentio
904 4081 946 4144 ad
969 4079 1156 4145 subiectum
1186 4088 1220 4146 et
1247 4081 1288 4145 ad
1307 4096 1361 4141 ver

228 4189 305 4253 bum
329 4189 529 4254 dederunt
551 4189 824 4266 accommodetur,
848 4189 880 4251 in
898 4186 925 4250 B
946 4187 993 4267 (et
1010 4186 1153 4252 fortasse
1171 4189 1204 4252 in
1224 4187 1364 4273 pluribus,

230 4299 257 4360 si
292 4297 424 4361 tantilla
456 4318 509 4361 res
544 4296 703 4360 adnotata
737 4294 837 4376 esset)
873 4278 1027 4360 scribitur
1059 4295 1200 4376 lupas
1228 4291 1366 4381 populi
