2994 5108
232 500 292 553 Lib.
311 499 437 563 XXXIII.
776 488 839 548 488

318 670 396 755 Cap.
426 675 482 750 24,
517 675 551 735 8:
592 669 762 737 Cosanis
798 693 843 736 eo
874 671 938 735 die
968 669 1288 754 postulantibus
1320 675 1381 734 cet.

230 779 368 843 Prorsus
396 780 478 843 mire
502 778 572 843 dies
594 778 672 843 talis
695 780 743 843 rei
766 778 943 862 postulata
966 783 1112 855 notatur,
1136 784 1170 841 et
1192 776 1387 841 incredibile

231 892 296 963 est,
331 886 395 950 hoc
428 887 462 951 in
492 893 609 951 senatu
636 887 670 950 in
700 886 770 951 sede
798 885 943 950 Bellonae
971 886 1065 968 pacis
1093 883 1253 948 facienda
1283 904 1388 949 causa

228 992 345 1075 legatis
384 992 621 1058 Macedonibus
666 993 745 1059 dato
785 992 991 1077 postulatum
1036 1012 1119 1057 esse.
1189 992 1257 1056 Aut
1301 991 1387 1056 alius

230 1101 343 1165 subest
365 1122 457 1177 error
479 1107 538 1166 aut
560 1122 605 1166 eo
629 1121 733 1166 anno
753 1099 864 1164 Livius
888 1099 1036 1182 scripsit;
1058 1098 1200 1164 fortasse
1218 1098 1296 1163 fuit:
1320 1097 1387 1164 Co·

229 1209 340 1271 sanis
371 1229 414 1272 oo
444 1228 545 1273 anno
576 1209 707 1273 denuo
729 1206 985 1291 petentibus,
1021 1207 1093 1271 coll.
1117 1205 1259 1276 XXXII.
1289 1210 1325 1284 2,
1356 1209 1386 1270 7.

230 1312 246 1395 ᾖ
270 1321 288 1377 5
312 1336 351 1378 ex
374 1315 408 1379 M
430 1314 612 1396 (senatus
637 1324 675 1381 et
697 1314 883 1399 habitus)
906 1336 926 1378 a
950 1313 1091 1380 Goellero
1115 1321 1205 1379 recte
1228 1312 1385 1379 efficitur:

229 1430 393 1487 senatus
416 1430 478 1488 est
500 1422 630 1489 datus.
677 1421 835 1503 (1863.)1)

142 1543 212 1612 (339)
317 1529 395 1612 Cap,
425 1534 482 1609 538,
517 1535 535 1594 9
572 1530 641 1610 (ubi
670 1531 710 1595 de
739 1529 976 1612 quaestionibus
1005 1531 1130 1610 egitur,
1164 1550 1238 1611 quae
1266 1527 1389 1594 Thebis

229 1638 351 1703 habites
375 1645 452 1703 sunt
475 1638 515 1703 de
538 1638 593 1717 iis,
627 1639 683 1720 qui
706 1638 748 1702 ob
771 1637 892 1703 caedem
915 1635 1099 1719 Brachyllis
1121 1636 1155 1700 in
1178 1635 1288 1701 vincla
1310 1657 1388 1702 con·

228 1747 307 1813 iecti
329 1744 453 1826 erant):
477 1746 590 1811 Torti
612 1751 704 1829 post
725 1744 847 1828 paulo
869 1744 1066 1820 insontes
1090 1764 1205 1825 quum
1229 1745 1389 1808 scirent

229 1854 307 1935 ipsi
331 1852 444 1930 nihil,
468 1853 658 1935 opinione
677 1853 849 1916 omnium
868 1872 940 1934 pro
960 1849 1115 1915 indicio
1134 1850 1197 1915 usi
1216 1851 1388 1935 Zeuxip·

228 1981 319 2042 pum
342 1967 381 2024 et
403 1959 675 2026 Pisistratum
696 1960 1023 2023 nominaverunt.
1076 1957 1131 2023 Sic
1152 1979 1243 2022 nunc
1265 1958 1388 2037 edunt;

227 2069 260 2130 in
284 2067 309 2130 B
333 2072 444 2131 tamen
467 2088 532 2131 non
555 2073 606 2132 ost
628 2068 700 2146 usi,
724 2065 814 2150 quod
836 2068 870 2130 in
892 2066 970 2130 edit.
984 2064 1069 2148 Mog.
1084 2065 1262 2130 manifesta
1284 2067 1388 2131 inter-

227 2175 394 2256 polatione
417 2173 566 2242 additum
590 2181 656 2252 est3
691 2175 739 2239 sic
768 2174 855 2238 enim
883 2173 929 2236 ibi
959 2172 1130 2237 scribitur:
1165 2193 1286 2254 quum
1309 2174 1388 2237 sci·

227 2288 318 2344 rent
346 2283 427 2364 ipsi
456 2282 692 2364 opinionem
727 2281 917 2358 omnium,
956 2300 1001 2344 ea
1036 2301 1107 2362 pro
1136 2278 1296 2344 indicio
1323 2281 1388 2344 usi

168 2385 174 2397 '
228 2395 288 2451 cet.
340 2388 455 2470 Atqui,
487 2389 543 2470 qui
567 2389 632 2471 ipsi
654 2389 735 2453 torti
758 2387 908 2452 indicant
930 2387 1066 2468 aliquid,
1094 2407 1202 2468 neque
1225 2386 1385 2452 indicio

226 2501 396 2559 utuntur
419 2516 525 2575 neque
548 2517 620 2578 pro
643 2494 763 2559 indicio
787 2494 901 2577 aliqua
924 2494 1095 2576 opinione,
1124 2495 1158 2557 in
1180 2493 1254 2572 illa,
1286 2515 1386 2576 quam

226 2601 368 2666 editores
392 2600 478 2666 effici
500 2603 687 2680 voluerunt,
718 2601 882 2666 sententia
905 2600 1078 2666 dicendum
1102 2607 1187 2666 erat:
1222 2601 1386 2685 opinio·

225 2730 308 2771 nem
348 2711 520 2773 omnium
560 2710 691 2774 secuti
731 2730 803 2791 pro
844 2709 997 2773 indicio
1033 2710 1286 2791 Zeuxippum
1321 2715 1384 2773 cet.

224 2815 308 2879 Nam
342 2839 414 2898 pro
449 2816 605 2880 indicio
640 2817 817 2899 aliquem
850 2817 1062 2881 nominare
1097 2817 1212 2880 eodem
1243 2837 1384 2899 prorsus

225 2923 320 2988 modo
345 2924 479 3001 dicitur,
509 2945 574 3006 quo
598 2945 668 3005 pro
692 2925 932 2987 testimonio
956 2922 1114 3005 aliquid
1139 2922 1294 3000 dicere,
1323 2943 1384 2989 nec

224 3038 362 3113 possunt
384 3031 454 3095 haec
478 3030 597 3094 divelli.
644 3029 707 3094 Sed
730 3031 840 3094 Livius
864 3022 951 3093 idem
975 3028 1066 3107 illud,
1091 3030 1178 3111 quod
1202 3031 1384 3113 participio

225 3141 355 3202 secuti
388 3138 518 3221 plenius
553 3137 729 3218 significari
763 3144 908 3219 poterat,
943 3136 1075 3201 brevius
1110 3136 1192 3200 dixit
1221 3136 1294 3201 solo
1325 3137 1383 3201 ab·

222 3245 337 3308 latius:
375 3246 572 3326 opinione
607 3233 782 3308 omnium
811 3279 853 3289 —
880 3245 1204 3307 nominaverunt.
1265 3242 1383 3327 [Abla-

223 3354 325 3414 tivum
350 3372 482 3434 prorsus
506 3350 741 3415 eodemmodo
766 3351 880 3415 Cicero
904 3352 1016 3434 posuit
1040 3351 1129 3414 Verr.
1154 3351 1207 3427 IV,
1233 3349 1251 3433 ξ
1276 3351 1344 3434 67]

308 3457 385 3541 Cap.
417 3461 471 3536 30,
509 3463 528 3522 8
558 3458 612 3538 (de
642 3479 724 3542 pace
753 3447 905 3540 Philippo
939 3459 1009 3540 regi
1039 3458 1148 3538 data):
1184 3458 1383 3536 Valerius

222 3565 365 3628 Antias
395 3573 635 3647 quaternum
659 3565 830 3629 millium
853 3565 987 3648 pondo
1012 3566 1173 3647 argenti
1196 3564 1382 3650 vectigal

181 3722 184 3729 .
221 3674 259 3734 in
291 3672 426 3735 decem
455 3693 581 3737 annos
612 3674 852 3756 impositum
879 3674 965 3753 regi
993 3673 1141 3752 tradit;
1176 3669 1382 3738 Claudius

220 3780 258 3841 in
294 3800 420 3843 annos
454 3780 628 3860 triginta
663 3786 861 3863 quaterna
894 3779 1026 3843 millia
1061 3779 1193 3863 pondo
1231 3787 1273 3844 et
1307 3779 1381 3844 du·

220 3893 354 3965 centa,
394 3907 573 3968 praesens
613 3888 763 3968 viginti
798 3886 930 3950 millia
963 3887 1105 3969 pondo.
1168 3885 1382 3967 Necessario,

221 3996 350 4076 opinor,
379 3995 412 4057 in
435 3994 497 4058 hae
521 3995 682 4057 orationis
705 3993 813 4058 forme
836 3994 1010 4057 dicendum
1034 4000 1121 4058 erat:
1152 3997 1381 4076 praeseutia

133 4128 202 4194 (390)
221 4102 369 4182 viginti
397 4099 530 4165 millia
558 4101 688 4182 pondo
718 4101 769 4178 (ut
793 4100 959 4179 XXXVII,
990 4107 1044 4178 45,
1076 4107 1114 4165 14
1137 4108 1172 4165 et
1194 4101 1380 4181 XXXVIII,

221 4234 449 4244 e———ffl

247 4299 268 4364 ¹)
291 4298 317 4368 [ᾗ
341 4304 356 4352 4
379 4303 537 4355 necessario
562 4319 726 4370 preenomen
749 4302 880 4372 pratoris
900 4302 1059 4356 addendum
1079 4308 1133 4356 est:
1163 4302 1229 4356 ab.
1250 4303 1379 4375 Sergio

287 4389 421 4452 praetore3
439 4403 463 4438 v.
483 4384 599 4453 XXXII,
620 4388 660 4452 27,
679 4390 702 4440 7.
742 4386 827 4455 1863]
