2994 5108
759 514 820 574 196

210 722 294 785 quas
316 700 471 765 librarius
490 700 591 765 semel
611 698 695 764 falsa
718 699 826 782 specie
845 698 1000 782 deceptus
1018 697 1151 780 scripsit
1173 704 1231 763 aut
1253 696 1363 780 negle-

209 818 326 893 genter
348 808 555 893 perturbavit
582 808 748 885 omisitre,
781 807 877 871 nimis
909 827 1023 890 presse
1057 826 1208 889 sequens.
1253 805 1363 890 Atque

209 920 354 983 universi
376 917 509 982 habitus
538 923 572 981 et
601 918 672 980 eius
702 916 961 998 depravationis,
995 935 1067 996 quae
1089 914 1123 979 iu
1144 913 1267 978 litteris
1289 934 1362 998 per·

209 1026 377 1092 mutandis
400 1026 539 1109 aliisque
563 1024 744 1089 scribendis
767 1025 877 1107 posita
900 1029 959 1102 est,
983 1022 1081 1106 plena
1102 1022 1235 1104 quidem
1253 1022 1360 1104 imago
1395 1066 1398 1071 -

210 1135 253 1199 ad
282 1135 411 1217 singula
439 1139 534 1198 caute
569 1140 603 1198 et
630 1132 734 1198 libere
763 1132 956 1196 aestimanda
982 1131 1115 1195 maioris
1148 1131 1256 1213 partis
1286 1122 1362 1195 con·

210 1245 304 1309 tinua
327 1242 588 1307 consideratione
617 1240 787 1306 efficienda
815 1246 878 1319 est,
913 1237 1018 1323 [quod
1045 1258 1131 1303 nunc
1164 1238 1262 1303 facile
1291 1237 1360 1302 lieri

203 1357 338 1436 potest,
369 1350 463 1436 edita¹
486 1355 521 1414 et
543 1370 563 1414 a
584 1371 636 1414 me
660 1355 692 1413 et
714 1348 756 1413 ab
779 1349 913 1413 Hertzio
937 1349 1024 1412 omni
1046 1349 1216 1431 scripturae
1240 1347 1361 1412 discre-

209 1456 384 1543 pantia].¹)
417 1457 577 1540 Exempla
594 1457 720 1540 aliquot
738 1457 924 1538 graviorum
946 1462 980 1520 et
1002 1454 1265 1521 memorabilium
1281 1454 1361 1519 varii

211 1568 339 1650 generis
373 1587 520 1631 errorum
552 1564 639 1629 infra
671 1564 861 1646 subiici032)
895 1565 978 1629 alias
1012 1562 1205 1629 mendorum
1239 1562 1360 1627 formas

234 1821 258 1887 ¹)
277 1817 387 1890 [Itaque
405 1823 505 1875 omitto
523 1822 588 1887 iam,
607 1819 684 1888 quod
709 1820 755 1873 bic
783 1836 817 1873 ex
835 1820 882 1873 lib.
901 1818 992 1874 XLIV
1010 1839 1032 1874 c.
1055 1824 1067 1874 1
1091 1835 1250 1891 posueram,
1275 1817 1362 1872 conti-

279 1925 366 1960 nuum
384 1906 544 1977 specimen]

231 1994 258 2059 ¹)
276 1992 497 2060 vocabulorum,
517 1993 583 2045 dnm
606 1992 738 2046 librarius
763 1993 793 2046 in
811 1992 906 2045 littera
929 2009 985 2046 una
1003 1992 1128 2047 alterave
1146 1992 1297 2047 scribenda
1314 1997 1363 2048 aut

275 2079 305 2133 in
323 2079 426 2132 litteris
446 2077 649 2146 coniungendis
669 2077 795 2144 aberrat,
813 2076 915 2130 deiude
938 2078 1077 2132 obiectam
1095 2078 1219 2147 aliquam
1240 2080 1362 2149 speciem

276 2165 401 2218 oscitans
428 2164 545 2217 licenter
571 2163 706 2230 sequitur,
733 2165 803 2216 mire
830 2163 1006 2217 detortorum
1033 2165 1161 2234 exempla
1183 2165 1246 2219 baec
1265 2169 1361 2220 sunto:

275 2249 349 2318 XLI,
369 2253 413 2317 23,
435 2251 466 2302 13
493 2249 686 2316 prouinciis
705 2267 758 2318 pro
777 2256 1021 2319 provocantes,
1040 2250 1096 2304 ibd.
1122 2253 1163 2316 28,
1182 2252 1197 2303 b
1218 2250 1361 2305 Crassus

278 2352 358 2403 pars
387 2334 604 2404 (Crassipes),
623 2333 714 2400 XLII,
731 2337 773 2388 41.
795 2337 826 2388 12
852 2335 943 2390 bello
970 2335 1108 2402 quidem
1135 2336 1227 2389 iusto
1255 2354 1361 2406 sump-

276 2436 355 2474 sere
373 2421 470 2473 cuius
489 2421 528 2486 (b.
548 2438 574 2488 q.
591 2421 609 2473 i.
629 2438 700 2474 sum
718 2421 941 2490 persecutus),
959 2420 1016 2474 ibd.
1037 2424 1079 2487 50,
1097 2421 1299 2476 8militaria
1316 2439 1361 2476 ar·

277 2509 396 2570 matus,
416 2505 534 2572 (malit,
563 2524 602 2559 aa
623 2505 794 2573 armatus),
821 2505 905 2567 XLV,
923 2510 965 2573 40,
985 2507 1252 2571 tcoercebatur
1269 2507 1359 2574 (coa-

275 2591 473 2658 cervatum),
488 2592 555 2644 ibid.
571 2594 613 2655 41,
628 2594 644 2645 8
662 2591 850 2660 proecarpei
867 2591 948 2645 ludo
969 2593 1103 2661 optavit
1117 2592 1305 2660 (precarer,
1320 2591 1360 2646 il·

274 2676 332 2728 lud
360 2678 493 2745 optavi,
517 2677 575 2743 ut);
601 2694 667 2729 uam
685 2677 794 2730 minora
812 2682 877 2730 sunt
900 2678 984 2730 adeo
1002 2695 1053 2745 pro
1078 2678 1189 2731 babeo
1210 2677 1305 2744 (XLV,
1323 2678 1362 2742 29,

278 2763 327 2826 16),
356 2767 454 2815 traua
482 2781 533 2830 pro
561 2768 632 2814 tros
661 2761 726 2827 (ibd.
756 2765 797 2829 42,
830 2762 870 2827 ll)
899 2764 1004 2831 scripta
1031 2769 1081 2816 aut
1108 2764 1188 2815 119111
1219 2781 1271 2831 pro
1297 2764 1363 2817 iter

280 2847 391 2913 (XLIV,
411 2851 435 2909 7,
459 2850 475 2900 6
494 2855 521 2899 et
542 2848 626 2909 1161
647 2853 675 2899 91
693 2848 800 2900 similia,
838 2849 898 2900 Lib.
918 2848 1007 2914 XLII,
1028 2852 1071 2914 57,
1094 2852 1106 2900 1
1131 2867 1217 2916 quum
1239 2850 1359 2902 scriben-

275 2933 344 2984 dum
364 2944 446 2985 essct:
467 2935 558 2986 unde
576 2933 702 2985 bellum
722 2934 935 3000 ordirentur,
956 2936 1065 2986 omissis
1086 2951 1179 2986 errore
1195 2936 1300 2988 litteris
1319 2951 1362 2999 or,

276 3037 310 3071 911
329 3019 487 3072 direntur
512 3017 639 3070 effectum
667 3018 921 3071 dirimerentur
948 3019 988 3085 (in
1012 3038 1067 3088 quo
1086 3020 1149 3071 loco
1170 3020 1364 3074 Weissenbor-

274 3106 337 3156 nius
363 3105 498 3172 dccoptus
522 3104 581 3166 est).
618 3104 677 3155 Lib.
697 3103 799 3167 XLIII,
822 3108 859 3169 14,
879 3106 894 3155 2
912 3105 1044 3156 librarius
1073 3105 1185 3157 inanem
1215 3105 1362 3159 sentcntiae

275 3190 398 3255 specium
416 3189 445 3240 iu
464 3194 598 3255 quattuor
615 3189 721 3254 verbis,
744 3190 853 3256 reliqua
872 3191 998 3243 oratioue
1016 3189 1152 3255 neglecta,
1172 3207 1295 3259 sequens
1313 3207 1362 3259 pro

273 3280 418 3341 propter
442 3275 702 3327 Macedonicum
722 3274 846 3326 bellum
867 3291 947 3327 cura
966 3276 1079 3343 scripsit
1096 3282 1243 3344 propter
1262 3277 1365 3330 blaca-

275 3359 391 3410 donici
418 3359 504 3411 belli
531 3377 658 3424 curam;
686 3377 707 3410 c.
740 3363 763 3425 7,
791 3363 807 3412 2
834 3361 904 3412 mira
926 3362 1139 3427 perturbatione
1164 3362 1200 3413 ad
1223 3362 1364 3431 posterius

276 3444 445 3496 vocabulum
459 3450 639 3512 praevertens,
659 3445 706 3496 sad
722 3445 822 3512 prioris
841 3445 958 3498 formam
978 3448 1192 3514 grammaticam
1208 3454 1320 3514 tenens,
1334 3464 1365 3500 ex

274 3529 332 3579 bis:
353 3529 569 3598 interrogati
587 3549 653 3582 non
671 3529 916 3583 infitiarentur
934 3531 1039 3584 effecit:
1059 3531 1212 3584 infitiati
1232 3551 1298 3587 non
1318 3534 1363 3585 in·

274 3619 552 3680 terrogarentur.
603 3615 721 3667 Casuum
762 3613 859 3666 formis
901 3634 1009 3669 summa
1045 3618 1158 3671 licentia
1195 3620 1365 3686 permutatis

276 3699 337 3764 (etsi
377 3700 476 3752 eodem
510 3703 632 3769 pertinet
668 3698 769 3762 XLIII,
803 3704 843 3766 14,
877 3702 903 3765 2)
939 3702 1013 3767 XLI,
1053 3706 1093 3769 19,
1131 3705 1146 3754 3
1182 3722 1239 3771 pro
1276 3704 1364 3757 haud

272 3801 394 3851 magno
432 3792 561 3837 conatu
597 3787 731 3853 scriptum
768 3791 810 3838 est
846 3786 933 3838 haud
965 3805 1109 3856 maguus
1148 3801 1302 3843 conatus
1338 3796 1365 3842 et

274 3869 363 3936 XLII,
384 3872 425 3934 29,
447 3873 458 3920 1
479 3870 507 3921 P.
526 3870 696 3936 Licinius,
726 3869 753 3921 C.
774 3870 911 3924 Cassius
938 3891 990 3941 pro
1009 3875 1038 3925 P.
1058 3874 1217 3941 Licinio,
1240 3876 1365 3930 (1011-

274 3954 342 4011 eiu,
368 3972 402 4005 ne
422 3955 618 4022 gurgitibus
638 3954 724 4008 lacit
746 3973 796 4023 pro
824 3959 984 4024 gurgites
1008 3959 1097 4013 lacit
1114 3958 1218 4025 XLIV,
1237 3963 1263 4025 8,
1282 3963 1299 4013 6
1318 3979 1364 4014 nu·

274 4055 387 4090 merem.
421 4039 532 4104 (XLIV,
558 4044 583 4105 9,
606 4043 622 4092 7
648 4057 819 4108 procurre
845 4060 896 4110 pro
924 4046 1183 4111 procurrebant
1214 4046 1365 4099 omittendi

274 4122 384 4189 culpam
403 4124 501 4189 habet,
529 4126 563 4177 de
583 4126 716 4192 singulari
742 4127 862 4193 quodam
883 4146 977 4180 errore
1001 4131 1123 4196 passivae
1147 4130 1248 4183 formae
1268 4142 1364 4184 notam
1394 4151 1403 4163 ·

274 4225 313 4258 ur
336 4208 428 4259 verbis
452 4210 548 4261 activis
574 4211 750 4262 adscribendi
777 4216 865 4263 vlu-um
891 4214 924 4264 ad
944 4213 1027 4280 XLV,
1047 4218 1070 4278 5,
1093 4215 1145 4279 12.)
1180 4215 1284 4284 Longe
1302 4219 1361 4285 plu·

273 4292 344 4343 rima
362 4293 461 4347 horum
480 4304 509 4347 et
526 4296 626 4347 similia
653 4296 737 4348 tacite
763 4299 916 4349 1m=⁴ruluvit
939 4299 1075 4366 Grynaeus
1098 4317 1150 4353 nee
1174 4309 1244 4356 ante
1268 4313 1364 4357 nostra
