3000 5116
108 2849 185 2916 (599)

38 4390 169 4807 l

195 487 257 542 Lib.
279 488 361 543 XLV.
742 480 803 542 720

196 659 343 742 addito):
367 662 410 727 ln
433 662 712 729 Macedoniam
735 665 910 730 culmina
932 665 1135 730 nominati
1153 665 1193 728 A.
1213 663 1353 727 Postu·

197 772 300 836 mius
322 770 490 849 Luscus,
515 769 548 835 Ο.
573 770 801 851 Claudius,
820 773 936 840 ambo
965 773 1163 852 censorii,
1189 768 1227 836 C.
1253 771 1353 836 Lici·

196 880 288 944 nius
312 877 501 959 Crassus,
535 880 700 963 collega
732 881 773 945 in
806 881 1027 947 consulatu
1055 880 1179 946 Pauli
1210 915 1264 943 -.
1287 878 1353 943 His

196 987 484 1053 consularibus
517 987 717 1054 addidere
757 995 828 1067 cet,
863 996 900 1054 ut
933 989 1152 1073 significetur,
1191 988 1255 1054 bos
1289 995 1352 1053 tres

196 1094 389 1160 consulares
412 1097 505 1178 quasi
529 1096 641 1180 capita
662 1097 839 1180 legationis
863 1104 896 1162 et
917 1098 1129 1182 splendorem
1152 1096 1270 1176 fuisse,
1292 1118 1354 1162 non

196 1204 277 1268 satis
306 1202 520 1269 confirmatur
547 1225 608 1269 usu
636 1197 839 1289 loquendis)
884 1205 1026 1271 Facilius
1060 1211 1214 1270 extremo
1247 1206 1353 1288 capite

197 1309 228 1393 (ᾖ
254 1310 285 1392 7)
315 1311 454 1394 expoliri
481 1318 593 1395 potest
622 1313 749 1398 Grynoei
778 1315 980 1395 emendati03
1012 1335 1091 1379 nam
1126 1314 1221 1397 quod
1255 1314 1285 1379 is
1317 1334 1353 1377 ex

196 1419 258 1483 hac
282 1418 405 1485 codicis
423 1422 602 1505 scriptura:
626 1427 757 1488 tamen
776 1424 815 1487 in
833 1429 977 1488 senatu
994 1442 1163 1507 quoque
1181 1420 1353 1506 agitalte

196 1535 292 1593 sunt
321 1550 469 1594 summa
497 1528 768 1595 consiliorum
797 1529 920 1595 effecit:
955 1537 1087 1594 tamen
1114 1565 1162 1576 -
1197 1531 1353 1613 agitata

196 1642 260 1701 est
282 1657 432 1702 summa
460 1637 741 1716 consiliorum,
770 1641 878 1722 potnit
906 1646 939 1703 et
963 1637 1078 1703 debuit
1101 1638 1234 1704 codicis
1258 1638 1351 1702 vesti·

188 1746 250 1850 'gia
271 1746 372 1828 baulo
390 1747 536 1829 pressius
555 1748 664 1830 sequi:
687 1754 817 1811 tamen
834 1783 876 1794 -
893 1748 1062 1829 agitatre
1079 1754 1177 1811 sunt
1196 1766 1351 1812 summa

196 1853 474 1919 consiliorum.
519 1854 663 1919 Pluralis
686 1877 840 1920 numerus
862 1856 942 1920 satis
966 1855 1118 1920 convenit
1143 1853 1349 1919 multitudini

195 1983 304 2027 rerum
327 1964 361 2027 in
384 1962 512 2027 duabus
534 1963 711 2046 provinciis
734 1963 1002 2028 ordinandarum.

283 2069 360 2153 Gap.
388 2075 477 2150 18,3
513 2069 582 2151 (ubi
616 2073 790 2155 exponitur
821 2093 948 2137 summa
981 2072 1106 2136 decreti
1142 2077 1284 2136 senatus
1314 2070 1347 2133 de

196 2179 422 2263 componendo
445 2178 647 2244 Macedoniae
677 2179 800 2260 statu):
833 2178 997 2245 Metalli
1031 2201 1196 2263 quoque
1226 2180 1346 2245 Macc-

197 2289 348 2364 donici,
384 2287 488 2368 quod
522 2288 664 2371 ingens
687 2287 864 2371 vectigal
896 2294 999 2367 erat,
1032 2286 1345 2369 locutionesque

196 2396 443 2481 praedioruln
466 2397 716 2461 rusticorum
739 2395 832 2461 tolli
850 2394 1054 2480 placebat.
1089 2394 1206 2460 Mendi
1230 2393 1345 2478 aliquid

195 2508 249 2572 hic
272 2507 416 2582 subesse,
439 2505 513 2586 ipsa
535 2504 695 2569 orationis
716 2503 823 2569 forma
840 2504 920 2569 satis
940 2501 1106 2582 declarat,
1137 2503 1344 2587 nequeenim

195 2613 356 2680 metalli
378 2612 696 2693 locationesque
719 2611 966 2696 praediorum
988 2632 1048 2695 pro
1072 2611 1238 2677 metalli
1267 2631 1344 2695 pre·

196 2723 438 2804 diorumque
461 2719 743 2785 locationibus
766 2719 875 2785 dicere
898 2719 987 2785 licet.
1031 2719 1153 2802 Itaque
1176 2722 1290 2785 nescio
1309 2738 1342 2782 su

203 2833 289 2896 hanc
322 2826 548 2894 difficultatem
581 2829 689 2892 vitans
712 2828 994 2893 Weissenbornius
1028 2827 1174 2892 ediderit
1209 2825 1342 2908 (sublato

196 2937 385 3019 commate):
420 2935 583 3001 Metalli
609 2957 766 3020 quoque
796 2936 1052 3002 Macedonici
1080 2936 1191 3017 quod
1216 2938 1341 3018 ingens

196 3047 371 3127 vectigal
395 3051 498 3119 erat,
523 3051 561 3108 ut
589 3044 757 3126 genetivus
781 3065 801 3108 a
829 3042 1047 3126 vectigalis
1076 3044 1214 3108 nomine
1236 3042 1341 3127 pende·

195 3167 255 3222 ret.
301 3154 366 3220 Sed
389 3173 494 3235 neque
517 3152 690 3216 verborum
714 3153 794 3216 ordo
817 3159 927 3217 rectus
958 3158 1008 3215 est
1038 3171 1147 3232 neque
1177 3160 1268 3216 recte
1294 3149 1340 3213 ad-

195 3267 350 3330 iiciuntur
382 3259 454 3324 illa:
490 3259 595 3343 quod
628 3295 671 3304 -
711 3268 799 3325 erat
834 3259 1024 3342 (dicendum
1057 3266 1150 3324 erat:
1192 3256 1339 3324 Metalli

196 3392 354 3456 quoque
389 3367 646 3432 Macedonici
678 3369 876 3450 vectigal,
912 3367 1020 3452 quod
1050 3367 1200 3448 ingens
1234 3364 1338 3439 erat),

195 3501 300 3564 neque
334 3479 406 3560 ipso
442 3496 499 3558 per
532 3497 566 3539 se
600 3475 751 3556 vectigali
773 3475 1010 3541 Macedonibus
1039 3475 1189 3540 invidere
1218 3481 1336 3539 senatus

195 3589 296 3652 videri
318 3583 450 3648 volebat
473 3581 666 3665 (vectigal
690 3583 807 3663 tolli),
832 3584 890 3648 sed
913 3583 1125 3648 incommoda
1143 3585 1175 3648 ei
1199 3583 1337 3648 adiuncta

195 3694 320 3760 timere.
366 3692 449 3755 Tum
484 3711 545 3754 nec
574 3691 860 3756 Weissenbornius
893 3713 954 3756 nec
988 3693 1091 3756 ceteri
1122 3693 1335 3773 quaesiverunt

220 3910 243 3977 ¹)
263 3906 350 3976 [Nihil
368 3910 469 3976 postea
485 3906 585 3958 melius
603 3911 745 3975 repertum
763 3911 813 3959 est.
842 3904 999 3959 Culmina
1017 3904 1244 3971 (columins'l)
1261 3902 1333 3972 ipsius

263 3992 422 4063 legationis,
440 3995 472 4043 ut
491 3991 557 4058 dixi,
574 3991 788 4060 intelleguntur3
808 3991 931 4061 alioquin
949 4007 1017 4044 sane
1035 3991 1187 4060 genetivus
1206 3985 1331 4043 addendus

263 4084 338 4145 erat,
359 4077 436 4129 velut
453 4076 502 4129 rei
517 4093 543 4145 p.
563 4081 611 4129 sut
628 4077 731 4129 similis.
767 4076 871 4131 Saltem
890 4076 944 4130 hoc
961 4081 1059 4129 tenere
1079 4080 1199 4144 prestat
1215 4090 1290 4143 quam
1306 4070 1331 4121 li·

264 4163 422 4218 centissime
449 4178 502 4230 pro
527 4162 630 4214 culmi
654 4162 824 4216 substituere
851 4161 1058 4216 consulares
1078 4167 1254 4229 quattuor.
1285 4157 1330 4209 Lu·

262 4250 356 4301 mina
373 4247 476 4301 curiae
495 4247 546 4299 hos
564 4251 623 4301 tres
642 4248 802 4301 consulares
821 4246 921 4312 fuisse,
939 4245 1017 4300 nulla
1035 4252 1081 4299 est
1099 4245 1175 4315 apud
1192 4244 1292 4298 Livium
1307 4240 1329 4290 in

265 4333 366 4386 horum
385 4349 520 4385 annornm
540 4332 622 4384 rebus
640 4332 788 4386 uerrendis
807 4330 980 4402 significatio.
1011 4330 1098 4400 1864]
