2994 5108
681 463 742 524 629
1098 557 1101 564 ι
1119 474 1180 531 Lib.
1199 475 1286 530 XLII.

137 670 235 714 esse.
269 647 324 713 Ea
341 649 450 731 regis
473 648 631 730 legatio
655 669 707 730 gr.
731 668 755 713 s.
779 647 811 727 f,
834 669 854 713 a
876 649 1022 729 vestigiis
1046 647 1169 713 codicis
1190 648 1286 731 longe

137 757 291 833 discedit,
314 756 527 845 abundatque
560 777 696 840 prorsus
730 757 847 839 regis.
893 754 1107 821 Scribendum
1141 757 1286 822 videtur:

136 865 310 948 Egregie
333 885 378 929 ea
406 864 559 947 legatio
583 864 793 947 gratatus.
840 863 870 947 [ξ
888 847 912 927 κ6
936 886 976 929 ex
999 886 1046 943 eo,
1069 865 1156 947 quod
1178 866 1212 929 in
1235 887 1288 930 co·

137 974 209 1038 dice
234 982 296 1038 est:
320 972 509 1038 habitare
532 972 590 1037 rei
613 956 797 1056 possent,
820 971 906 1038 effici
927 973 1072 1038 videtur:
1095 971 1287 1038 habitare

137 1087 241 1145 recte
269 1088 445 1165 possent.
491 1078 703 1163 Significatur
729 1081 817 1147 bona
841 1089 875 1146 et
897 1082 1068 1146 commoda
1090 1088 1190 1165 atque
1213 1102 1288 1146 con-

135 1182 267 1255 veniens
289 1189 453 1254 habitatio
478 1189 528 1266 (ut
550 1210 651 1271 quum
669 1188 738 1253 ludi
760 1196 870 1255 recte
893 1188 993 1274 facti
1016 1188 1199 1270 dicuntur),
1222 1209 1287 1273 quo

136 1299 281 1383 pertinet
308 1299 417 1381 ipsum
451 1297 585 1360 verbum
619 1304 803 1380 possent3
832 1297 979 1381 alioquin
1009 1298 1116 1362 Liuius
1150 1298 1289 1362 dixisset

136 1406 385 1472 habitarent.
432 1404 469 1469 In
497 1406 647 1488 proxima
674 1406 836 1470 sententia
869 1397 1167 1479 Weissenbornius‚
1201 1405 1288 1487 quod

136 1536 206 1580 rem
230 1514 383 1578 continet.
408 1512 578 1581 intellexit.
604 1513 822 1596 incorruptis
846 1512 969 1578 codicis
993 1515 1137 1597 vestigiis
1161 1512 1287 1593 (thre-

137 1643 225 1690 cum
257 1623 410 1704 legatis
446 1643 485 1685 se
520 1621 861 1705 discepnatisque
890 1629 927 1685 et
957 1624 1073 1700 satis)
1103 1621 1287 1686 laterano-

137 1732 226 1795 mina
258 1732 357 1794 trium
382 1728 587 1812 populorum,
621 1749 761 1809 quorum
795 1728 894 1810 legati
924 1731 1104 1809 venissent;
1139 1751 1178 1793 ex
1205 1730 1287 1813 ipsis

137 1839 323 1905 nominibus
357 1839 494 1920 primum
530 1836 658 1900 ridetur
697 1845 786 1901 recte
819 1838 1003 1902 restituisse
1039 1837 1186 1919 (Maedis
1220 1839 1287 1903 sive

137 1946 287 2027 Medis),
322 1947 356 2010 in
390 1945 528 2015 duobus,
563 1944 640 2008 dum
673 1945 714 2008 ab
749 1947 821 2028 ipso
851 1945 941 2010 Livio
967 1944 1156 2026 (XXXVIII,
1180 1951 1231 2025 40,
1255 1946 1287 2028 7)

137 2056 250 2132 sumit,
285 2075 304 2118 a
338 2054 448 2118 codice
477 2054 572 2117 nimis
596 2053 798 2118 discessisse.
845 2053 924 2116 Mihi
953 2055 986 2117 in
1016 2055 1287 2138 cepnatisque

137 2163 330 2229 Odomantae
353 2160 530 2244 significari
555 2160 614 2225 visi
639 2167 731 2239 sunt,
759 2162 792 2225 in
823 2163 928 2226 satis
952 2161 1073 2245 Sapaei,
1103 2183 1185 2245 quos
1213 2170 1288 2247 post

137 2270 341 2336 Herodotum
365 2269 493 2348 Strabo,
526 2269 666 2348 PliniuS,
689 2269 870 2334 Pausanias
897 2272 1078 2334 nominant.
1125 2270 1288 2335 Odoman-

137 2381 205 2445 tica
237 2385 327 2444 terra
360 2387 393 2442 et
417 2378 505 2461 apud
539 2375 707 2460 Polybium
743 2385 777 2442 et
809 2379 897 2462 apud
930 2378 1056 2443 Livium
1090 2379 1286 2444 nominatur.

140 2485 282 2569 1864.]¹)

223 2593 301 2678 Cap.
327 2598 376 2661 23,
402 2601 419 2658 5
445 2594 491 2675 (iu
522 2595 670 2658 oratione
699 2594 882 2676 legatorum
905 2594 1225 2678 Carthaginiensium
1248 2595 1288 2660 de

136 2703 316 2769 Masinissae
339 2703 467 2766 iniuriis
485 2700 718 2784 querentium):
737 2700 884 2768 Missos
904 2725 993 2768 esse
1013 2704 1087 2783 (scr.
1109 2725 1182 2768 cum
1203 2703 1286 2769 Gro-

136 2811 248 2875 novio:
284 2810 429 2876 missos
453 2832 507 2888 se,
532 2832 571 2874 ne
595 2809 678 2874 alios
703 2811 819 2874 missos
842 2832 977 2877 narrare
1017 2811 1216 2893 videantur),
1247 2813 1286 2876 ui

136 2927 299 2984 orarent
324 2927 524 2997 senatum,
552 2927 595 2982 ut
618 2919 736 2981 trium
760 2918 899 2982 harum
929 2941 1060 2984 rerum
1088 2942 1204 2984 unam
1234 2920 1373 3001 ab(518)

136 3049 175 3093 se
200 3029 415 3112 impetrari
439 3028 633 3103 sinerent,
657 3033 699 3090 ut
721 3025 782 3091 vel
806 3048 850 3091 ex
874 3049 984 3109 aequo
1009 3028 1113 3112 apud
1137 3029 1288 3093 socium

135 3135 343 3220 populum,
378 3136 472 3216 quid
507 3137 702 3216 cuiusque
736 3142 858 3213 esset,
894 3136 1195 3219 disceptarent,
1225 3138 1288 3202 vel

134 3245 434 3327 permitterent
458 3241 883 3325 Carthaginiensibus,
907 3251 949 3308 ut
973 3244 1170 3308 adversus
1187 3245 1288 3308 iniu-

145 3395 363 3408 .—-——‘-

158 3492 181 3555 ¹)
203 3489 267 3560 Cap.
288 3492 328 3554 20,
356 3492 371 3540 2
400 3490 460 3542 cod.
489 3489 612 3542 Patres
639 3493 671 3541 et
698 3488 906 3557 haruspices
935 3489 1069 3544 referre
1102 3496 1135 3543 et
1157 3490 1287 3545 decern·

203 3577 296 3629 viros
317 3574 410 3628 adire
429 3576 537 3628 libros
555 3576 752 3637 iusserunt,
781 3573 865 3642 Gryn.
891 3575 931 3629 ad
956 3575 1026 3629 har.
1046 3575 1194 3642 referre3
1223 3577 1287 3629 scri·

203 3661 327 3714 bendum
346 3660 386 3713 ad
414 3661 618 3729 haruspices
643 3659 780 3725 reierri;
808 3659 855 3713 cfr.
876 3678 898 3714 c.
918 3664 960 3725 23,
979 3664 994 3716 3
1014 3669 1042 3716 et
1060 3665 1137 3729 25,4
1163 3662 1284 3731 prohi-

202 3747 285 3799 bere
303 3762 354 3813 pro
373 3745 552 3814 prohiberi
572 3754 637 3800 ante
655 3761 677 3811 e,
695 3762 718 3799 c.
738 3748 779 3812 24,
799 3748 814 3798 5
832 3747 1043 3815 respondere
1060 3765 1113 3817 pro
1137 3765 1284 3816 respon·

203 3830 274 3884 deri
293 3836 358 3884 ante
379 3833 394 3883 Ι,
424 3833 522 3897 (1864.)
553 3831 616 3901 Cap.
637 3834 679 3899 21,
700 3831 889 3885 3inauditam
907 3850 1006 3887 vocem
1023 3833 1210 3887 rebellium
1232 3850 1281 3901 pa-

201 3934 263 3970 rum
290 3923 405 3970 tuentur
432 3917 560 3985 exempla
587 3917 707 3986 duplicis
734 3915 830 3970 fonnae
858 3917 976 3970 aliorum
1004 3919 1243 3971 substantivorum
1271 3934 1288 3970 a

203 4000 344 4057 Gronovio
364 4001 465 4067 adlata,
493 4019 577 4070 quum
596 4003 754 4072 praesertim
782 4020 870 4072 neque
900 3999 1099 4071 contagium
1117 4019 1206 4070 neque
1226 4004 1284 4056 ob·

203 4088 330 4142 sidium
349 4088 445 4141 Livius
465 4095 513 4140 aut
532 4088 591 4141 eius
612 4089 733 4156 aequales
759 4088 788 4141 in
806 4106 890 4157 prosa
909 4089 1037 4141 oratione
1057 4088 1159 4141 dixisse
1178 4089 1284 4155 reperi·

201 4179 293 4239 autur,
313 4173 480 4226 oblivium
499 4174 637 4241 singulari
655 4190 824 4227 numerous
842 4179 935 4242 poetae
953 4172 1064 4240 quidem
1083 4173 1236 4242 posuerint,
1255 4178 1287 4226 ut

200 4260 300 4312 merito
328 4258 452 4311 dubitari
474 4259 573 4327 possit,
597 4275 633 4310 an
655 4257 718 4311 Tac.
738 4258 808 4311 Hist.
828 4258 874 4325 IV,
893 4262 909 4311 9
928 4259 1113 4312 oblivione
1132 4259 1284 4326 scripserit,

200 4344 333 4398 oblivio
352 4352 444 4396 ortum
464 4344 501 4396 ait
520 4362 554 4398 ex
572 4342 752 4412 praecedente
771 4343 927 4397 silentio.
