2994 5108
227 488 290 544 Lib.
308 487 331 543 L
784 474 826 538 60

227 660 468 745 quinquaginta
478 659 624 726 millibus
636 667 796 742 constare,
807 660 1083 743 quemadmodum
1090 660 1130 741 x,
1143 664 1244 741 36,14
1255 662 1384 745 capti-

226 791 363 836 vorum
390 789 580 835 numerus
609 789 697 834 esse
725 776 880 853 septem
902 769 1073 834 millium
1095 769 1216 835 dicitur
1237 776 1272 835 et
1293 768 1398 853 apud>

228 878 415 946 Cornelium
441 876 605 961 Nepotem
633 877 754 962 Iphicr.
784 882 804 942 2
839 878 1048 944 exereitus
1075 898 1264 944 numerus
1292 898 1383 944 esse

229 986 440 1053 duodecim
472 984 645 1051 millium
674 992 708 1052 et
734 985 770 1051 id
797 1006 902 1070 genus
930 1007 996 1052 non
1024 984 1161 1070 pauca),
1194 986 1288 1053 video
1316 987 1383 1053 iam

227 1094 386 1161 Rhenano
419 1095 453 1159 in
485 1101 628 1160 mentem
654 1094 789 1160 venisse.
846 1093 899 1176 (ln
927 1094 1040 1160 codice
1062 1095 1241 1180 archetypo
1263 1095 1382 1161 fnisse:

227 1204 370 1270 Tertia
404 1203 552 1269 elassis
585 1205 626 1268 in
660 1203 687 1269 L
719 1202 894 1268 millium
926 1209 1004 1283 cet,
1049 1223 1089 1268 ex
1122 1202 1313 1269 MRPLlHl
1349 1211 1384 1269 et

228 1313 428 1378 deteriorum
450 1311 616 1377 nonnullis
639 1310 852 1394 intellegitur.
908 1310 1025 1377 Fuisse
1048 1312 1214 1395 suspicor,
1243 1313 1300 1395 qui
1323 1320 1384 1378 ant

227 1422 267 1485 in
290 1421 418 1487 tertia
441 1419 575 1486 classe
593 1419 693 1485 scribi
708 1419 818 1499 vellet,
836 1418 1111 1501 quemadmodum
1128 1421 1277 1502 sequitur
1294 1421 1383 1505 apud

227 1530 355 1595 Livium
372 1530 411 1594 in
429 1533 576 1611 quarta
594 1528 737 1609 classe,
761 1534 821 1594 sut
838 1530 886 1593 sic
902 1527 1125 1613 intellegenda
1141 1528 1242 1594 verba
1259 1529 1385 1612 signifi·

229 1645 335 1718 caret,
358 1638 406 1703 sic
427 1638 633 1721 adscriptum
655 1638 695 1702 in
718 1637 837 1702 deinde
859 1636 925 1701 alio
946 1634 1019 1702 locu
1042 1637 1203 1703 insertum
1226 1637 1322 1719 esse.)

314 1745 393 1831 (lap.
417 1748 474 1825 45,
505 1749 539 1809 1:
572 1747 703 1811 Aucta
736 1745 908 1811 civitate
941 1744 1223 1829 magnitudine
1256 1746 1384 1813 urbis.

227 1855 303 1922 Non
332 1861 473 1937 augetur
500 1853 617 1919 civitas
646 1853 738 1920 urbis
764 1852 1007 1938 magnitudine,
1040 1852 1100 1919 sed
1121 1860 1222 1920 aucta
1242 1855 1317 1939 ipsa
1337 1857 1385 1921 ci·

226 1965 316 2029 vium
342 1983 480 2028 numero
508 1961 625 2027 urbem
652 1961 759 2046 poscit
786 1962 958 2042 maiorem,
988 1968 1025 2026 nt
1052 1963 1125 2047 ipsc
1147 1962 1258 2029 Livius
1281 1984 1309 2028 c.
1332 1970 1386 2045 44,

231 2075 250 2136 3
280 2071 412 2138 scribit:
446 2069 502 2135 Ad
535 2091 618 2136 cam
651 2069 959 2135 multitudinem
992 2069 1091 2136 urbs
1119 2092 1276 2155 quoque
1304 2092 1386 2138 am·

228 2178 465 2264 plifieanda
508 2179 599 2244 visa
643 2185 716 2244 est.
777 2177 854 2244 Sine
893 2177 994 2244 dubio
1035 2179 1215 2264 scripserat
1252 2179 1382 2246 Livius:

227 2289 361 2354 Aucta
395 2287 563 2352 civitate
592 2293 622 2348 et
648 2286 928 2370 magnitudine
955 2286 1083 2353 urbis.
1141 2287 1247 2365 Quam
1275 2288 1385 2355 facilis

227 2396 328 2462 fuerit
351 2397 451 2475 error,
474 2401 623 2479 apparet.
669 2394 791 2478 (1861.)

316 2502 413 2588 *Cap
436 2508 488 2582 46,
512 2507 530 2567 7
554 2501 626 2585 (ubi
647 2502 836 2568 referuntur
857 2502 973 2569 Tulliae
995 2505 1130 2570 minoris
1153 2525 1227 2569 cum
1248 2503 1284 2569 L.
1303 2504 1386 2571 Tar-

231 2612 345 2695 quino,
375 2610 486 2677 mariti
507 2611 625 2691 fratre,
655 2612 777 2678 sororis
799 2613 919 2678 marito
942 2611 1136 2694 sermones):
1172 2620 1212 2679 ct
1234 2635 1274 2678 se
1296 2633 1388 2678 rec·

229 2722 314 2787 tius
360 2720 522 2785 viduam
565 2726 605 2785 et
649 2719 763 2786 illum
808 2720 987 2786 oaelibem
1032 2720 1218 2786 futurum
1256 2719 1387 2786 fuisse

231 2828 482 2895 contendere
505 2828 754 2911 (contendebat)
777 2850 895 2912 quam
918 2850 1004 2894 cum
1026 2829 1171 2914 impari
1193 2830 1315 2913 iungi,
1342 2837 1388 2895 ut

232 2936 608 3020 elanguescendum
636 2937 774 3003 aliena
800 2938 965 3020 ignavia
992 2945 1109 3004 esset.
1167 2936 1247 3015 Quse
1276 2937 1321 3003 sit
1348 2938 1385 3003 in

231 3047 283 3112 his
306 3048 467 3130 pravitas,
496 3044 685 3129 apparebit,
715 3047 743 3110 si
765 3047 799 3111 in
822 3052 947 3111 rectam
969 3047 1151 3112 orationem
1174 3046 1385 3112 transtuleri-

229 3177 318 3235 mus;
346 3155 416 3219 hsce
439 3154 526 3219 enim
548 3154 628 3219 erit:
662 3154 714 3220 Et
742 3174 813 3237 ego
841 3155 1000 3220 rectius
1027 3152 1150 3220 vidua
1177 3161 1217 3220 et
1245 3161 1288 3219 tu
1311 3175 1387 3221 cae-

231 3262 319 3328 lebs
346 3262 500 3327 fuisses
530 3264 585 3339 (=
606 3262 788 3327 futurum
815 3261 957 3343 fuisse)
985 3283 1102 3345 quam
1126 3284 1211 3328 cum
1233 3263 1387 3346 impari

232 3371 438 3453 iungimur
461 3369 517 3452 (=
537 3370 678 3453 iungi),
706 3377 751 3436 ut
773 3370 1145 3453 elanguescendum
1168 3393 1197 3436 a.
1221 3371 1296 3453 ign.
1321 3370 1387 3437 sit.

232 3479 334 3563 Atqui
357 3499 417 3563 pro
441 3498 489 3558 eo,
517 3478 606 3561 quod
629 3486 693 3544 est:
723 3500 852 3561 quam,
880 3478 985 3560 quod
1007 3500 1111 3544 nunc
1131 3478 1285 3544 factum
1308 3487 1387 3560 est,

232 3587 507 3669 iungeremur,
536 3586 626 3651 nullo
648 3586 746 3652 modo
769 3586 835 3651 dici
858 3593 984 3670 potest:
1019 3608 1135 3669 quem
1162 3587 1387 3668 iungimur;

233 3716 338 3778 neque
360 3693 581 3777 iungebantur
603 3717 698 3775 nunc,
723 3695 780 3760 sed
802 3695 907 3761 iuncti
930 3702 1039 3776 erant;
1061 3696 1175 3780 itaque
1192 3717 1232 3759 ne
1249 3694 1388 3777 iunge·

232 3824 364 3868 remur
387 3801 518 3885 quidem
540 3809 665 3868 rectum
689 3809 787 3883 esset,
810 3803 868 3869 sed
890 3804 1031 3883 iuneti,
1055 3804 1089 3869 id
1112 3811 1171 3882 est,
1193 3804 1227 3867 in
1250 3802 1390 3886 obliqua

232 3913 395 3991 oratione,
423 3911 598 3976 iunctos.
654 3910 789 3977 Accedit
811 3911 854 3977 ad
875 3912 940 3978 hoc
961 3913 1121 3978 orationis
1143 3912 1267 3992 vitium,
1297 3912 1388 3995 quod

232 4020 266 4085 in
296 4020 408 4086 codice
437 4020 615 4104 archetypo
643 4040 709 4084 non
737 4027 864 4100 esset,
898 4021 957 4086 sed
987 4041 1078 4085 esse
1101 4021 1260 4106 scriptum
1281 4020 1387 4089 fuisse

232 4136 364 4194 constat
405 4128 459 4210 (ex
492 4127 671 4207 MPLlHl,
714 4128 935 4194 deterioribus
969 4128 1129 4211 quoque),
1170 4150 1209 4193 ex
1244 4149 1309 4211 quo
1342 4137 1387 4196 ut

232 4237 425 4302 mendosum
449 4258 519 4302 esse
543 4235 707 4318 arguitur,
741 4258 801 4320 pro
825 4258 889 4320 quo
912 4237 947 4300 in
970 4236 1191 4303 deterioribus
1215 4235 1386 4305 codicibus

232 4346 352 4429 partim
381 4345 541 4428 scriptum
569 4350 620 4409 est
647 4343 771 4425 haud,
803 4347 926 4430 partim
947 4354 1024 4412 aut.
1081 4346 1131 4427 (ln
1154 4345 1306 4412 Rhenani
1330 4348 1387 4415 ad·
