2994 5108
688 444 751 505 425
1130 458 1191 513 nib.
1210 457 1297 512 XXX.

142 634 176 693 et
202 628 435 694 condicionum
464 628 665 692 diiunctione
698 627 770 693 fieri
805 629 937 712 neqnit3
971 649 1012 692 ne
1041 627 1129 712 apud
1161 629 1294 694 Graecos

143 735 277 819 quidem
304 736 339 800 in
368 734 541 800 referenda
570 735 701 820 oblique
724 737 873 802 oratione
888 757 939 816 ea
961 736 1086 820 ellipsis'
1107 736 1216 802 locum
1238 737 1297 801 ba·

142 843 245 924 beret,
275 863 342 925 qna
364 851 441 927 post
463 848 487 905 el
507 852 557 924 μέν
579 843 779 908 audiendum
801 845 999 928 relinquitur
1021 842 1051 907 εὖ
1073 850 1129 921 ἔχει
1151 846 1296 910 simileve

142 951 238 1034 qnid,
272 959 431 1033 sequente
453 956 478 1013 et
499 958 534 1014 δὲ
590 952 707 1035 Itaque
732 959 856 1017 certum
880 974 953 1017 esse
977 959 1074 1034 puto,
1108 959 1183 1036 post
1206 975 1296 1018 sen·

143 1061 276 1124 tentia
309 1059 470 1124 excidisse
505 1059 629 1144 aliquid
660 1059 765 1140 (velut
794 1081 876 1124 eam
905 1060 1127 1143 promeret)
1158 1082 1296 1144 eamque

117 1230 120 1235 .
141 1168 294 1233 lacunam
316 1167 498 1232 notandam
520 1188 602 1233 esse.

228 1272 307 1360 Cap.
332 1279 367 1354 6,
403 1280 421 1339 5
456 1274 511 1356 (de
539 1276 689 1340 incendio
718 1282 904 1340 castrorum
931 1275 1159 1357 Punicorum):
1194 1279 1297 1361 igni·

141 1383 299 1465 busque
327 1382 367 1446 in
395 1384 580 1467 proxima
608 1389 720 1448 tecta
747 1384 952 1448 coniectis
975 1382 1112 1447 effusa
1134 1382 1297 1450 flamma

142 1491 270 1576 primo
296 1490 409 1555 velut
437 1511 584 1573 sparsa
606 1490 796 1573 pluribus
820 1491 927 1555 locis
950 1490 1120 1569 reluxit,
1151 1492 1296 1557 deinde

142 1619 212 1682 per
241 1598 442 1664 continua
465 1618 637 1681 serpens
660 1620 736 1664 uno
760 1604 928 1682 repente
952 1599 1085 1663 omnia
1108 1600 1295 1666 incendio

142 1706 290 1771 hausit.
346 1703 531 1771 Obscurum
562 1711 626 1785 est,
660 1728 725 1788 quo
753 1707 920 1790 pertineat
947 1705 1029 1769 illud
1057 1707 1183 1786 velut,
1216 1729 1296 1790 quo·

143 1816 229 1881 niam
262 1834 328 1879 non
360 1813 598 1896 comparando,
633 1813 691 1878 sed
729 1835 866 1898 prorsus
900 1814 941 1877 ad
977 1815 1146 1877 veritatem
1180 1836 1297 1897 sparsa

143 1921 275 1987 flamma
297 1921 433 2000 dicitur,
469 1942 542 2005 quae
570 1920 719 2005 pluribus
742 1923 824 1985 locis
846 1921 982 1985 relucet.
1040 1921 1168 2004 Augent
1191 1918 1296 2006 su'spi·

145 2031 269 2095 cionem
310 2029 441 2094 codices
476 2028 550 2111 (PM
585 2027 677 2093 Cant.
707 2028 857 2111 aliique),
891 2031 947 2111 qui
982 2050 1127 2112 sparso
1160 2028 1294 2109 habent,

144 2137 185 2203 ad
223 2137 312 2222 quod
351 2136 458 2202 audiri
497 2157 537 2201 ex
576 2138 727 2219 proxima
767 2139 932 2202 sententia
967 2138 1159 2201 incendio
1194 2138 1295 2220 (quod

145 2245 306 2311 Gronovio
335 2243 475 2328 placuit)
505 2265 611 2329 neque
641 2246 801 2309 sermonis
831 2253 952 2310 natura
980 2247 1108 2328 patitur
1138 2252 1171 2309 et-
1193 2245 1295 2310 nihilo

143 2353 253 2437 aptins
287 2353 351 2417 erit
383 2352 502 2416 velut.
564 2351 696 2417 Excidit
733 2353 974 2417 substantivum
1009 2354 1117 2418 neutri
1150 2354 1295 2434 generis;

143 2460 252 2526 Livius
274 2460 445 2544 scripsisse
467 2460 612 2524 videtur:
648 2461 788 2545 primo,
817 2462 930 2525 velut
958 2483 1103 2545 sparso
1134 2463 1295 2542 semine,

142 2568 333 2653 pluribus
372 2567 475 2632 locis
513 2569 676 2633 reluxit.
741 2567 826 2650 (Hoc
865 2570 937 2652 ipso
972 2571 1080 2652 capite
1115 2569 1131 2653 ξ
1167 2574 1185 2633 3
1219 2591 1294 2652 pro:

142 2676 290 2761 quibus
318 2675 421 2739 nihil
449 2675 602 2741 hostile
630 2675 712 2741 Pet
741 2677 798 2741 alii
821 2677 945 2741 habent
967 2685 1112 2742 tantum:
1147 2677 1296 2761 quibus

141 2782 322 2865 hostile.)
385 2782 573 2865 Sequuntur
612 2784 682 2848 haec
721 2783 751 2866 (ξ
793 2784 842 2865 6);
884 2785 1073 2850 Ambusti
1113 2784 1296 2849 homines

140 2893 405 2975 iumentaque
438 2890 558 2956 foeda
590 2893 759 2975 primum
792 2892 902 2975 fuga,
943 2893 1036 2957 dein
1071 2899 1207 2975 strage
1233 2893 1296 2956 ob·

138 3000 314 3066 ruebant
346 3000 499 3064 itinera
532 3005 750 3082 portarum.
807 3000 1014 3077 Obrnuntnr,
1056 3021 1128 3082 quae
1164 3004 1294 3064 exstare

140 3108 351 3192 conspicique
375 3107 511 3186 debent;
534 3107 654 3171 itinera
675 3108 799 3190 vimque
822 3129 885 3171 non
910 3107 1102 3184 obruuntur,
1127 3106 1185 3170 sed
1208 3106 1295 3170 clau·

140 3216 273 3296 duntur,
296 3215 487 3298 sapiuntur,
513 3214 744 3296 obstruuntur3
767 3216 975 3280 scribendum
999 3214 1278 3279 obstruebant.

226 3320 306 3405 Cap.
336 3326 371 3400 7,
396 3325 424 3386 6.
453 3322 561 3388 Locus
594 3323 694 3389 verbo
729 3345 794 3388 uno
830 3330 863 3387 et
892 3323 997 3388 alt-ero
1027 3323 1149 3388 omisso
1178 3323 1210 3385 in
1241 3342 1294 3386 co·

138 3430 271 3497 dicibus
304 3429 430 3495 fractus
465 3430 538 3511 (ibi
573 3430 709 3496 tribus
737 3453 815 3496 una
845 3430 890 3495 de
918 3451 1016 3514 pace
1046 3429 1121 3511 cet.)
1149 3431 1181 3493 in
1210 3430 1297 3495 hanc

136 3538 278 3605 formam
301 3537 503 3621 supplendus
527 3537 669 3602 videtur:
704 3539 767 3603 Ibi
796 3539 930 3603 tribus
961 3539 1185 3603 sententiis
1209 3559 1296 3602 cer·

138 3652 285 3727 tatum;
308 3667 386 3711 una
407 3680 449 3690 —
472 3644 729 3725 decernebat,
752 3649 890 3712 altera
906 3682 950 3690 —
966 3647 1197 3726 revocabat,
1220 3653 1297 3711 ter-

136 3755 264 3821 tia-
286 3759 390 3833 erat3
418 3753 692 3837 reparandum
712 3788 756 3799 -
779 3754 986 3819 censebat.
1030 3753 1153 3834 (1863.)

227 3860 307 3945 Cap.
332 3865 363 3940 8,
393 3866 427 3925 6:
462 3861 623 3945 Syphax
658 3870 697 3927 et
725 3861 959 3926 Hasdrubal
990 3860 1109 3941 (aciem
1139 3860 1295 3925 adversus

135 3968 326 4052 Scipionem
353 3969 583 4050 instruentes),
617 3969 840 4034 Numidicis
875 3970 1072 4034 adversus
1107 3967 1296 4032 Italicum

134 4077 383 4159 equitatum,
418 4075 822 4161 Carthaginiensium
859 4083 1003 4142 contra
1039 4075 1296 4139 Masinissam

133 4184 301 4262 locatis,
325 4182 555 4250 Celtiberos
585 4185 753 4250 media-m
778 4186 901 4250 aciem
924 4186 962 4248 in
986 4183 1159 4248 adversa
1181 4183 1296 4264 signa

130 4281 350 4376 legionum
377 4313 582 4377 accepere.
633 4293 747 4377 Neque
776 4292 1000 4358 Numidicis
1029 4312 1088 4374 pro
1112 4289 1295 4354 Numidis
