2994 5108
217 500 279 555 nis.
297 498 382 556 nnn.
470 528 473 533 -
586 444 590 449 ⁴
758 486 819 549 eie

305 670 383 757 Cap.
407 676 457 751 43,
482 677 509 738 1.
554 671 660 737 Huius
695 671 812 756 capitis
845 670 989 751 initium,
1016 669 1192 735 manifesto
1221 667 1363 752 plurium

218 780 392 846 verborum
410 779 542 846 defectu
558 779 725 860 laborans,
746 778 903 864 Grynaeus
919 777 1044 844 frustra
1066 775 1307 862 interpolando,
1327 781 1364 840 ut

217 889 383 972 integrum
405 889 578 968 rideretur,
602 887 731 953 efficere
755 893 893 954 conatus
916 893 976 953 est.
1020 886 1058 951 In
1080 885 1193 952 codice
1216 885 1265 950 sic
1287 882 1364 949 scri·

217 997 322 1063 bitur:
341 995 392 1062 Et
413 996 613 1063 dicentem
631 1003 671 1062 et
690 1017 774 1061 cum
792 995 1003 1061 adsensum
1021 993 1202 1062 Marcius
1220 998 1363 1058 auctor

217 1103 507 1173 fnitmittendi
525 1104 684 1170 Romam
706 1104 831 1188 legati
854 1111 990 1170 essent
1012 1124 1099 1168 cum
1117 1099 1364 1186 experienda

218 1214 353 1279 omnia
376 1211 426 1277 ad
448 1211 635 1277 ultimum
656 1232 729 1278 nec
751 1211 1150 1297 praetermittendum
1173 1230 1284 1295 spem
1304 1207 1362 1273 ul·

218 1321 295 1387 lam
317 1322 583 1386 censuissent
604 1321 769 1403 reliqua
791 1320 1048 1387 consultatio
1079 1326 1171 1386 erat
1193 1325 1257 1383 cet.
1301 1317 1363 1400 Ap

217 1436 315 1515 paret
335 1449 440 1513 neque
463 1428 621 1494 Marcium
643 1430 740 1494 unius
763 1428 864 1513 legati
890 1429 1041 1494 mittendi
1069 1436 1239 1493 auctorem
1268 1424 1363 1490 fuisse

217 1558 323 1620 neque
345 1537 460 1603 Marcii
492 1537 627 1603 consilio
658 1538 706 1602 sic
727 1558 797 1603 rem
821 1536 1001 1603 confectam
1024 1535 1138 1615 fuisse,
1170 1540 1209 1600 ut
1238 1539 1365 1599 tantum
1397 1591 1399 1599 .

218 1646 259 1711 de
280 1652 353 1713 tuto
375 1645 558 1729 legatorum
583 1647 701 1710 itinere
730 1644 927 1711 consultatio
960 1645 1213 1727 relinqueretur.
1259 1641 1363 1707 Plena

134 1762 204 1833 (535)
224 1755 381 1820 orationis
398 1754 504 1820 forma
525 1753 595 1820 haec
610 1753 679 1818 fere
695 1753 772 1818 luit:
794 1753 843 1818 Et
865 1753 1069 1820 dicentem
1087 1775 1173 1818 cum
1193 1751 1364 1816 adsensu

215 1861 392 1927 Marcius
426 1862 567 1927 audire
595 1863 706 1927 visus
730 1869 793 1927 est
815 1868 868 1941 et,
898 1884 1015 1946 quum
1043 1860 1210 1926 dicendi
1240 1858 1363 1923 finem

215 1969 401 2050 fecisset,
423 1976 565 2035 auctor
580 1969 660 2034 fuit
676 1970 865 2035 mittendi
883 1971 1042 2035 Romam
1058 1971 1217 2050 legatos.
1241 1964 1363 2032 Amici

217 2099 375 2161 quoque
391 2079 477 2162 regi
499 2084 679 2143 ssecreto
698 2079 958 2161 interrogati,
976 2078 1219 2144 mittendine
1237 2073 1363 2158 legati

216 2192 361 2264 essent,
396 2207 514 2270 quum
547 2184 795 2269 experienda
828 2188 962 2253 omnia
995 2187 1042 2252 ad
1075 2187 1268 2251 ultimum
1296 2202 1362 2248 nec

215 2294 612 2376 praetermittendam
646 2315 698 2378 sp.
733 2315 765 2358 u.
800 2296 1072 2371 censuissent,
1105 2293 1273 2375 reliqua
1305 2296 1360 2356 cet.

215 2399 348 2466 Partem
381 2400 528 2486 aliquam
560 2403 629 2467 veri
660 2403 726 2466 iem
759 2403 1041 2469 Weissenbornius
1075 2403 1189 2467 sensit.
1238 2400 1360 2485 [Restat

216 2507 381 2573 dubitatio
415 2510 448 2573 in
482 2508 498 2592 ὅ
528 2515 556 2574 2.
601 2510 685 2575 Nam
713 2510 793 2593 quid
826 2512 870 2575 sit
903 2513 942 2575 in
976 2511 1151 2593 gratiam
1184 2508 1358 2593 petentis

216 2614 421 2698 (alicuius)
447 2617 573 2699 aliquid
596 2617 774 2683 concedere
798 2626 856 2683 aut
879 2620 1009 2684 omnino
1032 2618 1157 2695 facere,
1183 2619 1269 2683 satis
1291 2636 1358 2682 oon·

217 2730 285 2788 stat
314 2724 406 2804 (locis
435 2726 522 2809 apud
546 2723 746 2790 Schellerum
776 2734 808 2791 et
832 2727 1032 2791 Freundium
1056 2728 1167 2791 citatis
1191 2726 1271 2790 addi
1292 2744 1357 2809 pos·

216 2842 294 2898 sunt
316 2833 382 2897 Liv.
406 2833 474 2911 XL,
501 2838 549 2913 17,
572 2837 601 2909 2,
627 2832 737 2898 Senec.
757 2834 851 2898 Rhet.
865 2858 895 2917 p.
915 2840 975 2899 101
998 2834 1146 2912 Kiessl.l;
1172 2835 1356 2899 adiectirum

215 2941 355 3023 augendi
377 2942 582 3006 minuendive
606 2963 705 3006 causa
727 2944 840 3024 gratiae
863 2945 985 3006 nomini
1009 2943 1158 3007 additum
1179 2945 1213 3007 in
1236 2942 1296 3007 hoc
1316 2940 1355 3004 lo·

215 3049 337 3132 quendi
359 3072 479 3133 genere
506 3071 668 3133 nusquam
701 3051 846 3123 memini,
881 3072 988 3134 neque
1021 3052 1124 3133 magis
1148 3053 1181 3114 in
1206 3044 1355 3116 consimili

214 3156 364 3236 formula,
386 3180 453 3242 qua
485 3160 524 3222 in
557 3158 746 3223 honorem
779 3158 957 3223 alicuius
992 3157 1116 3240 aliquid
1145 3159 1218 3222 lieri
1247 3157 1354 3223 dicitnr

215 3264 348 3348 (Opusc.
367 3266 466 3330 Acad.
485 3267 508 3345 Ι,
534 3265 618 3346 168.)
665 3266 812 3349 [Legitur
835 3272 945 3330 tamen
968 3266 1054 3343 VIII,
1079 3270 1129 3343 22,
1153 3273 1187 3330 4:
1212 3268 1252 3330 in
1274 3281 1351 3348 pra

213 3375 383 3438 teritum
410 3374 553 3437 iudicii
583 3376 769 3456 gratiam,
803 3375 860 3439 sed
889 3373 974 3438 alins
1003 3375 1132 3458 generis
1166 3374 1201 3438 id
1232 3369 1350 3439 adiecti·

214 3503 290 3545 vum
329 3479 402 3562 est]
448 3483 564 3566 Itaque
604 3503 704 3563 quum
745 3484 777 3546 in
812 3482 924 3546 codice
959 3483 1001 3547 sit
1034 3485 1157 3547 etiam
1186 3493 1349 3564 magnam

215 3590 403 3671 gratiam,
444 3592 591 3673 suspicor
626 3590 753 3654 Litium
786 3593 969 3674 scripsisse:
1004 3598 1042 3655 et
1076 3598 1277 3675 tamquam
1315 3587 1345 3649 in

214 3698 387 3779 gratiam
422 3700 611 3779 petentis,
662 3698 746 3763 Nam
778 3698 857 3763 ficta
886 3700 985 3763 etiam
1019 3700 1141 3782 speciei
1170 3693 1345 3782 significatio

214 3812 354 3886 perapta
386 3811 418 3868 et
450 3826 553 3890 prope
585 3808 770 3871 necessaria
804 3790 863 3871 est.
909 3805 925 3888 ᾗ
959 3811 997 3871 10
1019 3828 1079 3890 pro
1112 3807 1167 3872 Ex
1203 3814 1345 3872 conten·

214 3912 328 3976 tione
358 3920 487 3977 ortum
524 3923 729 3979 certamen
763 3915 990 3980 scribendum:
1025 3915 1081 3978 Ex
1117 3935 1163 3980 ea
1197 3920 1344 3980 conten·

215 4023 326 4086 tione
356 4020 443 4103 (quse
468 4027 543 4085 ante
568 4022 751 4104 significata
769 4023 832 4104 est)
852 4030 984 4088 ortum
1004 4031 1217 4088 certamen.
1259 4003 1341 4089 leel-l

301 4128 378 4211 Cap.
403 4135 453 4208 44,
479 4134 509 4191 l:
545 4128 777 4195 Chalcidem
810 4139 853 4196 ut
885 4140 1046 4196 ventum
1079 4140 1143 4197 est
1174 4131 1290 4216 (agitur
1311 4119 1341 4184 (1⁰

216 4233 252 4309 Q.
276 4235 398 4300 Marcio
422 4244 455 4301 et
476 4237 513 4300 Α.
536 4237 660 4318 Atilio),
684 4238 859 4303 aliarum
893 4242 1111 4305 civitatum
1146 4239 1340 4324 principes

215 4340 255 4403 id
279 4342 384 4423 quod
406 4346 570 4409 maxime
594 4352 750 4427 gratum
773 4354 862 4411 erat
881 4348 1072 4413 Romanis
1091 4346 1178 4429 (tolli
1199 4351 1340 4414 cornrnui6

214 4445 360 4513 Boeotiae
382 4451 555 4516 concilium
572 4453 805 4536 cupientibus),
824 4477 895 4521 sno
914 4457 1065 4540 quique
1084 4455 1171 4535 (cod.
1191 4438 1340 4539 quoque)
