2994 5108
192 485 255 540 Lib.
273 485 373 540 XXVI.
740 474 802 536 380

193 656 399 723 cumfusus
421 657 697 736 multitudine,
722 657 841 723 simul
864 655 1016 722 Siculis
1039 657 1197 722 obviam
1220 676 1351 741 egres·

193 767 251 831 sis
274 767 528 848 secutisque,
559 765 717 828 ior-sn
738 765 915 849 praebuit
937 765 1264 830 clarissimarum
1285 785 1351 829 ur·

191 875 300 940 bium
334 872 494 966 encidio
528 872 815 938 celeberrimis
848 873 948 937 viris
981 873 1116 938 victos
1143 870 1255 938 bello
1286 893 1351 937 ao·

192 989 405 1048 cusatores
428 982 467 1045 in
489 981 626 1046 urbem
650 981 896 1046 adducentis
919 979 996 1060 (hoo
1020 986 1080 1060 est,
1109 981 1256 1064 speciem
1278 1000 1351 1045 eam

191 1089 348 1175 praebuit‚
384 1090 479 1172 quasi
506 1090 584 1154 viris
607 1088 730 1173 Gapuae
760 1094 794 1153 et
817 1088 1055 1172 Syracusarum
1077 1088 1207 1153 excidio
1229 1087 1349 1153 nobili-

197 1198 278 1263 tatis
311 1198 419 1262 victos
448 1196 534 1267 bello
549 1198 777 1263 ‘accusatores
806 1194 1016 1276 adduceret);
1039 1193 1097 1260 cfr.
1119 1194 1215 1276 XLV,
1230 1200 1290 1273 20,
1314 1199 1349 1260 5:

190 1304 417 1387 lugentium
435 1305 573 1370 Persei
596 1325 729 1369 casum
756 1303 937 1387 praebere
965 1303 1141 1386 speciem
1164 1310 1199 1369 et
1217 1301 1350 1384 XXVII,
1395 1370 1397 1375 s

191 1417 257 1494 λδ.
286 1413 502 1493 Adiectivum,
522 1413 612 1496 quod
630 1418 681 1478 est
699 1410 872 1490 celeber,
890 1431 969 1475 sane
982 1411 1108 1494 primus
1122 1411 1234 1476 Livius
1246 1432 1288 1477 ex
1298 1411 1350 1488 iis,

191 1542 333 1604 quorum
355 1522 482 1604 scripta
504 1527 643 1600 exstant,
666 1520 707 1584 de
729 1519 861 1585 homine
884 1520 998 1602 posuit
1019 1519 1072 1583 hio
1094 1525 1129 1584 et
1151 1517 1222 1599 vn,
1245 1523 1297 1599 21,
1321 1524 1350 1600 6,

191 1649 252 1693 nec
284 1637 397 1693 tamen
432 1627 598 1708 absolute,
633 1627 692 1693 sed
725 1627 841 1693 addito
877 1627 949 1692 eius
977 1627 1040 1705 rei,
1074 1626 1116 1692 ob
1145 1647 1247 1711 quam
1274 1628 1350 1710 quis

191 1736 388 1814 celebratur,
419 1737 560 1802 nomine.
614 1735 725 1802 Secuti
747 1740 824 1800 sunt
848 1734 1002 1814 Velleius,
1030 1732 1173 1814 Curtius,
1202 1734 1351 1815 Tacitus,

191 1844 257 1910 alii.
288 1842 622 1925 (Celeberrimum
639 1864 781 1908 nomen
799 1843 920 1926 legitur
936 1842 1027 1927 apud
1040 1842 1169 1908 Livium
1186 1842 1241 1922 lv,
1261 1848 1313 1922 54,
1330 1848 1352 1908 8

191 1959 224 2016 et
246 1951 377 2030 XXVII,
400 1957 451 2031 40,
476 1951 520 2033 6.)
554 1952 683 2017 Addam
706 1951 860 2030 breviter,
884 1951 1041 2016 Latinum
1063 1972 1130 2016 non
1152 1971 1236 2030 esse,
1259 1950 1350 2034 quod

189 2080 291 2143 supra
312 2060 345 2123 in
368 2059 430 2125 hoc
454 2061 562 2143 capite
587 2058 618 2142 (ἓ
643 2059 676 2139 6)
700 2060 826 2123 editur:
861 2060 944 2141 qui,
973 2080 1141 2143 quorum
1163 2080 1290 2144 opera
1311 2059 1352 2124 id

192 2166 418 2232 conflatum
441 2167 685 2246 incendium,
716 2166 1008 2250 profiteretur,
1037 2168 1157 2233 omisso
1181 2179 1296 2233 esset
1317 2168 1353 2232 in

189 2275 449 2357 interrogatione
478 2275 646 2359 pendenti.
701 2273 906 2339 Exciderunt
938 2276 972 2339 in
1000 2275 1025 2339 P
1053 2274 1160 2340 multa
1187 2273 1258 2340 elis
1284 2296 1352 2341 nou

188 2383 294 2464 magis
323 2384 484 2447 eminente
511 2405 623 2459 eausa.
681 2383 732 2466 [ln
766 2383 857 2448 brevi
885 2390 920 2448 et
947 2382 1089 2466 simplici
1118 2383 1288 2448 sententia
1317 2389 1352 2449 st

116 2510 121 2572 j
190 2496 304 2572 aperte
327 2509 348 2553 a
370 2491 488 2555 ceteris
519 2497 689 2573 separata,
717 2512 798 2571 non,
826 2498 864 2555 ut
885 2491 955 2569 hic,
984 2490 1121 2573 reliquis
1147 2491 1352 2574 interposita

188 2596 324 2661 verbum
349 2598 458 2663 omitti
480 2605 607 2682 potest;
630 2622 657 2663 ι.
682 2599 708 2677 Ι,
733 2604 782 2677 59,
807 2604 836 2677 2,
860 2596 954 2680 al.]¹)
1192 2672 1194 2677 s

276 2703 353 2787 Cap.
379 2709 428 2785 28,
453 2711 471 2770 3
496 2728 513 2770 e
534 2707 560 2771 P
583 2706 806 2771 scribendum:
838 2708 930 2770 Haeo
959 2706 1005 2770 de
1034 2727 1074 2770 se
1102 2706 1233 2789 deque
1261 2728 1350 2790 pro-

189 2813 340 2889 vincia,
370 2816 432 2879 oui
461 2814 702 2898 prefuerat,
736 2816 893 2894 oonsul3
928 2822 1009 2878 tum
1040 2814 1086 2878 de
1115 2815 1351 2897 provinciis

219 3050 242 3117 ¹)
260 3050 301 3104 Ne
323 3051 393 3104 illud
417 3052 531 3120 quidem
555 3053 614 3106 sine
638 3054 798 3122 suspicione
821 3049 985 3121 legendum,
1009 3052 1085 3120 quod
1107 3052 1137 3104 in
1160 3048 1177 3119 ᾖ
1203 3053 1235 3105 12
1253 3052 1352 3106 scribi·

258 3144 317 3190 tur:
344 3136 422 3190 ideo
448 3156 483 3193 se
506 3139 686 3193 moenibus
710 3139 865 3192 inclusos
889 3145 1010 3192 tenere
1034 3154 1104 3204 eos,
1130 3137 1223 3204 quis,
1245 3140 1353 3208 siqui

258 3224 455 3277 evasissent
478 3223 608 3292 aliqua,
635 3226 733 3278 velut
757 3224 849 3279 feras
872 3225 1005 3278 bestias
1023 3240 1083 3292 per
1101 3240 1208 3292 agros
1226 3226 1353 3294 vagari

258 3311 324 3372 oet,
351 3307 464 3361 infinita
491 3311 633 3364 sententia
660 3311 787 3363 subiecta
812 3309 958 3379 particuloe
983 3309 1102 3376 causali,
1130 3309 1210 3364 cuius
1234 3312 1352 3378 generis

257 3392 364 3444 nullum
389 3394 489 3462 opinor
512 3399 616 3462 praeter
640 3395 693 3448 hoc
712 3395 787 3462 apud
806 3396 897 3448 bonos
918 3395 1071 3465 scriptores
1090 3395 1251 3463 exemplum
1273 3412 1352 3463 sss03

257 3476 327 3530 alius
353 3479 426 3530 enim
450 3480 561 3545 generis
584 3485 625 3533 est
648 3478 759 3533 infinita
781 3479 871 3533 forma
892 3485 1003 3535 retenta
1027 3480 1056 3533 in
1080 3480 1229 3534 sententiis
1248 3497 1354 3551 reapse

259 3578 293 3614 ex
312 3579 392 3630 aequo
411 3565 511 3632 positis
531 3564 824 3632 (quemadmodum
840 3593 875 3602 -
889 3566 952 3631 ite;
971 3567 998 3618 si
1017 3582 1086 3619 non
1100 3592 1141 3624 -,
1160 3570 1196 3619 at
1214 3566 1352 3635 tumen),

258 3647 349 3714 ipsum
366 3648 451 3701 etiam
466 3648 537 3702 illud
548 3648 604 3717 (IV,
619 3651 660 3715 61,
671 3650 711 3717 4):
727 3667 830 3718 quum
845 3651 983 3704 interim
994 3650 1057 3717 (hoc
1072 3656 1126 3704 est:
1145 3652 1353 3724 etinterim)

258 3759 292 3768 —
310 3733 477 3785 exerceri.
520 3734 641 3801 Vereor,
668 3752 703 3788 ns
726 3736 804 3804 quia
828 3735 920 3788 aliena
944 3753 1044 3789 manus
1067 3733 1209 3789 addiderit
1230 3743 1355 3808 propter

258 3816 349 3883 ideo,
374 3818 450 3886 quod
469 3818 504 3871 ad
523 3820 670 3888 superiora
689 3826 754 3889 apte
772 3818 871 3874 referri
889 3825 997 3890 potest,
1021 3820 1191 3888 aLivioque
1210 3822 1353 3892 scriptum

256 3902 351 3955 fuerit:
384 3903 463 3957 ideo
487 3921 520 3957 se
544 3922 580 3956 m.
605 3906 742 3958 inoluos
766 3910 884 3960 tenere
909 3923 981 3971 eos;
1013 3906 1043 3958 si
1070 3905 1126 3974 qui
1151 3907 1356 3965 evasissent

259 3988 383 4055 aliqua,
406 4017 441 4026 -
465 3990 586 4058 vagari
613 3997 665 4044 cet.
702 3991 808 4045 Saltem
836 3991 992 4044 notandum
1019 3991 1113 4046 locum
1140 3992 1248 4060 putavi
1297 3993 1355 4064 [Ne

258 4073 391 4128 Senecam
410 4075 522 4142 quidem
541 4075 592 4143 Ep.
612 4078 654 4142 97,
675 4078 706 4128 15
725 4076 882 4144 scripsisse:
907 4077 988 4143 quia
1010 4075 1126 4130 vetari
1148 4082 1262 4131 metus
1282 4097 1353 4135 non

257 4174 363 4225 posse
388 4161 513 4215 ostendit
535 4166 658 4225 metus,
686 4178 776 4228 neque
803 4161 878 4214 enim
900 4160 1017 4230 pluralis
1039 4161 1149 4214 numeri
1167 4165 1354 4218 accusativus

256 4242 296 4296 ibi
322 4242 388 4294 ferri
416 4252 523 4314 pot-est;
551 4246 665 4314 scripsit
688 4246 807 4314 possit
853 4245 1033 4314 Relinquitur
1061 4262 1134 4298 unus
1162 4240 1239 4314 u'pud
1264 4248 1351 4304 Colu-

256 4327 368 4380 mellam
386 4328 466 4383 locus
484 4330 504 4394 Ι,
524 4333 548 4396 3,
566 4334 595 4384 9:
615 4332 776 4399 quoniam
794 4359 828 4368 —
847 4330 958 4384 adlidi
976 4327 1174 4400 dominum]
