2994 5108
677 478 735 540 681
1103 490 1166 547 Lib.
1186 491 1285 547 XLIV.

135 679 163 724 e.
185 663 236 740 46,
259 661 360 726 etiam
381 663 517 746 propius
540 663 709 730 adseram
729 664 925 730 sententiam
944 664 1042 748 paulo
1061 672 1139 748 post
1157 684 1284 730 aecem-

117 755 358 850 ⁴medebimus;
381 790 467 835 nune
488 771 629 854 primum
653 771 814 851 dieamus,
847 780 1039 856 comparata
1065 773 1190 839 veriore
1217 772 1286 854 illa,
1396 846 1405 871 X

135 898 218 961 quae,
231 878 265 942 in
288 897 315 942 c.
341 881 380 943 10
403 878 535 944 inventa
553 885 612 959 est,
637 879 809 963 scriptura,
832 881 866 949 in
889 901 937 961 eo,
960 901 1063 964 aquo
1081 881 1148 947 orsi
1164 901 1288 961 sumus,
1405 872 1411 889 Χ

134 984 209 1052 loeo
232 985 443 1052 scribendum
459 988 632 1071 perspicue
655 1008 742 1052 esse:
771 988 870 1055 dnos
893 990 1111 1070 examinis,
1133 988 1286 1055 Pellam

136 1093 330 1174 alterum,
375 1101 433 1174 ut,
478 1116 565 1179 quas
598 1097 641 1159 ad
682 1096 835 1159 liam
875 1099 1052 1181 pecunia
1090 1097 1287 1182 deposita

136 1210 239 1282 erat,
262 1202 380 1269 deinde
401 1202 554 1268 laennam
575 1201 763 1271 huiusmodi
781 1203 850 1270 fere
869 1206 1096 1288 supplemento
1120 1211 1286 1286 utcunque

136 1311 326 1394 tegendam:
350 1312 391 1377 in
413 1331 525 1376 mare
548 1312 790 1394 proiiceret,
820 1295 1163 1378 Thessalonicam
1186 1313 1286 1378 alte·

136 1440 239 1497 rum,
263 1419 333 1503 qui
355 1420 525 1485 navalia
545 1419 814 1499 incenderet,
847 1421 983 1501 misit;
1013 1421 1287 1505 Asclepiodo-

137 1534 224 1593 tum
245 1535 287 1594 et
314 1527 529 1613 Hippiam,
565 1529 721 1610 quique
750 1549 837 1595 eum
864 1530 918 1595 iis
941 1535 1079 1608 erant,
1110 1550 1158 1594 ex
1184 1548 1286 1612 pras-

138 1635 267 1702 sidiis
288 1644 463 1702 revocat
485 1643 548 1701 cet.
586 1635 687 1701 Phaci
709 1658 829 1702 nomen
852 1637 905 1702 hie
926 1636 1040 1717 latere,
1064 1638 1164 1702 etiam
1183 1635 1287 1702 Weis-

139 1745 334 1811 senbornius
358 1746 544 1830 auspicatus
573 1751 662 1824 erat,
695 1743 834 1810 formam
862 1745 1037 1811 verborum
1065 1768 1130 1812 non
1151 1747 1286 1812 invenit.

138 1852 179 1918 In
199 1853 257 1918 illo
280 1859 406 1932 antem,
424 1874 520 1937 quem
541 1853 703 1936 tantisper
725 1853 849 1933 distuli,
870 1852 942 1919 loeo
966 1873 992 1918 c.
1015 1857 1067 1934 46,
1090 1860 1109 1920 5
1133 1854 1174 1920 de
1195 1853 1288 1936 Pella

138 1961 221 2028 urbe
244 1961 292 2026 sie
315 1960 486 2027 seribitnr:
521 1958 614 2027 Sita
647 1969 713 2027 est
744 1963 785 2026 in
817 1961 980 2027 tumulo
1013 1969 1215 2044 vergente
1247 1963 1288 2028 in

140 2069 404 2135 oecidentem
437 2069 674 2150 hibernnm;
708 2070 883 2152 cingunt
911 2069 1288 2161 paludes-inexsu-

139 2176 352 2262 perabilis
385 2177 635 2244 altitudinis
663 2184 811 2244 aestate
834 2184 874 2244 et
905 2177 1054 2258 hieme,
1085 2200 1186 2262 quas
1218 2181 1377 2252 reluat
1437 2234 1442 2243 .

140 2291 389 2369 stagnantes
421 2285 587 2352 faciunt
626 2286 763 2367 laens3
803 2287 845 2351 in
877 2287 973 2370 ipsa
1006 2285 1175 2370 palude,
1210 2307 1289 2370 qna

140 2393 330 2479 proxima
350 2393 441 2459 nrbi
464 2401 539 2473 est,
562 2394 670 2460 velut
692 2393 835 2460 insula
856 2395 1007 2460 eminet
1029 2395 1171 2478 agger-i
1194 2415 1288 2480 ope·

140 2503 200 2568 ris
222 2502 406 2585 ingentis
435 2502 646 2585 imposita,
669 2508 730 2567 eet.
777 2502 830 2570 Sic
852 2504 937 2568 enim
967 2503 1084 2582 edunt,
1113 2503 1177 2568 nisi
1199 2504 1288 2587 quod

140 2609 288 2694 qnidam,
311 2617 478 2693 praeeunte
495 2610 689 2691 Florebello,
706 2611 882 2677 ridiculum
897 2632 969 2677 esse
987 2611 1175 2690 sentientes,
1198 2611 1290 2676 illam

141 2717 258 2784 velut
279 2717 452 2783 insulam
474 2718 663 2801 impositam
686 2719 750 2785 diei
773 2705 902 2803 aggeri,
925 2726 1001 2802 post
1023 2720 1175 2800 eminet
1196 2719 1289 2785 addi·

141 2825 264 2892 derunt
285 2827 377 2892 arx.'
399 2824 463 2891 Sed
486 2826 624 2892 aliaest
646 2829 806 2911 pravitas;
829 2847 905 2892 nam
928 2828 1019 2892 lacus
1036 2832 1074 2891 ut
1091 2848 1156 2891 non
1174 2825 1289 2907 flnnnt,

140 2935 190 3000 ita
212 2955 253 2999 ne
274 2940 469 3016 restagnant
491 2934 623 3026 quidem
651 2954 711 3004 neo
738 2934 878 3017 paludes
900 2934 1041 3012 faciunt,
1075 2934 1132 3000 sed
1155 2933 1290 3001 flumina

142 3043 368 3124 restagnantis
389 3041 481 3106 laeus
504 3048 538 3107 et
560 3041 696 3126 paludes
719 3041 877 3108 efficiunt.
922 3041 959 3106 ln
983 3041 1096 3107 codiee
1119 3040 1289 3107 scribitur:

143 3170 243 3232 quas
266 3157 557 3234 restagnantes
588 3149 751 3215 iaciunt
778 3129 930 3234 padcus
957 3151 997 3214 in
1024 3150 1115 3234 ipsa
1143 3149 1289 3234 palude

143 3265 204 3324 eet.
229 3257 364 3342 (puncto
386 3259 593 3343 superposito
616 3259 722 3341 ipsum
744 3257 913 3322 librarium
941 3257 1087 3323 litteram
1116 3257 1290 3325 delendam

143 3365 340 3449 significare,
374 3374 474 3450 supra
507 3365 598 3447 dixi).
642 3365 819 3449 Perspiene
848 3367 968 3431 eminet
995 3366 1099 3450 ipsius
1121 3366 1208 3432 arcis
1230 3387 1291 3434 no·

141 3496 226 3541 men.
260 3473 378 3559 Itaque
402 3476 450 3540 sic
472 3474 680 3540 scribendum
702 3480 768 3539 est:
791 3495 893 3557 quas
914 3474 1289 3556 restagnantesfa·

143 3584 260 3649 cinnt
282 3601 416 3646 mes.
449 3582 515 3645 trs
532 3581 670 3645 rtem
686 3581 725 3646 in
742 3582 835 3665 ipsa
856 3580 1009 3664 palude
1025 3583 1138 3648 velut
1154 3581 1292 3648 insula

144 3692 312 3771 eminet,
347 3691 489 3773 aggeri
521 3726 563 3736 —
596 3691 810 3773 imposita.
855 3690 975 3754 Amnes
1008 3690 1089 3755 dicit
1110 3691 1229 3756 Axium
1256 3697 1291 3756 et

143 3799 300 3880 Lndiam3
322 3798 385 3863 vid.
410 3796 518 3863 Strab.
541 3797 602 3862 VH
623 3797 662 3862 fr.
686 3801 737 3877 20,
761 3801 810 3877 22,
834 3801 883 3862 23.
929 3797 1009 3863 Tres
1031 3798 1076 3877 hi,
1099 3819 1181 3882 quos
1201 3805 1290 3862 trae·

144 3908 223 3988 tavi,
244 3906 310 3973 loci
331 3904 468 3971 mirifice
491 3907 578 3971 inter
600 3927 635 3972 se
658 3904 862 3971 confirmant.

230 4012 310 4098 Cap.
334 4017 363 4094 6,
388 4018 406 4078 6
430 4013 621 4098 (postquam
644 4013 757 4078 Livius
785 4015 947 4092 narravit,
976 4013 1141 4079 Romanos
1169 4019 1291 4079 temere

143 4144 182 4189 eo
205 4143 411 4207 progressos,
444 4121 530 4187 unde
563 4121 700 4187 evadere
728 4121 793 4186 nisi
823 4142 883 4205 per
905 4121 989 4187 duos
1018 4120 1137 4200 saltus,
1172 4126 1292 4205 praeter

142 4230 241 4297 Dium
263 4237 298 4296 et
319 4252 379 4314 per
401 4230 537 4315 Tempe,
560 4251 624 4295 non
647 4236 798 4314 possent,
826 4250 898 4312 qnae
928 4235 1069 4314 utraque
1091 4229 1178 4313 regis
1201 4234 1292 4293 tene·

141 4338 458 4422 rentnrpraesidiis):
481 4339 627 4421 Itaque
645 4339 679 4404 si
697 4337 1027 4422 dux-intrepidus
1047 4337 1182 4402 decem
1203 4336 1292 4402 dies
