<?xml version="1.0" encoding="UTF-8"?>
<!DOCTYPE html PUBLIC "-//W3C//DTD XHTML 1.0 Transitional//EN"
    "http://www.w3.org/TR/xhtml1/DTD/xhtml1-transitional.dtd">
<html xmlns="http://www.w3.org/1999/xhtml" xml:lang="en" lang="en">
 <head>
  <title>
</title>
<meta http-equiv="Content-Type" content="text/html;charset=utf-8" />
  <meta name='ocr-system' content='tesseract 3.04.00' />
  <meta name='ocr-capabilities' content='ocr_page ocr_carea ocr_par ocr_line ocrx_word'/>
</head>
<body>
  <div class='ocr_page' id='page_1' title='image "./emendationesliv00madvgoog_0038.png"; bbox 0 0 2994 5108; ppageno 0'>
   <div class='ocr_carea' id='block_1_1' title="bbox 735 458 775 521">
    <p class='ocr_par' dir='ltr' id='par_1_1' title="bbox 735 458 775 521">
     <span class='ocr_line' id='line_1_1' title="bbox 735 458 775 521; baseline 0.025 -1"><span class='ocrx_word' id='word_1_1' title='bbox 735 458 775 521; x_wconf 72' lang='lat'><strong>25</strong></span> 
     </span>
    </p>
   </div>
   <div class='ocr_carea' id='block_1_2' title="bbox 168 641 1402 3216">
    <p class='ocr_par' dir='ltr' id='par_1_2' title="bbox 168 641 1402 3216">
     <span class='ocr_line' id='line_1_2' title="bbox 176 641 1332 727; baseline 0 -17"><span class='ocrx_word' id='word_1_2' title='bbox 176 643 285 725; x_wconf 89' lang='lat' dir='ltr'><strong>licet),</strong></span> <span class='ocrx_word' id='word_1_3' title='bbox 319 643 464 710; x_wconf 76' lang='lat' dir='ltr'>deterior</span> <span class='ocrx_word' id='word_1_4' title='bbox 499 649 551 709; x_wconf 92' lang='lat' dir='ltr'><strong>est</strong></span> <span class='ocrx_word' id='word_1_5' title='bbox 585 643 699 723; x_wconf 91' lang='lat' dir='ltr'><strong>turba,</strong></span> <span class='ocrx_word' id='word_1_6' title='bbox 733 643 896 709; x_wconf 91' lang='lat' dir='ltr'><strong>communi</strong></span> <span class='ocrx_word' id='word_1_7' title='bbox 926 642 1040 727; x_wconf 90' lang='lat' dir='ltr'><strong>aliqua</strong></span> <span class='ocrx_word' id='word_1_8' title='bbox 1066 641 1332 727; x_wconf 80' lang='lat' dir='ltr'><strong>interpolationis</strong></span> 
     </span>
     <span class='ocr_line' id='line_1_3' title="bbox 174 750 1333 837; baseline 0 -19"><span class='ocrx_word' id='word_1_9' title='bbox 174 753 252 820; x_wconf 79' lang='lat' dir='ltr'><strong>lube</strong></span> <span class='ocrx_word' id='word_1_10' title='bbox 279 752 355 837; x_wconf 90' lang='lat' dir='ltr'><strong>plus</strong></span> <span class='ocrx_word' id='word_1_11' title='bbox 382 753 529 818; x_wconf 86' lang='lat' dir='ltr'><strong>minusve</strong></span> <span class='ocrx_word' id='word_1_12' title='bbox 557 752 823 836; x_wconf 72' lang='lat' dir='ltr'>depravatorum.</span> <span class='ocrx_word' id='word_1_13' title='bbox 879 750 929 816; x_wconf 88' lang='lat' dir='ltr'><strong>De</strong></span> <span class='ocrx_word' id='word_1_14' title='bbox 953 751 1169 817; x_wconf 86' lang='lat' dir='ltr'><strong>Gronovianis</strong></span> <span class='ocrx_word' id='word_1_15' title='bbox 1199 750 1333 836; x_wconf 75' lang='lat' dir='ltr'><strong>(praeter</strong></span> 
     </span>
     <span class='ocr_line' id='line_1_4' title="bbox 174 859 1332 944; baseline -0.002 -16"><span class='ocrx_word' id='word_1_16' title='bbox 174 861 358 928; x_wconf 85' lang='lat' dir='ltr'><strong>Florentini</strong></span> <span class='ocrx_word' id='word_1_17' title='bbox 386 860 555 944; x_wconf 80' lang='lat' dir='ltr'><strong>excerpta)</strong></span> <span class='ocrx_word' id='word_1_18' title='bbox 583 859 718 927; x_wconf 86' lang='lat' dir='ltr'><strong>difficile</strong></span> <span class='ocrx_word' id='word_1_19' title='bbox 748 868 799 926; x_wconf 88' lang='lat' dir='ltr'><strong>est</strong></span> <span class='ocrx_word' id='word_1_20' title='bbox 820 860 994 940; x_wconf 91' lang='lat' dir='ltr'><strong>iudicium,</strong></span> <span class='ocrx_word' id='word_1_21' title='bbox 1027 880 1089 926; x_wconf 89' lang='lat' dir='ltr'><strong>nec</strong></span> <span class='ocrx_word' id='word_1_22' title='bbox 1111 867 1222 926; x_wconf 90' lang='lat' dir='ltr'><strong>tamen</strong></span> <span class='ocrx_word' id='word_1_23' title='bbox 1243 859 1332 927; x_wconf 89' lang='lat' dir='ltr'><strong>ullus</strong></span> 
     </span>
     <span class='ocr_line' id='line_1_5' title="bbox 174 968 1332 1054; baseline -0.001 -19"><span class='ocrx_word' id='word_1_24' title='bbox 174 971 270 1038; x_wconf 85' lang='lat' dir='ltr'><strong>valde</strong></span> <span class='ocrx_word' id='word_1_25' title='bbox 300 968 494 1037; x_wconf 79' lang='lat' dir='ltr'><strong>excelluisse</strong></span> <span class='ocrx_word' id='word_1_26' title='bbox 515 968 661 1051; x_wconf 80' lang='lat' dir='ltr'><strong>videtur3</strong></span> <span class='ocrx_word' id='word_1_27' title='bbox 695 989 823 1048; x_wconf 87' lang='lat' dir='ltr'><strong>eorum,</strong></span> <span class='ocrx_word' id='word_1_28' title='bbox 857 969 915 1054; x_wconf 91' lang='lat' dir='ltr'><strong>qui</strong></span> <span class='ocrx_word' id='word_1_29' title='bbox 941 989 963 1033; x_wconf 93' lang='lat' dir='ltr'><strong>a</strong></span> <span class='ocrx_word' id='word_1_30' title='bbox 992 969 1111 1035; x_wconf 89' lang='lat' dir='ltr'><strong>ceteris</strong></span> <span class='ocrx_word' id='word_1_31' title='bbox 1139 990 1332 1035; x_wconf 91' lang='lat' dir='ltr'><strong>commemo·</strong></span> 
     </span>
     <span class='ocr_line' id='line_1_6' title="bbox 174 1076 1331 1162; baseline -0.004 -15"><span class='ocrx_word' id='word_1_32' title='bbox 174 1087 307 1158; x_wconf 88' lang='lat' dir='ltr'><strong>rantur,</strong></span> <span class='ocrx_word' id='word_1_33' title='bbox 340 1100 381 1145; x_wconf 83' lang='lat' dir='ltr'><strong>ex</strong></span> <span class='ocrx_word' id='word_1_34' title='bbox 413 1078 616 1161; x_wconf 88' lang='lat' dir='ltr'><strong>reliquorum</strong></span> <span class='ocrx_word' id='word_1_35' title='bbox 644 1077 745 1144; x_wconf 92' lang='lat' dir='ltr'><strong>turba</strong></span> <span class='ocrx_word' id='word_1_36' title='bbox 771 1085 908 1162; x_wconf 89' lang='lat' dir='ltr'><strong>propter</strong></span> <span class='ocrx_word' id='word_1_37' title='bbox 936 1076 1136 1161; x_wconf 81' lang='lat' dir='ltr'><strong>singularem</strong></span> <span class='ocrx_word' id='word_1_38' title='bbox 1165 1077 1331 1161; x_wconf 91' lang='lat' dir='ltr'><strong>quandam</strong></span> 
     </span>
     <span class='ocr_line' id='line_1_7' title="bbox 175 1184 1330 1271; baseline -0.005 -16"><span class='ocrx_word' id='word_1_39' title='bbox 175 1188 404 1271; x_wconf 77' lang='lat' dir='ltr'><strong>cognationem</strong></span> <span class='ocrx_word' id='word_1_40' title='bbox 434 1185 626 1252; x_wconf 86' lang='lat' dir='ltr'><strong>eximendus</strong></span> <span class='ocrx_word' id='word_1_41' title='bbox 654 1192 706 1252; x_wconf 90' lang='lat' dir='ltr'><strong>est</strong></span> <span class='ocrx_word' id='word_1_42' title='bbox 734 1187 778 1265; x_wconf 90' lang='lat' dir='ltr'><strong>is,</strong></span> <span class='ocrx_word' id='word_1_43' title='bbox 813 1208 879 1270; x_wconf 93' lang='lat' dir='ltr'><strong>quo</strong></span> <span class='ocrx_word' id='word_1_44' title='bbox 908 1185 952 1251; x_wconf 84' lang='lat' dir='ltr'><strong>M.</strong></span> <span class='ocrx_word' id='word_1_45' title='bbox 976 1184 1136 1252; x_wconf 83' lang='lat' dir='ltr'><strong>Kloclrius</strong></span> <span class='ocrx_word' id='word_1_46' title='bbox 1165 1184 1209 1267; x_wconf 90' lang='lat' dir='ltr'><strong>(a.</strong></span> <span class='ocrx_word' id='word_1_47' title='bbox 1235 1184 1330 1268; x_wconf 81' lang='lat'>1586)</span> 
     </span>
     <span class='ocr_line' id='line_1_8' title="bbox 175 1293 1385 1379; baseline -0.003 -17"><span class='ocrx_word' id='word_1_48' title='bbox 175 1318 256 1364; x_wconf 88' lang='lat' dir='ltr'><strong>usus</strong></span> <span class='ocrx_word' id='word_1_49' title='bbox 279 1303 339 1375; x_wconf 91' lang='lat' dir='ltr'><strong>est,</strong></span> <span class='ocrx_word' id='word_1_50' title='bbox 361 1302 433 1362; x_wconf 91' lang='lat' dir='ltr'><strong>tum</strong></span> <span class='ocrx_word' id='word_1_51' title='bbox 455 1302 533 1374; x_wconf 90' lang='lat' dir='ltr'><strong>tres,</strong></span> <span class='ocrx_word' id='word_1_52' title='bbox 556 1316 696 1379; x_wconf 89' lang='lat' dir='ltr'><strong>qnorum</strong></span> <span class='ocrx_word' id='word_1_53' title='bbox 713 1315 820 1375; x_wconf 84' lang='lat' dir='ltr'><strong>nuper</strong></span> <span class='ocrx_word' id='word_1_54' title='bbox 836 1294 981 1377; x_wconf 86' lang='lat' dir='ltr'><strong>aliquam</strong></span> <span class='ocrx_word' id='word_1_55' title='bbox 999 1295 1151 1359; x_wconf 86' lang='lat' dir='ltr'><strong>notitiam</strong></span> <span class='ocrx_word' id='word_1_56' title='bbox 1169 1293 1212 1359; x_wconf 85' lang='lat' dir='ltr'><strong>ab</strong></span> <span class='ocrx_word' id='word_1_57' title='bbox 1229 1293 1331 1359; x_wconf 87' lang='lat' dir='ltr'><strong>Heer-</strong></span> <span class='ocrx_word' id='word_1_58' title='bbox 1382 1309 1385 1315; x_wconf 86' lang='grc'><strong><em>’</em></strong></span> 
     </span>
     <span class='ocr_line' id='line_1_9' title="bbox 175 1401 1331 1488; baseline -0.001 -19"><span class='ocrx_word' id='word_1_59' title='bbox 175 1405 320 1488; x_wconf 83' lang='lat' dir='ltr'><strong>wagenio</strong></span> <span class='ocrx_word' id='word_1_60' title='bbox 343 1409 378 1470; x_wconf 88' lang='lat' dir='ltr'><strong>et</strong></span> <span class='ocrx_word' id='word_1_61' title='bbox 398 1402 533 1469; x_wconf 80' lang='lat' dir='ltr'><strong>Hertaio</strong></span> <span class='ocrx_word' id='word_1_62' title='bbox 556 1402 789 1487; x_wconf 84' lang='lat' dir='ltr'><strong>accepimus.¹)</strong></span> <span class='ocrx_word' id='word_1_63' title='bbox 827 1403 875 1467; x_wconf 85' lang='lat' dir='ltr'><strong>Ac</strong></span> <span class='ocrx_word' id='word_1_64' title='bbox 897 1403 994 1486; x_wconf 91' lang='lat' dir='ltr'><strong>primi</strong></span> <span class='ocrx_word' id='word_1_65' title='bbox 1018 1403 1150 1485; x_wconf 90' lang='lat' dir='ltr'><strong>quidem</strong></span> <span class='ocrx_word' id='word_1_66' title='bbox 1172 1401 1331 1468; x_wconf 90' lang='lat' dir='ltr'><strong>bonitatis</strong></span> 
     </span>
     <span class='ocr_line' id='line_1_10' title="bbox 174 1510 1332 1595; baseline -0.003 -17"><span class='ocrx_word' id='word_1_67' title='bbox 174 1518 210 1578; x_wconf 91' lang='lat' dir='ltr'><strong>et</strong></span> <span class='ocrx_word' id='word_1_68' title='bbox 236 1511 437 1595; x_wconf 80' lang='lat' dir='ltr'><strong>integritatis</strong></span> <span class='ocrx_word' id='word_1_69' title='bbox 466 1511 616 1578; x_wconf 89' lang='lat' dir='ltr'><strong>codicum</strong></span> <span class='ocrx_word' id='word_1_70' title='bbox 644 1511 768 1594; x_wconf 75' lang='lat' dir='ltr'><strong>gradum</strong></span> <span class='ocrx_word' id='word_1_71' title='bbox 796 1511 853 1593; x_wconf 94' lang='lat' dir='ltr'><strong>qui</strong></span> <span class='ocrx_word' id='word_1_72' title='bbox 881 1511 959 1589; x_wconf 88' lang='lat' dir='ltr'><strong>sint,</strong></span> <span class='ocrx_word' id='word_1_73' title='bbox 993 1510 1082 1594; x_wconf 91' lang='lat' dir='ltr'><strong>quod</strong></span> <span class='ocrx_word' id='word_1_74' title='bbox 1105 1510 1147 1575; x_wconf 85' lang='lat' dir='ltr'><strong>sd</strong></span> <span class='ocrx_word' id='word_1_75' title='bbox 1170 1530 1332 1575; x_wconf 88' lang='lat' dir='ltr'><strong>summam</strong></span> 
     </span>
     <span class='ocr_line' id='line_1_11' title="bbox 174 1617 1330 1703; baseline -0.002 -18"><span class='ocrx_word' id='word_1_76' title='bbox 174 1641 245 1686; x_wconf 89' lang='lat' dir='ltr'><strong>rem</strong></span> <span class='ocrx_word' id='word_1_77' title='bbox 266 1620 395 1700; x_wconf 82' lang='lat' dir='ltr'><strong>attinet,</strong></span> <span class='ocrx_word' id='word_1_78' title='bbox 416 1620 486 1685; x_wconf 82' lang='lat' dir='ltr'><strong>iere</strong></span> <span class='ocrx_word' id='word_1_79' title='bbox 508 1642 574 1687; x_wconf 91' lang='lat' dir='ltr'><strong>uno</strong></span> <span class='ocrx_word' id='word_1_80' title='bbox 597 1619 746 1703; x_wconf 81' lang='lat' dir='ltr'><strong>exemplo</strong></span> <span class='ocrx_word' id='word_1_81' title='bbox 768 1617 860 1685; x_wconf 87' lang='lat' dir='ltr'><strong>facili</strong></span> <span class='ocrx_word' id='word_1_82' title='bbox 880 1640 1048 1703; x_wconf 81' lang='lat' dir='ltr'><strong>parvoque</strong></span> <span class='ocrx_word' id='word_1_83' title='bbox 1070 1617 1214 1684; x_wconf 88' lang='lat' dir='ltr'><strong>breviter</strong></span> <span class='ocrx_word' id='word_1_84' title='bbox 1231 1619 1330 1703; x_wconf 87' lang='lat' dir='ltr'><strong>signi-</strong></span> 
     </span>
     <span class='ocr_line' id='line_1_12' title="bbox 173 1725 1330 1813; baseline -0.002 -19"><span class='ocrx_word' id='word_1_85' title='bbox 173 1729 267 1794; x_wconf 84' lang='lat' dir='ltr'><strong>ficari</strong></span> <span class='ocrx_word' id='word_1_86' title='bbox 293 1734 419 1813; x_wconf 90' lang='lat' dir='ltr'><strong>potest,</strong></span> <span class='ocrx_word' id='word_1_87' title='bbox 448 1728 538 1812; x_wconf 92' lang='lat' dir='ltr'><strong>quod</strong></span> <span class='ocrx_word' id='word_1_88' title='bbox 565 1751 606 1794; x_wconf 89' lang='lat' dir='ltr'><strong>ex</strong></span> <span class='ocrx_word' id='word_1_89' title='bbox 633 1727 786 1807; x_wconf 77' lang='lat' dir='ltr'><strong>librali,</strong></span> <span class='ocrx_word' id='word_1_90' title='bbox 817 1731 870 1806; x_wconf 83' lang='lat'><strong>19,</strong></span> <span class='ocrx_word' id='word_1_91' title='bbox 901 1732 919 1791; x_wconf 87' lang='grc'><strong>7</strong></span> <span class='ocrx_word' id='word_1_92' title='bbox 944 1726 1121 1809; x_wconf 77' lang='lat' dir='ltr'><strong>sumam.²)</strong></span> <span class='ocrx_word' id='word_1_93' title='bbox 1176 1725 1261 1792; x_wconf 90' lang='lat' dir='ltr'><strong>Nam</strong></span> <span class='ocrx_word' id='word_1_94' title='bbox 1283 1727 1330 1792; x_wconf 91' lang='lat' dir='ltr'><strong>ibi</strong></span> 
     </span>
     <span class='ocr_line' id='line_1_13' title="bbox 173 1835 1331 1919; baseline -0.002 -17"><span class='ocrx_word' id='word_1_95' title='bbox 173 1836 209 1903; x_wconf 86' lang='lat' dir='ltr'><strong>ld</strong></span> <span class='ocrx_word' id='word_1_96' title='bbox 236 1837 261 1901; x_wconf 91' lang='grc' dir='ltr'><em>Ρ</em></span> <span class='ocrx_word' id='word_1_97' title='bbox 290 1836 364 1918; x_wconf 90' lang='lat' dir='ltr'><strong>(nec</strong></span> <span class='ocrx_word' id='word_1_98' title='bbox 396 1837 545 1902; x_wconf 89' lang='lat' dir='ltr'><strong>dubitari</strong></span> <span class='ocrx_word' id='word_1_99' title='bbox 578 1836 620 1904; x_wconf 88' lang='lat' dir='ltr'><strong>de</strong></span> <span class='ocrx_word' id='word_1_100' title='bbox 649 1837 679 1901; x_wconf 88' lang='lat' dir='ltr'>R</span> <span class='ocrx_word' id='word_1_101' title='bbox 707 1835 819 1918; x_wconf 88' lang='lat' dir='ltr'><strong>debet)</strong></span> <span class='ocrx_word' id='word_1_102' title='bbox 847 1837 954 1919; x_wconf 87' lang='lat' dir='ltr'><strong>ipsam</strong></span> <span class='ocrx_word' id='word_1_103' title='bbox 991 1855 1101 1899; x_wconf 84' lang='lat' dir='ltr'><strong>veram</strong></span> <span class='ocrx_word' id='word_1_104' title='bbox 1131 1835 1331 1918; x_wconf 84' lang='lat' dir='ltr'><strong>scripturam</strong></span> 
     </span>
     <span class='ocr_line' id='line_1_14' title="bbox 172 1935 1330 2026; baseline -0.003 -15"><span class='ocrx_word' id='word_1_105' title='bbox 172 1952 306 2011; x_wconf 83' lang='lat' dir='ltr'><strong>servant</strong></span> <span class='ocrx_word' id='word_1_106' title='bbox 333 1944 467 2026; x_wconf 87' lang='lat' dir='ltr'><strong>(duis),</strong></span> <span class='ocrx_word' id='word_1_107' title='bbox 500 1945 545 2010; x_wconf 90' lang='lat' dir='ltr'><strong>Ll</strong></span> <span class='ocrx_word' id='word_1_108' title='bbox 583 1952 618 2010; x_wconf 90' lang='lat' dir='ltr'><strong>et</strong></span> <span class='ocrx_word' id='word_1_109' title='bbox 644 1943 695 2009; x_wconf 90' lang='lat' dir='ltr'><strong>Hl</strong></span> <span class='ocrx_word' id='word_1_110' title='bbox 731 1942 846 2010; x_wconf 81' lang='lat' dir='ltr'><strong>leviter</strong></span> <span class='ocrx_word' id='word_1_111' title='bbox 873 1942 1053 2009; x_wconf 87' lang='lat' dir='ltr'><strong>deflectunt</strong></span> <span class='ocrx_word' id='word_1_112' title='bbox 1081 1935 1194 2025; x_wconf 83' lang='lat' dir='ltr'><strong>(des),</strong></span> <span class='ocrx_word' id='word_1_113' title='bbox 1228 1943 1330 2026; x_wconf 87' lang='lat' dir='ltr'><strong>ceteri</strong></span> 
     </span>
     <span class='ocr_line' id='line_1_15' title="bbox 171 2049 1333 2138; baseline -0.002 -21"><span class='ocrx_word' id='word_1_114' title='bbox 171 2052 303 2137; x_wconf 91' lang='lat' dir='ltr'><strong>longius</strong></span> <span class='ocrx_word' id='word_1_115' title='bbox 326 2052 451 2119; x_wconf 89' lang='lat' dir='ltr'><strong>abeunt</strong></span> <span class='ocrx_word' id='word_1_116' title='bbox 476 2052 679 2135; x_wconf 84' lang='lat' dir='ltr'><strong>(dederis),</strong></span> <span class='ocrx_word' id='word_1_117' title='bbox 711 2053 775 2118; x_wconf 90' lang='lat' dir='ltr'><strong>nisi</strong></span> <span class='ocrx_word' id='word_1_118' title='bbox 799 2052 887 2138; x_wconf 91' lang='lat' dir='ltr'><strong>quod</strong></span> <span class='ocrx_word' id='word_1_119' title='bbox 904 2052 998 2116; x_wconf 89' lang='lat' dir='ltr'><strong>Voss.</strong></span> <span class='ocrx_word' id='word_1_120' title='bbox 1019 2051 1152 2130; x_wconf 67' lang='lat' dir='ltr'><strong>tidem,</strong></span> <span class='ocrx_word' id='word_1_121' title='bbox 1175 2049 1264 2135; x_wconf 93' lang='lat' dir='ltr'><strong>quod</strong></span> <span class='ocrx_word' id='word_1_122' title='bbox 1282 2050 1333 2123; x_wconf 60' lang='lat' dir='ltr'><strong>Ll,</strong></span> 
     </span>
     <span class='ocr_line' id='line_1_16' title="bbox 172 2158 1329 2245; baseline -0.002 -19"><span class='ocrx_word' id='word_1_123' title='bbox 172 2160 236 2240; x_wconf 86' lang='lat' dir='ltr'><strong>HI,</strong></span> <span class='ocrx_word' id='word_1_124' title='bbox 258 2161 370 2241; x_wconf 75' lang='lat' dir='ltr'><strong>habet,</strong></span> <span class='ocrx_word' id='word_1_125' title='bbox 394 2161 470 2226; x_wconf 85' lang='lat' dir='ltr'><strong>ch.</strong></span> <span class='ocrx_word' id='word_1_126' title='bbox 495 2167 516 2225; x_wconf 82' lang='grc'>4</span> <span class='ocrx_word' id='word_1_127' title='bbox 537 2181 640 2245; x_wconf 90' lang='lat' dir='ltr'><strong>prope</strong></span> <span class='ocrx_word' id='word_1_128' title='bbox 663 2161 792 2227; x_wconf 87' lang='lat' dir='ltr'><strong>accedit</strong></span> <span class='ocrx_word' id='word_1_129' title='bbox 814 2159 923 2242; x_wconf 82' lang='lat' dir='ltr'><strong>(das).</strong></span> <span class='ocrx_word' id='word_1_130' title='bbox 959 2158 1023 2225; x_wconf 84' lang='lat' dir='ltr'><strong>Sed</strong></span> <span class='ocrx_word' id='word_1_131' title='bbox 1047 2166 1081 2225; x_wconf 90' lang='lat' dir='ltr'><strong>et</strong></span> <span class='ocrx_word' id='word_1_132' title='bbox 1102 2158 1128 2222; x_wconf 94' lang='lat' dir='ltr'>P</span> <span class='ocrx_word' id='word_1_133' title='bbox 1151 2158 1194 2224; x_wconf 91' lang='lat' dir='ltr'><strong>ab</strong></span> <span class='ocrx_word' id='word_1_134' title='bbox 1215 2159 1250 2224; x_wconf 88' lang='lat' dir='ltr'>M</span> <span class='ocrx_word' id='word_1_135' title='bbox 1273 2158 1329 2240; x_wconf 81' lang='lat' dir='ltr'><strong>(R)</strong></span> 
     </span>
     <span class='ocr_line' id='line_1_17' title="bbox 173 2267 1299 2353; baseline -0.003 -17"><span class='ocrx_word' id='word_1_136' title='bbox 173 2269 396 2353; x_wconf 84' lang='lat' dir='ltr'><strong>seiungendus</strong></span> <span class='ocrx_word' id='word_1_137' title='bbox 418 2276 470 2336; x_wconf 92' lang='lat' dir='ltr'><strong>est</strong></span> <span class='ocrx_word' id='word_1_138' title='bbox 492 2277 526 2335; x_wconf 91' lang='lat' dir='ltr'><strong>at</strong></span> <span class='ocrx_word' id='word_1_139' title='bbox 547 2269 589 2335; x_wconf 92' lang='lat' dir='ltr'><strong>ab</strong></span> <span class='ocrx_word' id='word_1_140' title='bbox 611 2268 657 2334; x_wconf 88' lang='lat' dir='ltr'><strong>Ll</strong></span> <span class='ocrx_word' id='word_1_141' title='bbox 682 2268 731 2333; x_wconf 90' lang='lat' dir='ltr'><strong>Hl</strong></span> <span class='ocrx_word' id='word_1_142' title='bbox 757 2268 937 2335; x_wconf 88' lang='lat' dir='ltr'><strong>deteriores</strong></span> <span class='ocrx_word' id='word_1_143' title='bbox 960 2269 1089 2351; x_wconf 84' lang='lat' dir='ltr'><strong>longius</strong></span> <span class='ocrx_word' id='word_1_144' title='bbox 1113 2267 1299 2351; x_wconf 87' lang='lat' dir='ltr'><strong>separandi.</strong></span> 
     </span>
     <span class='ocr_line' id='line_1_18' title="bbox 260 2375 1332 2461; baseline 0 -19"><span class='ocrx_word' id='word_1_145' title='bbox 260 2376 412 2443; x_wconf 73' lang='lat' dir='ltr'><strong>codicem</strong></span> <span class='ocrx_word' id='word_1_146' title='bbox 440 2375 474 2441; x_wconf 87' lang='lat' dir='ltr'><strong>M</strong></span> <span class='ocrx_word' id='word_1_147' title='bbox 504 2398 578 2442; x_wconf 92' lang='lat' dir='ltr'><strong>oum</strong></span> <span class='ocrx_word' id='word_1_148' title='bbox 606 2377 636 2441; x_wconf 88' lang='lat' dir='ltr'>R</span> <span class='ocrx_word' id='word_1_149' title='bbox 664 2397 767 2461; x_wconf 89' lang='lat' dir='ltr'><strong>prope</strong></span> <span class='ocrx_word' id='word_1_150' title='bbox 795 2377 924 2459; x_wconf 84' lang='lat' dir='ltr'><strong>gemino</strong></span> <span class='ocrx_word' id='word_1_151' title='bbox 953 2376 987 2440; x_wconf 93' lang='lat' dir='ltr'><strong>in</strong></span> <span class='ocrx_word' id='word_1_152' title='bbox 1018 2397 1079 2441; x_wconf 92' lang='lat' dir='ltr'><strong>sua</strong></span> <span class='ocrx_word' id='word_1_153' title='bbox 1107 2395 1146 2439; x_wconf 90' lang='lat' dir='ltr'><strong>ac</strong></span> <span class='ocrx_word' id='word_1_154' title='bbox 1174 2382 1332 2459; x_wconf 87' lang='lat' dir='ltr'><strong>separata</strong></span> 
     </span>
     <span class='ocr_line' id='line_1_19' title="bbox 172 2483 1329 2570; baseline -0.003 -19"><span class='ocrx_word' id='word_1_155' title='bbox 172 2485 344 2570; x_wconf 80' lang='lat' dir='ltr'><strong>archetypi</strong></span> <span class='ocrx_word' id='word_1_156' title='bbox 367 2486 470 2569; x_wconf 88' lang='lat' dir='ltr'><strong>stirpe</strong></span> <span class='ocrx_word' id='word_1_157' title='bbox 491 2484 660 2569; x_wconf 91' lang='lat' dir='ltr'><strong>ponendos</strong></span> <span class='ocrx_word' id='word_1_158' title='bbox 683 2506 770 2564; x_wconf 91' lang='lat' dir='ltr'><strong>esse,</strong></span> <span class='ocrx_word' id='word_1_159' title='bbox 804 2505 878 2569; x_wconf 86' lang='lat' dir='ltr'><strong>quas</strong></span> <span class='ocrx_word' id='word_1_160' title='bbox 900 2506 1008 2569; x_wconf 90' lang='lat' dir='ltr'><strong>neque</strong></span> <span class='ocrx_word' id='word_1_161' title='bbox 1031 2506 1071 2549; x_wconf 83' lang='lat' dir='ltr'><strong>ex</strong></span> <span class='ocrx_word' id='word_1_162' title='bbox 1094 2484 1212 2549; x_wconf 89' lang='lat' dir='ltr'><strong>ceteris</strong></span> <span class='ocrx_word' id='word_1_163' title='bbox 1235 2483 1329 2568; x_wconf 89' lang='lat' dir='ltr'><strong>quid-</strong></span> 
     </span>
     <span class='ocr_line' id='line_1_20' title="bbox 172 2592 1402 2678; baseline -0.002 -19"><span class='ocrx_word' id='word_1_164' title='bbox 172 2614 273 2678; x_wconf 88' lang='lat' dir='ltr'><strong>qusm</strong></span> <span class='ocrx_word' id='word_1_165' title='bbox 294 2593 435 2659; x_wconf 83' lang='lat' dir='ltr'><strong>traxerit</strong></span> <span class='ocrx_word' id='word_1_166' title='bbox 456 2613 564 2676; x_wconf 91' lang='lat' dir='ltr'><strong>neque</strong></span> <span class='ocrx_word' id='word_1_167' title='bbox 586 2592 768 2677; x_wconf 89' lang='lat' dir='ltr'><strong>quidquam</strong></span> <span class='ocrx_word' id='word_1_168' title='bbox 790 2593 833 2658; x_wconf 92' lang='lat' dir='ltr'><strong>ad</strong></span> <span class='ocrx_word' id='word_1_169' title='bbox 856 2614 912 2658; x_wconf 86' lang='lat' dir='ltr'><strong>eos</strong></span> <span class='ocrx_word' id='word_1_170' title='bbox 932 2593 1164 2672; x_wconf 89' lang='lat' dir='ltr'><strong>transmiserit,</strong></span> <span class='ocrx_word' id='word_1_171' title='bbox 1187 2593 1332 2659; x_wconf 87' lang='lat' dir='ltr'><strong>ostendit</strong></span> <span class='ocrx_word' id='word_1_172' title='bbox 1398 2647 1402 2657; x_wconf 88' lang='lat'><em>.</em></span> 
     </span>
     <span class='ocr_line' id='line_1_21' title="bbox 171 2700 1330 2786; baseline 0 -19"><span class='ocrx_word' id='word_1_173' title='bbox 171 2701 291 2771; x_wconf 84' lang='lat' dir='ltr'><strong>horum</strong></span> <span class='ocrx_word' id='word_1_174' title='bbox 324 2700 463 2767; x_wconf 92' lang='lat' dir='ltr'><strong>duorum</strong></span> <span class='ocrx_word' id='word_1_175' title='bbox 497 2701 648 2768; x_wconf 90' lang='lat' dir='ltr'><strong>codicum</strong></span> <span class='ocrx_word' id='word_1_176' title='bbox 679 2702 714 2765; x_wconf 94' lang='lat' dir='ltr'><strong>in</strong></span> <span class='ocrx_word' id='word_1_177' title='bbox 747 2700 936 2786; x_wconf 87' lang='lat' dir='ltr'><strong>duplicibus</strong></span> <span class='ocrx_word' id='word_1_178' title='bbox 970 2701 1143 2785; x_wconf 86' lang='lat' dir='ltr'><strong>scripturis</strong></span> <span class='ocrx_word' id='word_1_179' title='bbox 1172 2721 1190 2766; x_wconf 90' lang='lat' dir='ltr'><strong>e</strong></span> <span class='ocrx_word' id='word_1_180' title='bbox 1218 2700 1330 2767; x_wconf 91' lang='lat' dir='ltr'><strong>codice</strong></span> 
     </span>
     <span class='ocr_line' id='line_1_22' title="bbox 171 2808 1330 2894; baseline -0.002 -18"><span class='ocrx_word' id='word_1_181' title='bbox 171 2808 352 2894; x_wconf 77' lang='lat' dir='ltr'><strong>archetypo</strong></span> <span class='ocrx_word' id='word_1_182' title='bbox 391 2808 613 2894; x_wconf 83' lang='lat' dir='ltr'><strong>propagandis</strong></span> <span class='ocrx_word' id='word_1_183' title='bbox 652 2809 839 2875; x_wconf 91' lang='lat' dir='ltr'><strong>coniunctio</strong></span> <span class='ocrx_word' id='word_1_184' title='bbox 879 2815 913 2874; x_wconf 90' lang='lat' dir='ltr'><strong>et</strong></span> <span class='ocrx_word' id='word_1_185' title='bbox 946 2830 966 2874; x_wconf 90' lang='lat' dir='ltr'><strong>a</strong></span> <span class='ocrx_word' id='word_1_186' title='bbox 1000 2808 1120 2873; x_wconf 88' lang='lat' dir='ltr'><strong>ceteris</strong></span> <span class='ocrx_word' id='word_1_187' title='bbox 1160 2808 1330 2888; x_wconf 90' lang='lat' dir='ltr'><strong>seiunctio,</strong></span> 
     </span>
     <span class='ocr_line' id='line_1_23' title="bbox 170 2916 1329 2998; baseline -0.002 -14"><span class='ocrx_word' id='word_1_188' title='bbox 170 2917 316 2984; x_wconf 84' lang='lat' dir='ltr'><strong>ostendit</strong></span> <span class='ocrx_word' id='word_1_189' title='bbox 339 2939 466 2982; x_wconf 90' lang='lat' dir='ltr'><strong>summa</strong></span> <span class='ocrx_word' id='word_1_190' title='bbox 489 2917 672 2982; x_wconf 90' lang='lat' dir='ltr'><strong>communio</strong></span> <span class='ocrx_word' id='word_1_191' title='bbox 689 2916 939 2983; x_wconf 89' lang='lat' dir='ltr'><strong>adnotationum</strong></span> <span class='ocrx_word' id='word_1_192' title='bbox 956 2916 1186 2998; x_wconf 82' lang='lat' dir='ltr'><strong>marginalium</strong></span> <span class='ocrx_word' id='word_1_193' title='bbox 1203 2917 1238 2981; x_wconf 91' lang='lat' dir='ltr'><strong>in</strong></span> <span class='ocrx_word' id='word_1_194' title='bbox 1255 2938 1329 2982; x_wconf 87' lang='lat' dir='ltr'><strong>ora·</strong></span> 
     </span>
     <span class='ocr_line' id='line_1_24' title="bbox 168 3023 1329 3110; baseline -0.002 -18"><span class='ocrx_word' id='word_1_195' title='bbox 168 3025 295 3092; x_wconf 90' lang='lat' dir='ltr'><strong>tionem</strong></span> <span class='ocrx_word' id='word_1_196' title='bbox 309 3030 517 3110; x_wconf 84' lang='lat' dir='ltr'><strong>receptarum</strong></span> <span class='ocrx_word' id='word_1_197' title='bbox 528 3023 631 3106; x_wconf 90' lang='lat' dir='ltr'><strong>(velut</strong></span> <span class='ocrx_word' id='word_1_198' title='bbox 641 3024 676 3089; x_wconf 93' lang='lat' dir='ltr'><strong>in</strong></span> <span class='ocrx_word' id='word_1_199' title='bbox 686 3024 771 3090; x_wconf 91' lang='lat' dir='ltr'><strong>libro</strong></span> <span class='ocrx_word' id='word_1_200' title='bbox 783 3024 824 3106; x_wconf 90' lang='lat' dir='ltr'><strong>II,</strong></span> <span class='ocrx_word' id='word_1_201' title='bbox 837 3024 890 3106; x_wconf 89' lang='grc'><strong>36)</strong></span> <span class='ocrx_word' id='word_1_202' title='bbox 904 3024 1033 3089; x_wconf 90' lang='lat' dir='ltr'><strong>omissis</strong></span> <span class='ocrx_word' id='word_1_203' title='bbox 1045 3024 1095 3102; x_wconf 90' lang='lat' dir='ltr'><strong>iis,</strong></span> <span class='ocrx_word' id='word_1_204' title='bbox 1112 3045 1186 3107; x_wconf 88' lang='lat' dir='ltr'><strong>quse</strong></span> <span class='ocrx_word' id='word_1_205' title='bbox 1198 3024 1231 3088; x_wconf 91' lang='lat' dir='ltr'><strong>in</strong></span> <span class='ocrx_word' id='word_1_206' title='bbox 1245 3023 1329 3090; x_wconf 91' lang='lat' dir='ltr'><strong>alios</strong></span> 
     </span>
     <span class='ocr_line' id='line_1_25' title="bbox 170 3131 1329 3216; baseline -0.003 -16"><span class='ocrx_word' id='word_1_207' title='bbox 170 3134 299 3200; x_wconf 91' lang='lat' dir='ltr'><strong>codices</strong></span> <span class='ocrx_word' id='word_1_208' title='bbox 316 3139 501 3215; x_wconf 85' lang='lat' dir='ltr'><strong>manarunt,</strong></span> <span class='ocrx_word' id='word_1_209' title='bbox 525 3132 704 3199; x_wconf 89' lang='lat' dir='ltr'><strong>ostendunt</strong></span> <span class='ocrx_word' id='word_1_210' title='bbox 727 3133 847 3199; x_wconf 92' lang='lat' dir='ltr'><strong>menda</strong></span> <span class='ocrx_word' id='word_1_211' title='bbox 864 3131 1016 3198; x_wconf 89' lang='lat' dir='ltr'><strong>omnibus</strong></span> <span class='ocrx_word' id='word_1_212' title='bbox 1033 3131 1182 3216; x_wconf 86' lang='lat' dir='ltr'><strong>apicibus</strong></span> <span class='ocrx_word' id='word_1_213' title='bbox 1199 3131 1329 3212; x_wconf 89' lang='lat' dir='ltr'><strong>similia,</strong></span> 
     </span>
    </p>
   </div>
   <div class='ocr_carea' id='block_1_3' title="bbox 199 3401 1327 4413">
    <p class='ocr_par' dir='ltr' id='par_1_3' title="bbox 199 3401 1327 4243">
     <span class='ocr_line' id='line_1_26' title="bbox 199 3401 1327 3474; baseline 0.001 -16"><span class='ocrx_word' id='word_1_214' title='bbox 199 3403 222 3471; x_wconf 80' lang='lat'><strong>¹)</strong></span> <span class='ocrx_word' id='word_1_215' title='bbox 243 3401 402 3474; x_wconf 86' lang='lat' dir='ltr'><strong>[Frigellius</strong></span> <span class='ocrx_word' id='word_1_216' title='bbox 420 3403 595 3474; x_wconf 83' lang='lat' dir='ltr'><strong>Upsalisnsis</strong></span> <span class='ocrx_word' id='word_1_217' title='bbox 614 3409 718 3474; x_wconf 77' lang='lat' dir='ltr'><strong>praeter</strong></span> <span class='ocrx_word' id='word_1_218' title='bbox 732 3403 898 3470; x_wconf 82' lang='lat' dir='ltr'><strong>Medicenm,</strong></span> <span class='ocrx_word' id='word_1_219' title='bbox 916 3403 1111 3470; x_wconf 86' lang='lat' dir='ltr'><strong>Parisiensem‚</strong></span> <span class='ocrx_word' id='word_1_220' title='bbox 1129 3403 1327 3459; x_wconf 86' lang='lat' dir='ltr'><strong>Florentinum</strong></span> 
     </span>
     <span class='ocr_line' id='line_1_27' title="bbox 239 3487 1327 3558; baseline 0.002 -16"><span class='ocrx_word' id='word_1_221' title='bbox 239 3487 279 3542; x_wconf 78' lang='lat' dir='ltr'><strong>st.</strong></span> <span class='ocrx_word' id='word_1_222' title='bbox 303 3487 393 3544; x_wconf 78' lang='lat' dir='ltr'><strong>Marci</strong></span> <span class='ocrx_word' id='word_1_223' title='bbox 414 3490 535 3544; x_wconf 82' lang='lat' dir='ltr'><strong>contulit</strong></span> <span class='ocrx_word' id='word_1_224' title='bbox 557 3489 643 3544; x_wconf 83' lang='lat' dir='ltr'><strong>etism</strong></span> <span class='ocrx_word' id='word_1_225' title='bbox 666 3490 794 3544; x_wconf 85' lang='lat' dir='ltr'><strong>codicem</strong></span> <span class='ocrx_word' id='word_1_226' title='bbox 811 3489 979 3544; x_wconf 85' lang='lat' dir='ltr'><strong>Vaticanum</strong></span> <span class='ocrx_word' id='word_1_227' title='bbox 998 3507 1026 3544; x_wconf 80' lang='lat' dir='ltr'><strong>n.</strong></span> <span class='ocrx_word' id='word_1_228' title='bbox 1045 3490 1126 3557; x_wconf 78' lang='grc'><strong>3329,</strong></span> <span class='ocrx_word' id='word_1_229' title='bbox 1156 3489 1267 3558; x_wconf 72' lang='lat' dir='ltr'><strong>saculi,</strong></span> <span class='ocrx_word' id='word_1_230' title='bbox 1294 3495 1327 3544; x_wconf 90' lang='lat' dir='ltr'><strong>nt</strong></span> 
     </span>
     <span class='ocr_line' id='line_1_28' title="bbox 239 3573 1324 3644; baseline 0.001 -16"><span class='ocrx_word' id='word_1_231' title='bbox 239 3578 330 3644; x_wconf 84' lang='lat' dir='ltr'><strong>putat,</strong></span> <span class='ocrx_word' id='word_1_232' title='bbox 347 3573 400 3642; x_wconf 86' lang='lat' dir='ltr'><strong>XI,</strong></span> <span class='ocrx_word' id='word_1_233' title='bbox 418 3579 485 3630; x_wconf 86' lang='lat' dir='ltr'><strong>ante</strong></span> <span class='ocrx_word' id='word_1_234' title='bbox 503 3576 540 3629; x_wconf 86' lang='lat' dir='ltr'><strong>ab</strong></span> <span class='ocrx_word' id='word_1_235' title='bbox 556 3575 590 3631; x_wconf 62' lang='lat' dir='ltr'>A</span> <span class='ocrx_word' id='word_1_236' title='bbox 608 3575 741 3644; x_wconf 88' lang='lat' dir='ltr'><strong>Zumptio</strong></span> <span class='ocrx_word' id='word_1_237' title='bbox 760 3579 1022 3641; x_wconf 81' lang='lat' dir='ltr'><strong>commemoratum,</strong></span> <span class='ocrx_word' id='word_1_238' title='bbox 1046 3579 1077 3630; x_wconf 89' lang='lat' dir='ltr'><strong>et</strong></span> <span class='ocrx_word' id='word_1_239' title='bbox 1093 3573 1280 3630; x_wconf 87' lang='lat' dir='ltr'><strong>Parisiensem</strong></span> <span class='ocrx_word' id='word_1_240' title='bbox 1298 3596 1324 3631; x_wconf 88' lang='lat' dir='ltr'><strong>n.</strong></span> 
     </span>
     <span class='ocr_line' id='line_1_29' title="bbox 239 3658 1325 3731; baseline 0.001 -18"><span class='ocrx_word' id='word_1_241' title='bbox 239 3660 308 3713; x_wconf 76' lang='lat'>5724</span> <span class='ocrx_word' id='word_1_242' title='bbox 324 3658 567 3729; x_wconf 61' lang='lat' dir='ltr'><strong>(matiscensem),</strong></span> <span class='ocrx_word' id='word_1_243' title='bbox 591 3678 675 3729; x_wconf 86' lang='lat' dir='ltr'><strong>quem</strong></span> <span class='ocrx_word' id='word_1_244' title='bbox 697 3660 800 3715; x_wconf 79' lang='lat' dir='ltr'><strong>sarculo</strong></span> <span class='ocrx_word' id='word_1_245' title='bbox 818 3660 844 3713; x_wconf 88' lang='lat' dir='ltr'>X</span> <span class='ocrx_word' id='word_1_246' title='bbox 866 3661 1004 3730; x_wconf 89' lang='lat' dir='ltr'><strong>scriptum</strong></span> <span class='ocrx_word' id='word_1_247' title='bbox 1026 3661 1144 3728; x_wconf 76' lang='lat' dir='ltr'><strong>iudicet3</strong></span> <span class='ocrx_word' id='word_1_248' title='bbox 1172 3661 1325 3731; x_wconf 87' lang='lat' dir='ltr'><strong>scripturas</strong></span> 
     </span>
     <span class='ocr_line' id='line_1_30' title="bbox 238 3745 1324 3824; baseline 0.003 -26"><span class='ocrx_word' id='word_1_249' title='bbox 238 3749 345 3814; x_wconf 72' lang='lat' dir='ltr'><strong>prester</strong></span> <span class='ocrx_word' id='word_1_250' title='bbox 360 3762 465 3814; x_wconf 87' lang='lat' dir='ltr'><strong>paucas</strong></span> <span class='ocrx_word' id='word_1_251' title='bbox 482 3745 610 3801; x_wconf 90' lang='lat' dir='ltr'><strong>nondum</strong></span> <span class='ocrx_word' id='word_1_252' title='bbox 628 3746 723 3801; x_wconf 83' lang='lat' dir='ltr'><strong>edidit</strong></span> <span class='ocrx_word' id='word_1_253' title='bbox 763 3745 827 3799; x_wconf 75' lang='lat' dir='ltr'><strong>Vin</strong></span> <span class='ocrx_word' id='word_1_254' title='bbox 845 3745 965 3817; x_wconf 80' lang='lat' dir='ltr'><strong>Frigell,</strong></span> <span class='ocrx_word' id='word_1_255' title='bbox 988 3745 1169 3824; x_wconf 69' lang='lat' dir='ltr'><strong>Liuianornm</strong></span> <span class='ocrx_word' id='word_1_256' title='bbox 1188 3746 1324 3800; x_wconf 88' lang='lat' dir='ltr'><strong>librorum</strong></span> 
     </span>
     <span class='ocr_line' id='line_1_31' title="bbox 238 3829 1324 3902; baseline 0 -18"><span class='ocrx_word' id='word_1_257' title='bbox 238 3830 336 3900; x_wconf 69' lang='lat' dir='ltr'><strong>primm</strong></span> <span class='ocrx_word' id='word_1_258' title='bbox 354 3829 468 3886; x_wconf 81' lang='lat' dir='ltr'><strong>decadis</strong></span> <span class='ocrx_word' id='word_1_259' title='bbox 479 3830 648 3889; x_wconf 83' lang='lat' dir='ltr'><strong>emendandi</strong></span> <span class='ocrx_word' id='word_1_260' title='bbox 659 3831 743 3900; x_wconf 87' lang='lat' dir='ltr'><strong>ratio,</strong></span> <span class='ocrx_word' id='word_1_261' title='bbox 757 3829 825 3902; x_wconf 88' lang='lat' dir='ltr'><strong>Ups.</strong></span> <span class='ocrx_word' id='word_1_262' title='bbox 841 3834 908 3887; x_wconf 77' lang='grc'>1876</span> <span class='ocrx_word' id='word_1_263' title='bbox 923 3831 968 3901; x_wconf 78' lang='grc'><strong>(40</strong></span> <span class='ocrx_word' id='word_1_264' title='bbox 980 3848 1064 3902; x_wconf 80' lang='lat' dir='ltr'><strong>pagg.</strong></span> <span class='ocrx_word' id='word_1_265' title='bbox 1078 3830 1112 3897; x_wconf 82' lang='grc'><strong>8).</strong></span> <span class='ocrx_word' id='word_1_266' title='bbox 1140 3829 1324 3901; x_wconf 83' lang='lat' dir='ltr'><strong>Upseliensis,</strong></span> 
     </span>
     <span class='ocr_line' id='line_1_32' title="bbox 240 3915 1324 3986; baseline -0.001 -16"><span class='ocrx_word' id='word_1_267' title='bbox 240 3915 348 3983; x_wconf 68' lang='lat' dir='ltr'><strong>seculi,</strong></span> <span class='ocrx_word' id='word_1_268' title='bbox 370 3920 403 3970; x_wconf 84' lang='lat' dir='ltr'><strong>ut</strong></span> <span class='ocrx_word' id='word_1_269' title='bbox 423 3921 552 3985; x_wconf 83' lang='lat' dir='ltr'><strong>putatur,</strong></span> <span class='ocrx_word' id='word_1_270' title='bbox 574 3916 615 3970; x_wconf 85' lang='lat' dir='ltr'><strong>XI</strong></span> <span class='ocrx_word' id='word_1_271' title='bbox 636 3917 784 3986; x_wconf 82' lang='lat' dir='ltr'><strong>scriptnroe</strong></span> <span class='ocrx_word' id='word_1_272' title='bbox 807 3917 973 3972; x_wconf 86' lang='lat' dir='ltr'><strong>varietatem</strong></span> <span class='ocrx_word' id='word_1_273' title='bbox 996 3917 1085 3970; x_wconf 89' lang='lat' dir='ltr'><strong>edidit</strong></span> <span class='ocrx_word' id='word_1_274' title='bbox 1108 3915 1324 3984; x_wconf 79' lang='lat' dir='ltr'><strong>Higgstrdmius</strong></span> 
     </span>
     <span class='ocr_line' id='line_1_33' title="bbox 239 4000 1321 4073; baseline -0.003 -18"><span class='ocrx_word' id='word_1_275' title='bbox 239 4000 393 4070; x_wconf 84' lang='lat' dir='ltr'><strong>(Excerpts</strong></span> <span class='ocrx_word' id='word_1_276' title='bbox 417 4001 549 4070; x_wconf 78' lang='lat' dir='ltr'><strong>Liviana,</strong></span> <span class='ocrx_word' id='word_1_277' title='bbox 583 4001 677 4073; x_wconf 87' lang='lat' dir='ltr'><strong>Upsal.</strong></span> <span class='ocrx_word' id='word_1_278' title='bbox 708 4001 783 4070; x_wconf 80' lang='lat'>1875)</span> <span class='ocrx_word' id='word_1_279' title='bbox 817 4002 946 4071; x_wconf 89' lang='lat' dir='ltr'><strong>idemque</strong></span> <span class='ocrx_word' id='word_1_280' title='bbox 971 4000 1206 4055; x_wconf 85' lang='lat' dir='ltr'><strong>Helmstadiensis</strong></span> <span class='ocrx_word' id='word_1_281' title='bbox 1234 4000 1321 4070; x_wconf 87' lang='lat' dir='ltr'><strong>paulo</strong></span> 
     </span>
     <span class='ocr_line' id='line_1_34' title="bbox 238 4085 1318 4157; baseline -0.001 -16"><span class='ocrx_word' id='word_1_282' title='bbox 238 4085 397 4156; x_wconf 87' lang='lat' dir='ltr'><strong>Upsaliensi</strong></span> <span class='ocrx_word' id='word_1_283' title='bbox 423 4091 508 4142; x_wconf 80' lang='lat' dir='ltr'><strong>aetata</strong></span> <span class='ocrx_word' id='word_1_284' title='bbox 531 4087 712 4157; x_wconf 87' lang='lat' dir='ltr'><strong>posterioris,</strong></span> <span class='ocrx_word' id='word_1_285' title='bbox 741 4104 756 4140; x_wconf 87' lang='lat' dir='ltr'><strong>e</strong></span> <span class='ocrx_word' id='word_1_286' title='bbox 783 4104 838 4156; x_wconf 87' lang='lat' dir='ltr'><strong>qno</strong></span> <span class='ocrx_word' id='word_1_287' title='bbox 858 4087 994 4142; x_wconf 88' lang='lat' dir='ltr'><strong>nonnulla</strong></span> <span class='ocrx_word' id='word_1_288' title='bbox 1011 4085 1218 4141; x_wconf 82' lang='lat' dir='ltr'><strong>Wernsdorfiue</strong></span> <span class='ocrx_word' id='word_1_289' title='bbox 1238 4090 1318 4140; x_wconf 87' lang='lat' dir='ltr'><strong>nota·</strong></span> 
     </span>
     <span class='ocr_line' id='line_1_35' title="bbox 240 4169 1135 4243; baseline -0.001 -18"><span class='ocrx_word' id='word_1_290' title='bbox 240 4177 326 4242; x_wconf 82' lang='lat' dir='ltr'><strong>verat,</strong></span> <span class='ocrx_word' id='word_1_291' title='bbox 343 4172 373 4227; x_wconf 93' lang='lat' dir='ltr'><strong>in</strong></span> <span class='ocrx_word' id='word_1_292' title='bbox 391 4172 470 4227; x_wconf 84' lang='lat' dir='ltr'><strong>libris</strong></span> <span class='ocrx_word' id='word_1_293' title='bbox 488 4177 596 4241; x_wconf 83' lang='lat' dir='ltr'><strong>septem</strong></span> <span class='ocrx_word' id='word_1_294' title='bbox 613 4173 722 4243; x_wconf 87' lang='lat' dir='ltr'><strong>primis,</strong></span> <span class='ocrx_word' id='word_1_295' title='bbox 740 4177 842 4228; x_wconf 87' lang='lat' dir='ltr'><strong>octavo</strong></span> <span class='ocrx_word' id='word_1_296' title='bbox 861 4173 986 4240; x_wconf 86' lang='lat' dir='ltr'><strong>dimidio,</strong></span> <span class='ocrx_word' id='word_1_297' title='bbox 1005 4169 1135 4239; x_wconf 84' lang='lat' dir='ltr'><strong>decimo]</strong></span> 
     </span>
    </p>

    <p class='ocr_par' dir='ltr' id='par_1_4' title="bbox 200 4255 1317 4413">
     <span class='ocr_line' id='line_1_36' title="bbox 200 4255 1317 4327; baseline 0.003 -18"><span class='ocrx_word' id='word_1_298' title='bbox 200 4255 224 4323; x_wconf 85' lang='lat'><strong>¹)</strong></span> <span class='ocrx_word' id='word_1_299' title='bbox 241 4256 364 4313; x_wconf 82' lang='lat' dir='ltr'><strong>Posthac</strong></span> <span class='ocrx_word' id='word_1_300' title='bbox 386 4256 431 4312; x_wconf 79' lang='lat' dir='ltr'><strong>hi·</strong></span> <span class='ocrx_word' id='word_1_301' title='bbox 452 4257 530 4313; x_wconf 89' lang='lat' dir='ltr'><strong>notis</strong></span> <span class='ocrx_word' id='word_1_302' title='bbox 547 4262 625 4327; x_wconf 83' lang='lat' dir='ltr'><strong>nter,</strong></span> <span class='ocrx_word' id='word_1_303' title='bbox 647 4262 680 4313; x_wconf 88' lang='lat' dir='ltr'><strong>nt</strong></span> <span class='ocrx_word' id='word_1_304' title='bbox 696 4258 726 4312; x_wconf 82' lang='grc' dir='ltr'>Μ</span> <span class='ocrx_word' id='word_1_305' title='bbox 743 4258 781 4312; x_wconf 86' lang='lat' dir='ltr'><strong>sit</strong></span> <span class='ocrx_word' id='word_1_306' title='bbox 798 4257 953 4325; x_wconf 73' lang='lat' dir='ltr'><strong>Medicam,</strong></span> <span class='ocrx_word' id='word_1_307' title='bbox 975 4257 1001 4312; x_wconf 89' lang='lat' dir='ltr'><strong>R</strong></span> <span class='ocrx_word' id='word_1_308' title='bbox 1018 4256 1224 4310; x_wconf 80' lang='lat' dir='ltr'><strong>vormatiensis</strong></span> <span class='ocrx_word' id='word_1_309' title='bbox 1242 4255 1317 4312; x_wconf 86' lang='lat' dir='ltr'><strong>Rhe·</strong></span> 
     </span>
     <span class='ocr_line' id='line_1_37' title="bbox 239 4340 1227 4413; baseline -0.002 -17"><span class='ocrx_word' id='word_1_310' title='bbox 239 4342 313 4410; x_wconf 85' lang='lat' dir='ltr'><strong>nani,</strong></span> <span class='ocrx_word' id='word_1_311' title='bbox 330 4343 352 4396; x_wconf 92' lang='lat' dir='ltr'>P</span> <span class='ocrx_word' id='word_1_312' title='bbox 370 4341 547 4412; x_wconf 80' lang='lat' dir='ltr'><strong>Parisiensis,</strong></span> <span class='ocrx_word' id='word_1_313' title='bbox 565 4343 605 4399; x_wconf 89' lang='lat' dir='ltr'><strong>Ll</strong></span> <span class='ocrx_word' id='word_1_314' title='bbox 624 4341 772 4398; x_wconf 84' lang='lat' dir='ltr'><strong>Leidensis</strong></span> <span class='ocrx_word' id='word_1_315' title='bbox 790 4343 875 4413; x_wconf 88' lang='lat' dir='ltr'><strong>prior,</strong></span> <span class='ocrx_word' id='word_1_316' title='bbox 894 4342 935 4397; x_wconf 86' lang='lat' dir='ltr'><strong>Hl</strong></span> <span class='ocrx_word' id='word_1_317' title='bbox 954 4342 1121 4397; x_wconf 87' lang='lat' dir='ltr'><strong>Harleianus</strong></span> <span class='ocrx_word' id='word_1_318' title='bbox 1138 4340 1227 4410; x_wconf 89' lang='lat' dir='ltr'><strong>prior.</strong></span> 
     </span>
    </p>
   </div>
   <div class='ocr_carea' id='block_1_4' title="bbox 0 0 1502 5108">
    <p class='ocr_par' dir='ltr' id='par_1_5' title="bbox 0 0 1502 5108">
     <span class='ocr_line' id='line_1_38' title="bbox 0 0 1502 5108; baseline 0 3"><span class='ocrx_word' id='word_1_319' title='bbox 0 0 1502 5108; x_wconf 95' lang='lat' dir='ltr'><strong> </strong></span> 
     </span>
    </p>
   </div>
  </div>
 </body>
</html>
