2994 5108
613 450 675 510 567
1108 461 1170 516 Lib.
1190 459 1247 515 XL.

101 640 285 714 aeterne,
316 631 526 699 scribendum
549 642 613 698 est:
649 655 704 699 me
734 641 825 698 ante
855 637 1113 696 accusatum:
1148 652 1187 696 ex
1210 652 1248 696 eo

101 747 210 807 uatum
226 762 318 806 meae
336 747 439 813 ante,
453 747 523 805 tum
536 741 685 807 additum
704 764 769 806 me.
784 741 838 821 (Si
856 741 939 818 illa,
959 746 1151 822 separata
1167 738 1249 818 hac,

101 869 197 914 rana
230 850 443 913 accusatio
478 853 581 919 erat,
616 848 706 931 quod
728 847 1013 913 Weissenbornius
1040 868 1058 911 e
1081 848 1249 930 scriptura

101 956 278 1036 lloguntini
300 962 492 1038 separata
520 976 564 1018 ac
593 953 713 1033 effecit,
737 977 802 1021 non
825 961 949 1020 rectam
972 955 1168 1020 sententiam
1189 954 1248 1018 ba·

101 1083 172 1128 oere
196 1063 338 1141 videtur,
362 1061 538 1144 significari
562 1063 648 1126 enim
672 1062 783 1127 debet:
808 1064 877 1127 sine
900 1062 997 1126 huius
1015 1061 1248 1145 adiunctione.)

101 1168 178 1252 517
202 1170 249 1249 (in
278 1170 391 1234 eadem
426 1168 603 1249 oratione):
634 1168 723 1234 Nisi
757 1170 792 1234 T.
828 1170 1061 1248 Quinctium
1095 1169 1247 1248 credis,

101 1278 209 1342 euius
239 1279 391 1341 virtute
415 1284 454 1341 et
477 1276 667 1341 consiliis
700 1299 758 1341 me
781 1300 883 1343 nunc
906 1279 1044 1361 arguis
1066 1279 1167 1361 regi,
1190 1312 1242 1355 -,
1261 1303 1334 1374 (462)

101 1384 192 1448 mihi
226 1385 419 1448 fraternae
454 1385 572 1448 caedis
606 1384 733 1450 fuisse
767 1393 985 1451 auctorem.
1030 1385 1146 1468 Neque
1179 1387 1249 1467 regi

101 1491 236 1557 alicuius
260 1493 381 1556 virtute
404 1493 579 1573 qnisquam
602 1492 667 1557 dici
690 1494 822 1559 omnino
853 1500 972 1577 potest,
997 1493 1053 1573 (-
1075 1492 1251 1577 prudentia

101 1598 237 1663 alicuius
259 1600 327 1681 regi
350 1608 439 1664 recte
463 1599 584 1664 dicitur
605 1601 661 1680 -)
684 1622 789 1683 neque
806 1600 898 1665 laudi
916 1606 949 1663 et
967 1600 1080 1666 virtuti
1098 1599 1249 1677 Quinctio

101 1705 233 1771 Perseus
257 1707 422 1784 vertebat,
447 1706 536 1789 quod
558 1705 763 1772 Demetrium
786 1708 829 1773 ad
850 1707 1072 1791 proditionem
1094 1708 1248 1787 illiceret3

101 1815 301 1897 apertissime
329 1821 518 1897 repugnant
540 1815 695 1880 virtute
730 1824 763 1880 et
791 1817 943 1899 arguis.
989 1815 1155 1880 Intellexit
1187 1815 1250 1881 hcc

101 1919 282 2002 Dreverius3
315 1923 372 1986 sed
402 1921 492 2003 quod
519 1924 776 1988 auctoritate
799 1924 955 1988 substitui
978 1923 1061 2003 vult,
1095 1923 1191 1988 nimis
1215 1923 1250 1987 id

101 2030 190 2112 longe
213 2029 345 2094 recedit.
393 2028 610 2094 Scribenrlum
631 2030 774 2095 videtur:
800 2032 916 2095 cuius
939 2039 1029 2092 nutu
1054 2038 1093 2094 et
1115 2031 1249 2096 consi-

101 2137 176 2202 liis.
222 2135 307 2219 [Hoc
339 2137 406 2201 iam
436 2136 633 2216 Doeringius
669 2141 858 2221 suspicatus
892 2145 972 2203 erat.
1018 2137 1184 2203 Praeterea
1215 2140 1250 2203 in

101 2253 136 2312 et
157 2246 244 2330 ipse
267 2245 384 2310 vitiose
408 2251 448 2309 et
475 2244 631 2309 abundat.
676 2245 762 2310 Num
784 2245 863 2310 fuit:
889 2252 927 2311 et
949 2247 1036 2328 ipse
1065 2245 1165 2311 talis
1194 2248 1250 2310 sit

101 2358 137 2417 et
165 2352 240 2417 tali
267 2352 425 2436 pietate
459 2352 570 2415 vivat
599 2372 684 2416 cum
717 2352 888 2435 franel]
944 2353 993 2417 Ex
1026 2359 1169 2419 nutuet
1201 2352 1250 2418 fa-

101 2459 159 2525 cile
194 2461 274 2524 oriri
308 2461 416 2544 potuit
449 2460 615 2526 virtute.
661 2460 816 2543 Sequitur
849 2461 937 2545 apud
968 2461 1095 2526 Livium
1128 2461 1159 2545 (ἓ
1185 2461 1248 2541 18),

101 2566 153 2633 ubi
176 2567 365 2632 Demetrius
396 2567 428 2630 in
451 2567 563 2631 Persei
591 2569 801 2634 accusatione
830 2570 1080 2652 repugnantiam
1114 2578 1147 2635 et
1174 2591 1250 2635 con-

101 2676 273 2740 trariorum
295 2676 382 2739 inter
406 2697 440 2740 se
462 2684 730 2756 argumentorum
759 2683 791 2740 et
815 2678 987 2741 criminum
1016 2698 1113 2742 usum
1140 2698 1249 2760 repre·

101 2779 227 2861 hendit,
249 2782 303 2847 bic
325 2782 431 2847 locus:
471 2782 577 2847 Idem
605 2804 680 2846 non
703 2784 969 2848 Romanorum
998 2785 1171 2867 gratiam
1193 2806 1249 2850 so·
1280 2799 1284 2809 ·

101 2889 191 2968 lum,
219 2889 289 2953 sed
316 2889 576 2954 Macedonum
604 2891 760 2956 iudicia
783 2911 827 2955 ac
849 2913 957 2974 paene
988 2893 1161 2957 omnium
1184 2892 1250 2956 de·

101 3018 210 3067 orum
248 2995 534 3079 hominumque
569 3017 809 3062 consensum
850 2988 1036 3080 collegit,
1070 3021 1141 3082 per
1164 3020 1250 3081 quae

101 3106 233 3173 omnia
256 3125 297 3168 se
329 3104 427 3168 mihi
460 3125 600 3186 parem
632 3107 673 3169 in
707 3107 926 3170 certamine
960 3129 1038 3171 non
1071 3105 1251 3171 futurum

101 3211 342 3287 crediderim
367 3212 482 3290 idem,
505 3217 706 3296 tamquam
726 3214 823 3278 aliis
848 3214 1032 3279 omnibus
1050 3214 1173 3279 rebus
1196 3216 1251 3278 in·

101 3321 225 3387 ierior
247 3342 382 3397 essem,
406 3319 454 3385 ad
477 3320 646 3385 sceleris
668 3321 853 3385 nltimam
877 3343 986 3405 spem
1009 3321 1250 3405 confugisse

101 3449 153 3495 me
187 3426 412 3492 insimulat.
457 3427 557 3492 Nulla
585 3435 636 3492 est
668 3430 902 3511 repugnantia,
935 3430 999 3493 nisi
1031 3429 1119 3494 idem
1152 3429 1250 3495 bomo

101 3534 311 3617 Demetrius)
334 3537 501 3601 contraria
524 3535 704 3600 credidisse
722 3537 866 3616 egisseve
885 3537 1048 3619 arguitur3
1072 3558 1178 3620 neque
1200 3558 1251 3602 re·

101 3641 223 3709 :buitur
256 3642 367 3707 Persei
401 3644 570 3708 accusatio
611 3642 742 3708 sceleris
777 3665 796 3707 a
825 3643 992 3709 Demetrio
1026 3645 1154 3722 tentati,
1187 3645 1251 3709 nisi

101 3748 300 3819 ›stenditur,
329 3750 443 3815 Persei
476 3751 597 3815 iudicio
625 3752 659 3814 in
687 3751 760 3833 ipso
783 3750 951 3815 Demetrio
982 3773 1053 3815 eam
1076 3751 1178 3817 fuisse
1200 3773 1250 3816 re-

101 3878 168 3923 um
192 3877 326 3922 suarum
348 3856 510 3931 fiduciam,
533 3865 570 3923 ut
592 3879 658 3924 non
681 3858 853 3941 probabile
872 3860 922 3937 sit,
946 3859 989 3923 ad
1008 3858 1140 3923 sceleris
1159 3880 1251 3942 spem

101 3967 124 4032 ei
149 3963 403 4048 confugiendum
425 3966 530 4029 visum
559 3985 638 4029 esse.
684 3965 798 4048 Neque
828 3987 908 4030 sane
931 3966 1069 4031 Perseus
1096 3966 1130 4030 in
1154 3987 1252 4049 supe·

101 4075 185 4141 iore
207 4074 357 4138 oratione
386 4071 535 4155 collegit,
565 4073 685 4156 quibus
714 4075 786 4157 ipse
808 4075 875 4138 iam
898 4081 974 4139 ante
1000 4073 1192 4152 crediderit,
1215 4095 1251 4138 se

101 4178 283 4246 nferiorem
304 4181 338 4243 in
362 4181 538 4245 certamine
568 4180 716 4245 futurum
738 4181 922 4257 Demetrio,
953 4182 1011 4245 sed
1040 4183 1251 4260 enumeravit,

101 4307 167 4370 lure
191 4306 269 4351 vera
290 4285 413 4351 falsave
438 4308 494 4370 spe
519 4296 619 4369 atque
643 4289 796 4371 opinione
819 4288 985 4353 Demetrio
1017 4289 1142 4353 animos
1165 4287 1250 4354 fece·
