2994 5108
696 466 759 526 41⁷
1124 480 1186 534 nib.
1204 481 1305 536 xxm

149 657 183 713 et
211 649 353 713 alterum
383 648 613 729 recentiorem)
642 650 808 733 participii
843 649 1005 714 ablativus
1034 649 1082 731 (in
1117 653 1305 719 mittendi

150 757 251 820 serbo
280 763 313 821 et
343 758 547 840 compositis)
577 757 740 821 interdum
768 756 850 820 dure
880 758 926 820 sic
949 758 1093 840 positus,
1127 766 1179 839 ut,
1213 761 1305 824 nulla

152 865 303 930 subiecta
331 866 496 929 sententia
523 864 662 927 relativa
685 863 835 945 (missis
864 864 962 946 qui),
997 864 1151 930 audiatur
1180 866 1306 931 subiec-

152 979 222 1037 tum
246 971 410 1036 infinitum
434 971 694 1053 (hominibus,
718 971 901 1053 aliquot),
925 979 963 1036 ut
985 973 1009 1050 I,
1033 977 1083 1052 31,
1106 977 1140 1036 2:
1169 975 1305 1039 missis

150 1080 199 1144 ad
224 1080 263 1144 id
287 1079 493 1144 visendum
516 1078 763 1163 prodigium,
792 1079 832 1159 ΙΙ,
864 1084 919 1159 34,
943 1085 976 1143 3:
1007 1080 1190 1146 dimissis
1212 1103 1305 1164 pas-

151 1190 224 1253 sim
248 1188 296 1251 ad
319 1186 560 1252 frumentum
586 1187 854 1263 coemendum,
884 1186 930 1265 X,
960 1191 1011 1267 29,
1042 1192 1097 1252 18:
1127 1188 1306 1253 dimissis

152 1295 200 1360 ad
229 1295 485 1378 quaerendum
508 1295 675 1377 collegae
699 1316 852 1379 corpus,
877 1294 1034 1374 XXXIII,
1066 1300 1118 1375 11,
1149 1301 1181 1359 1;
1215 1298 1306 1360 mis·

152 1405 290 1487 sisque
320 1403 500 1467 Larisam
541 1402 589 1466 ad
625 1403 936 1467 commentarios
971 1404 1109 1485 regios
1145 1404 1306 1468 combu-

152 1511 321 1589 rendos,
350 1510 503 1588 XXXIX,
533 1514 587 1583 35,
617 1515 646 1573 4.
698 1508 915 1575 Coniunctum
944 1508 1006 1573 hoc
1035 1531 1108 1573 curn
1136 1509 1306 1574 indicativi

152 1619 297 1683 eiusdem
320 1618 411 1681 verbi
434 1640 510 1695 usu,
541 1640 604 1700 quo
633 1617 783 1681 absolute
813 1618 976 1681 mittere
1001 1618 1047 1681 ad
1072 1617 1251 1700 aliquem
1274 1624 1308 1682 et

153 1726 202 1791 ad
236 1725 397 1809 aliquid
424 1724 654 1789 faciendum
684 1724 819 1801 dicitur,
854 1725 939 1789 unde
969 1725 1112 1808 passive,
1145 1745 1221 1788 raro
1252 1745 1306 1788 ex-

152 1834 270 1918 emplo,
296 1834 412 1913 XLIV,
441 1837 497 1911 23,
528 1838 547 1895 4
570 1833 717 1917 ponitur:
748 1830 839 1896 Cum
863 1832 998 1896 eodem
1022 1833 1069 1896 ad
1095 1834 1307 1914 pecuniam

154 1941 434 2026 accipiendam
474 1943 588 2005 missi
629 1947 725 2003 sunt
760 1940 923 2021 (homines
958 1939 1110 2023 aliquot).
1167 1937 1307 2021 [Eodem

150 2051 246 2115 modo
276 2050 419 2114 Iustinus
447 2049 586 2125 XXVII,
619 2052 651 2125 l,
682 2053 717 2110 4:
752 2069 869 2131 quum
899 2047 945 2110 ad
975 2069 1014 2111 se
1045 2046 1307 2111 interficien-

152 2158 241 2222 dam
265 2159 412 2221 missos
437 2152 678 2236 didicisset]

239 2262 318 2347 Cap.
345 2269 393 2343 10,
417 2267 449 2326 3:
484 2284 572 2326 narn
601 2284 728 2344 neque
750 2283 861 2326 usum
886 2264 974 2326 cius
997 2262 1121 2327 ullum
1143 2263 1182 2327 in
1206 2283 1308 2346 prae·

150 2373 293 2437 sentia
322 2378 425 2450 esse,
459 2392 574 2454 quum
602 2370 807 2434 Hannibal
834 2372 913 2434 iam
942 2371 982 2433 iu
1011 2370 1184 2434 hiberna
1211 2392 1308 2436 suos

148 2480 380 2562 receperit,
423 2486 460 2543 et
499 2485 617 2542 tanta
656 2478 872 2542 incesserit
912 2479 950 2541 in
990 2499 1036 2542 ea
1077 2486 1217 2543 castra
1249 2480 1308 2542 ris

152 2587 284 2653 morbi
319 2592 381 2650 oet.
437 2585 620 2650 Frobenius
656 2606 684 2648 a.
719 2589 799 2648 1535
835 2593 867 2650 et
895 2593 972 2669 post
1000 2608 1073 2650 eum
1102 2587 1203 2650 ceteri
1232 2597 1308 2650 ante

150 2694 358 2761 Gronovium
380 2693 568 2757 ediderunt:
602 2714 688 2757 nam
717 2714 845 2775 neque
874 2715 986 2757 usum
1010 2695 1097 2757 eius
1120 2694 1244 2759 ullum
1266 2730 1310 2739 -

152 2822 301 2867 ease-
333 2806 373 2865 et
403 2796 559 2865 tautam
583 2802 803 2865 incessisse
826 2803 916 2878 vim,
950 2802 1045 2864 nimis
1067 2801 1241 2882 violentem
1277 2808 1309 2866 et

148 2916 281 2989 tamen,
314 2910 463 2993 quamvis
497 2909 684 2973 Gronovius
717 2907 819 2972 falsos
853 2929 910 2972 eos
945 2908 1048 2985 dicat,
1083 2909 1131 2972 ita
1165 2908 1309 2973 seribere

150 3017 267 3085 Livius
302 3016 418 3081 debuit
452 3016 635 3098 voluitque,
671 3038 770 3099 quum
804 3037 931 3097 nequo
960 3017 1088 3098 posuit,
1123 3015 1195 3078 dure
1223 3017 1309 3079 enim

152 3123 342 3189 dimittendi
376 3126 540 3188 exercitus
574 3145 679 3188 crausm
710 3122 951 3205 significantur,
986 3123 1074 3204 quod
1103 3121 1211 3186 nullus
1240 3123 1309 3186 eius

152 3249 238 3297 usus
260 3232 311 3311 sit,
334 3239 368 3296 et
390 3232 477 3314 quod
500 3231 624 3313 alioqui
647 3230 828 3314 periculum
852 3232 895 3294 sit
918 3253 957 3294 ex
980 3232 1010 3293 vi
1032 3230 1147 3293 morbi.
1194 3230 1310 3314 Itaque

152 3336 297 3405 alteram
324 3337 410 3402 hanc
437 3346 578 3422 partem,
614 3359 686 3421 quae
716 3358 789 3401 cum
817 3337 868 3401 his
897 3359 984 3401 nam
1012 3359 1139 3419 neque
1168 3373 1211 3381 —
1233 3357 1311 3402 con·
1381 3376 1390 3387 ·

152 3447 247 3529 iungi
269 3446 428 3525 debebat,
458 3468 555 3530 prave
578 3445 643 3509 illis
666 3464 784 3529 quum
807 3445 1009 3508 Hannibal
1034 3481 1072 3489 —
1097 3446 1311 3528 receperit,

153 3574 232 3639 qua
254 3555 357 3638 priori
380 3554 469 3638 parti
492 3554 748 3636 subiunguntur,
780 3553 921 3616 adussit.
974 3552 1048 3616 Dixi
1073 3553 1113 3616 de
1137 3552 1236 3617 simili
1260 3551 1312 3616 Ci-

153 3662 286 3729 ceronis
314 3660 388 3727 loco
416 3662 450 3725 in
479 3668 561 3725 orat.
591 3683 650 3744 pro
681 3659 812 3724 Caecina
842 3659 857 3741 ξ
886 3664 904 3722 2
934 3661 968 3723 in
996 3661 1140 3743 epistula
1168 3660 1210 3724 ad
1232 3661 1313 3724 Hal·

155 3770 273 3849 mium,
306 3768 389 3833 Anu.
413 3768 494 3832 Phil.
518 3768 655 3833 LXXIII
684 3791 714 3851 p.
741 3773 816 3847 1203
851 3769 955 3832 minus
990 3769 1112 3832 eminet
1140 3774 1173 3831 et
1200 3774 1312 3830 tamen

152 3874 295 3943 offenda
316 3874 484 3939 aberratio
507 3876 539 3939 in
563 3875 655 3939 Laelii
678 3873 694 3958 ᾖ
719 3879 767 3939 35.
808 3876 918 3939 Livius
940 3877 1098 3954 similiter,
1123 3874 1181 3938 sed
1204 3874 1312 3937 minus

152 3982 351 4051 notabiliter
378 3982 543 4046 aberravit
571 3983 604 4046 in
628 3983 847 4047 membrorum
871 3985 1122 4048 coniunctorum
1145 3986 1313 4046 structura

154 4090 200 4170 V,
229 4094 289 4167 515,
318 4093 353 4168 6,
380 4090 437 4155 ubi
461 4092 553 4175 sequi
578 4090 734 4155 debebat:
770 4091 919 4154 mentio
944 4090 1058 4153 nulla
1080 4090 1172 4165 fiat,
1203 4095 1236 4152 et
1258 4089 1313 4168 VI,

155 4204 208 4279 ll,
237 4202 267 4275 5,
290 4197 347 4262 ubi
369 4200 607 4263 sententiarum
631 4197 713 4261 ordo
737 4197 941 4280 postulabat:
977 4217 1089 4260 nemo
1112 4231 1154 4239 —
1178 4198 1312 4260 socius

150 4308 221 4388 sit,
244 4310 281 4371 et
303 4304 418 4386 XXIV,
440 4308 492 4384 28,
515 4309 543 4385 7,
567 4305 624 4368 ubi
646 4310 773 4368 rectum
796 4311 884 4367 crat:
920 4326 1006 4367 cum
1030 4304 1218 4368 Romanis
1243 4311 1313 4368 aut

1051 4423 1085 4473 27
