2994 5108
704 456 766 518 225
1198 468 1261 524 Lib.
1279 468 1313 523 X.

153 647 196 707 et
227 639 461 706 cernebant
493 639 761 706 adversarios
795 661 883 720 non,
918 639 958 705 id
993 640 1100 722 quod
1128 639 1221 706 olim
1251 643 1314 706 vix

154 749 440 833 speraverint,
484 747 748 815 adfectantes
792 769 959 832 magnos
1005 748 1198 828 honores,
1243 749 1313 815 sed

157 859 291 923 omnia
323 858 418 937 iam,
450 857 490 922 in
525 878 694 941 quorum
728 878 837 941 spem
871 857 1033 923 dubiam
1062 863 1152 923 erat
1181 864 1313 923 certa·

152 972 256 1047 tum,
289 965 475 1050 adeptos.
535 965 669 1031 Pondus
705 966 865 1033 orationis
894 971 947 1031 est
980 967 1013 1031 in
1042 963 1312 1031 adfectantes.

152 1073 242 1141 Olim
264 1073 389 1159 plebeii
410 1075 466 1138 vix
488 1073 656 1140 adfectare
680 1095 715 1140 se
737 1074 889 1153 honores,
912 1073 975 1139 hoc
998 1080 1056 1153 est,
1074 1079 1188 1158 petere
1206 1095 1313 1157 posse,

153 1188 386 1266 speraverant3
408 1187 489 1247 tunc
512 1183 579 1247 iam
602 1182 716 1267 adepti
739 1182 859 1264 erant.)

242 1288 322 1375 Gap.
345 1295 375 1371 7,
398 1294 417 1354 9
441 1296 475 1356 et
499 1294 539 1355 10
563 1289 611 1373 (in
633 1291 668 1356 P.
691 1291 785 1356 Decii
807 1289 911 1356 Muris
935 1290 1094 1370 oratione,
1118 1311 1184 1373 qus
1206 1290 1312 1373 legem

153 1395 333 1481 Ogulniam
363 1398 498 1483 suasit):
533 1400 596 1464 cui
624 1399 787 1464 deorum
821 1398 1070 1463 hominumve
1104 1398 1314 1480 indignum

154 1506 288 1573 videri
310 1512 465 1591 potest,
494 1527 560 1573 eos
582 1507 704 1586 viros,
734 1527 833 1589 quos
856 1527 924 1571 vos
947 1505 1066 1572 sellis
1089 1506 1313 1585 curulibus,

152 1620 251 1699 toga
274 1614 804 1700 pretenta—honoraritis,
824 1635 991 1698 quorum
1008 1614 1144 1681 domos
1163 1614 1313 1697 spoliis

153 1722 336 1789 hostium
360 1722 512 1789 adfixis
536 1723 718 1807 insignes
741 1723 851 1788 inter
874 1720 977 1788 alias
999 1721 1199 1800 feceritis,
1222 1734 1313 1805 pon·

151 1828 341 1897 tiiicalia
373 1837 496 1913 atque
530 1830 747 1915 auguralia
779 1830 958 1911 insignia
991 1829 1193 1896 adiicere?
1238 1829 1314 1909 Qui

152 1938 263 2005 Iovis
297 1939 444 2023 optimi
475 1940 638 2004 maximi
660 1943 810 2005 ornatu
833 1938 1068 2019 decoratus,
1098 1957 1313 2003 1111111111-

151 2054 246 2113 rato
275 2068 348 2131 per
375 2047 514 2113 urbem
536 2053 681 2113 vectus
703 2048 743 2111 in
766 2043 1017 2130 Capitolium
1040 2046 1313 2126 adscenderit,

153 2155 192 2220 is
213 2155 496 2239 conspicietur
519 2154 558 2236 (P
580 2159 642 2220 ml
668 2154 951 2220 accenderitis
980 2153 1200 2239 spiciatur)
1229 2175 1313 2218 oum

152 2262 302 2347 capide
342 2283 387 2328 ac
422 2263 542 2343 lituo,
582 2264 717 2347 capite
750 2263 906 2344 velato,
953 2263 1156 2329 victimam
1189 2261 1313 2328 cadet

153 2371 424 2454 auguriumve
452 2393 498 2437 ex
520 2392 613 2437 arce
637 2371 797 2456 capiet?
827 2367 950 2436 Cuius
972 2372 1162 2455 imaginis
1186 2371 1312 2437 titulo

152 2479 398 2546 consulatus
426 2500 683 2564 censuraque
712 2485 750 2544 et
779 2478 1011 2563 triumphus
1041 2501 1153 2564 aequo
1183 2480 1313 2544 animo

152 2586 335 2672 legetur,
374 2588 409 2653 si
447 2593 691 2670 auguratum
725 2594 794 2652 aut
827 2586 1119 2672 pontificatum
1152 2586 1313 2653 adiece-

152 2696 268 2776 ritis,
301 2716 380 2760 non
407 2695 676 2761 sustinebunt
705 2695 926 2779 legentium
955 2696 1090 2760 oculi?
1122 2696 1314 2780 Asimplici

154 2809 192 2870 et
212 2809 331 2888 aperta
353 2803 628 2887 interrogatione,
661 2825 728 2887 qua
761 2802 956 2870 adfirmatur
989 2805 1111 2868 nemini
1144 2804 1314 2887 indignum

153 2910 261 2977 videri
289 2931 404 2997 posse,
438 2913 493 2994 qui
522 2917 634 2978 cetera
661 2933 789 2977 summa
815 2912 950 2978 honoris
979 2913 1121 2995 insignia
1149 2914 1315 2978 consecuti

154 3019 238 3101 sint,
266 3020 369 3086 etiam
390 3019 579 3086 sacerdotes
601 3019 690 3101 fieri,
719 3041 879 3104 perquam
902 3019 983 3085 dure
1006 3020 1057 3084 vel
1079 3021 1190 3104 potius
1213 3042 1314 3105 prave

154 3126 269 3193 subito
302 3127 467 3193 transitur
499 3127 543 3192 ad
575 3129 750 3194 ironicam:
795 3127 871 3206 Qui
897 3163 941 3173 —
963 3127 1246 3208 adscenderit,
1280 3129 1313 3194 is

154 3236 442 3320 conspiciatur
468 3235 534 3299 -?
567 3237 749 3318 prasertim
783 3237 954 3321 praemissa
983 3238 1147 3302 sententia
1175 3236 1315 3302 relativa

52 3336 59 3347 “
157 3340 249 3420 (Qui
269 3378 315 3388 -
338 3342 629 3424 adscenderit),
663 3365 736 3428 quse
768 3345 881 3410 ironiae
914 3351 1086 3429 repugnat.
1131 3345 1239 3429 Atque
1273 3343 1314 3410 ab

155 3449 220 3516 hac
251 3451 360 3517 ironia
386 3450 516 3516 reditur
544 3450 587 3516 ad
616 3451 707 3516 illam
735 3453 878 3537 priorem
906 3453 1132 3535 interrogandi
1159 3453 1313 3518 formam:

155 3579 236 3625 non
258 3558 526 3624 sustinebunt
548 3559 774 3642 legentium
797 3561 926 3626 oculi?
950 3562 1066 3645 Itaque
1089 3560 1315 3628 Alschefskius

156 3665 300 3750 aliique,
328 3673 368 3733 ut
393 3666 456 3733 hoc
484 3667 601 3733 saltem
629 3668 871 3734 incommodum
899 3671 1073 3749 vitaretur,
1103 3671 1316 3754 arripuerunt

157 3774 529 3860 codicisPscripturam
551 3777 617 3860 qui
635 3776 709 3860 (pro
728 3777 817 3859 non)
837 3777 1107 3856 sustinebunt,
1131 3778 1215 3844 adeo
1238 3778 1315 3842 soli-

158 3884 297 3964 tariam,
326 3890 428 3950 utne
450 3884 546 3950 iniis
570 3883 717 3969 quidem,
747 3886 804 3968 qui
829 3884 851 3948 P
874 3887 968 3968 sequi
996 3885 1117 3964 solent,
1147 3884 1315 3950 codicibus

158 3989 213 4074 (nt
233 3990 437 4077 Upsaliensi)
459 3993 654 4076 reperietur.
699 3993 815 4076 Itaque
839 3993 916 4059 olim
940 3994 1040 4058 etiam
1062 3993 1204 4058 mediam
1225 3992 1316 4057 illem

158 4100 457 4184 interrogationem
484 4100 528 4167 ad
555 4101 696 4166 eandem
723 4101 862 4167 formam
888 4101 1037 4184 redigere
1065 4100 1247 4184 (praeeunte
1276 4121 1316 4164 ex

160 4212 255 4291 parte
277 4195 559 4293 Weissenbornio)
581 4209 631 4274 ita
652 4215 791 4276 conatus
813 4231 899 4289 sum,
928 4215 966 4274 ut
989 4215 1065 4274 ante
1089 4208 1315 4293 conspicia-

1054 4351 1086 4404 15
