3000 5116
547 458 550 467 ⁵
679 490 737 551 391
1082 492 1153 560 'nin
1171 506 1285 562 xxvn.

557 763 649 845 Lib.
682 763 854 845 XXVII.

217 900 296 984 Cap.
326 903 363 977 2,
399 901 418 961 6
447 903 480 962 et
507 902 526 961 7
556 895 611 977 (de
639 895 786 960 Marcelli
820 902 853 960 et
874 896 1071 964 Hannibalis
1101 900 1143 965 ad
1173 901 1284 965 Numi·

122 1016 278 1075 atrorem
310 1004 466 1091 proelio):
506 1004 562 1068 Ab
595 1003 698 1069 hora
731 1005 860 1069 tertia
894 1027 1011 1088 quum
1045 1007 1092 1072 ad
1126 1014 1283 1074 noctem

125 1137 300 1200 pugnarn
340 1113 627 1179 extendissent
659 1111 861 1193 fessaque
896 1115 1111 1196 pugnando
1146 1118 1283 1200 primae

126 1225 241 1289 acies
274 1228 414 1288 essent
446 1220 508 1302 (ab
537 1220 728 1284 Romanis
761 1220 890 1303 prima
924 1220 1031 1304 legio
1065 1231 1103 1288 et
1136 1223 1284 1289 dextra

122 1331 203 1410 ala,
231 1330 278 1395 ab
300 1327 535 1395 Hannibale
557 1327 634 1408 —)‚
664 1327 731 1391 diu
754 1348 887 1411 pugna
908 1335 1053 1394 neutro
1075 1331 1284 1396 inclinata

122 1440 269 1519 stetit3
302 1437 438 1522 primae
466 1435 621 1519 legioni
648 1436 791 1514 tertia,
825 1435 975 1501 dextrae
1004 1437 1076 1502 alae
1106 1441 1283 1506 sinistra

125 1546 262 1612 subiit
288 1553 327 1611 et
356 1543 460 1628 apud
487 1535 629 1609 hostes'
656 1544 810 1625 integri
833 1564 854 1607 a
875 1543 999 1609 fessis
1022 1567 1195 1629 pugnarn
1218 1568 1282 1612 ac-

120 1675 290 1739 cepere;
318 1673 459 1718 novum
487 1658 613 1732 atque
635 1657 752 1715 atrox
775 1650 976 1733 proelium
999 1673 1044 1716 ex
1066 1660 1145 1719 tam
1168 1658 1281 1738 segni

122 1769 295 1847 repente
325 1761 482 1826 exarsit
507 1759 745 1824 recentibus
773 1759 920 1824 animis
950 1761 1280 1844 corporibusque.

123 1870 229 1934 Recte
251 1867 536 1934 Weissenbornius
560 1866 678 1944 sensit,
707 1865 833 1948 aliquid
856 1866 970 1932 deesse
994 1869 1037 1933 ad
1059 1871 1281 1935 narrationem

121 1976 347 2055 vinciendam3
377 1973 520 2040 debebat
542 1973 661 2038 saltem
684 1973 763 2038 dici:
794 1980 875 2039 tum
904 1977 1038 2058 primae
1061 1977 1215 2061 legioni
1238 2014 1282 2024 -

117 2091 251 2168 atque
278 2104 423 2149 norum
451 2087 490 2146 et
517 2088 634 2146 atrox
662 2081 862 2164 proelium
890 2089 951 2147 cet.
1005 2084 1069 2150 Sed
1092 2087 1180 2167 qnod
1203 2093 1280 2151 ante

122 2191 195 2256 din
221 2192 340 2257 inserit
367 2191 433 2256 ubi
457 2189 539 2271 (ubi
568 2188 634 2253 diu
663 2188 810 2272 pugna)
839 2195 873 2254 et
901 2193 1072 2274 periodum
1101 2192 1187 2257 liniri
1210 2193 1281 2260 vult

119 2301 160 2364 in
190 2319 398 2382 accepere,
431 2299 574 2382 primum
600 2297 670 2361 ubi
702 2332 746 2341 —
774 2298 896 2362 stetit
928 2319 992 2363 non
1028 2307 1118 2365 recte
1146 2303 1281 2384 ponitur

122 2429 187 2492 pro
220 2413 433 2490 postquam
461 2404 543 2486 (din
572 2411 766 2484 steterat,
799 2425 839 2468 ex
860 2405 943 2470 Livii
971 2408 1005 2470 in
1033 2408 1094 2473 tali
1122 2430 1157 2473 re
1187 2410 1279 2490 nsu);

119 2536 203 2580 narn
223 2515 293 2580 ubi
316 2513 479 2597 significat
500 2532 597 2578 unam
620 2512 766 2595 aliquam
787 2532 855 2577 rem
879 2514 980 2578 semel
1002 2512 1139 2596 factam3
1163 2518 1280 2583 deinde

120 2623 322 2705 relinquitur
348 2643 414 2686 non
436 2622 544 2686 minus
567 2619 742 2685 molestum
765 2620 947 2704 asyndeton
970 2623 1003 2686 in
1026 2623 1108 2687 illis:
1137 2646 1280 2690 novum

118 2736 249 2812 atque
278 2735 397 2794 atrox
425 2735 489 2794 cet.
512 2727 600 2811 (prot
637 2728 727 2792 Tum
755 2748 897 2792 novum
920 2729 1008 2810 oet).
1064 2729 1280 2797 Scribendnm

119 2845 194 2903 est:
226 2837 282 2903 Ab
315 2836 417 2901 hora
449 2836 577 2902 tertia
605 2855 720 2917 quum
749 2834 796 2899 ad
824 2843 982 2901 noctem
1011 2859 1184 2920 pugnarn
1212 2860 1279 2904 ex·

118 2943 507 3024 tendissent-(—)‚
526 2943 592 3007 diu
611 2964 743 3026 pugna
760 2951 908 3009 neutro
926 2944 1132 3010 inclinata
1148 2947 1278 3011 stetit.

120 3053 166 3114 {lt
193 3053 327 3136 primm
355 3051 511 3135 legioni
538 3052 680 3129 tertia,
709 3086 753 3096 —
781 3050 908 3115 subiit
938 3059 978 3116 et
1006 3052 1111 3134 apud
1139 3053 1279 3119 hostes

1299 799 1370 868 (319)

119 3160 278 3243 integri
311 3180 331 3224 a
363 3158 487 3224 fessis
521 3178 694 3242 pugnam
727 3179 934 3242 accepere,
975 3180 1114 3225 norum
1155 3166 1278 3244 atque
1315 3224 1318 3229 ff

32 3271 36 3274 ’
121 3273 245 3332 atrox
272 3268 471 3351 proelium
493 3269 714 3350 -exarsit
736 3273 796 3332 cet.
853 3268 954 3331 Recte
976 3267 1057 3347 iarn,
1087 3267 1202 3333 addito
1225 3275 1277 3347 nt,

119 3374 214 3459 qnod
241 3381 335 3458 patet
364 3396 463 3458 quam
490 3374 587 3439 facile
615 3381 691 3457 post
718 3375 752 3438 it
774 3373 922 3455 (stetit)
946 3375 1095 3440 excidere
1124 3377 1278 3458 potuerit,

120 3484 295 3548 conversio
328 3484 377 3547 rei
410 3483 502 3547 novis
529 3483 631 3566 copiis
659 3483 693 3545 in
721 3483 860 3565 primam
888 3484 993 3547 aciem
1021 3483 1162 3549 inductis
1189 3484 1278 3550 facta

118 3589 338 3673 significatur.
400 3590 465 3655 Pro
504 3611 551 3655 ex
584 3597 664 3655 tam
704 3591 817 3672 segni
857 3598 946 3654 recte
986 3589 1139 3656 Dukerns
1178 3591 1277 3656 scribi
1339 3606 1343 3611 ·

119 3696 229 3762 uoluit
262 3718 308 3762 ex
343 3698 421 3762 iam
456 3699 586 3780 segni;
620 3719 727 3781 neque
756 3699 841 3761 enirn
869 3697 980 3763 Livius
1011 3719 1123 3781 segne,
1157 3699 1278 3764 nedum

118 3803 219 3870 valde
246 3803 356 3886 (tam)
385 3826 499 3889 segne,
533 3811 640 3870 totum
673 3805 826 3889 superius
854 3804 1018 3888 proelium
1045 3804 1148 3871 fuisse
1178 3806 1277 3888 signi·

116 3911 212 3990 ficat,
234 3911 302 3992 sed,
325 3906 426 3997 qnnin
447 3935 507 3996 per
528 3913 650 3977 multas
674 3913 772 3977 horas
794 3920 978 3996 pugnatum
994 3912 1155 3994 fessaeque
1174 3913 1277 3995 copiae

118 4026 242 4097 essent,
264 4020 331 4084 iarn
354 4041 454 4103 segne
475 4021 609 4086 factum.

209 4124 290 4210 Cap.
314 4132 348 4207 5,
376 4134 397 4193 4
426 4128 496 4209 (nbi
524 4129 567 4193 Μ.
590 4129 740 4194 Valerius
764 4128 912 4193 Laevinus
936 4127 975 4191 de
999 4125 1111 4190 Sicilia
1133 4146 1154 4189 a
1176 4147 1211 4190 se
1234 4126 1277 4191 ad

119 4234 291 4299 meliorem
319 4242 443 4301 statum
470 4242 624 4301 revocata
653 4234 843 4319 gloriatur):
877 4235 1075 4299 neminem
1105 4232 1276 4298 Cartha·

116 4343 349 4424 giniensem
375 4345 414 4408 in
444 4343 589 4409 Sicilia
617 4364 722 4423 esse;
755 4343 953 4408 neminem
983 4338 1177 4420 Siculum,
1207 4341 1277 4424 qui

1011 4668 1195 4784 fl
