<?xml version="1.0" encoding="UTF-8"?>
<!DOCTYPE html PUBLIC "-//W3C//DTD XHTML 1.0 Transitional//EN"
    "http://www.w3.org/TR/xhtml1/DTD/xhtml1-transitional.dtd">
<html xmlns="http://www.w3.org/1999/xhtml" xml:lang="en" lang="en">
 <head>
  <title>
</title>
<meta http-equiv="Content-Type" content="text/html;charset=utf-8" />
  <meta name='ocr-system' content='tesseract 3.04.00' />
  <meta name='ocr-capabilities' content='ocr_page ocr_carea ocr_par ocr_line ocrx_word'/>
</head>
<body>
  <div class='ocr_page' id='page_1' title='image "./emendationesliv00madvgoog_0661.png"; bbox 0 0 3000 5116; ppageno 0'>
   <div class='ocr_carea' id='block_1_1' title="bbox 238 452 846 516">
    <p class='ocr_par' dir='ltr' id='par_1_1' title="bbox 238 452 846 516">
     <span class='ocr_line' id='line_1_1' title="bbox 238 452 846 516; baseline -0.007 0"><span class='ocrx_word' id='word_1_1' title='bbox 238 459 301 516; x_wconf 85' lang='lat' dir='ltr'>Lib.</span> <span class='ocrx_word' id='word_1_2' title='bbox 319 459 444 515; x_wconf 78' lang='lat' dir='ltr'>XXXIX.</span> <span class='ocrx_word' id='word_1_3' title='bbox 786 452 846 513; x_wconf 79' lang='lat'>562</span> 
     </span>
    </p>
   </div>
   <div class='ocr_carea' id='block_1_2' title="bbox 136 632 1400 3939">
    <p class='ocr_par' dir='ltr' id='par_1_2' title="bbox 235 632 1400 1149">
     <span class='ocr_line' id='line_1_2' title="bbox 238 632 1400 721; baseline 0.005 -24"><span class='ocrx_word' id='word_1_4' title='bbox 238 633 374 698; x_wconf 84' lang='lat' dir='ltr'>verbum</span> <span class='ocrx_word' id='word_1_5' title='bbox 398 632 551 698; x_wconf 84' lang='lat' dir='ltr'>dixerit</span> <span class='ocrx_word' id='word_1_6' title='bbox 572 634 754 700; x_wconf 88' lang='lat' dir='ltr'>tollendum</span> <span class='ocrx_word' id='word_1_7' title='bbox 783 656 869 716; x_wconf 87' lang='lat' dir='ltr'>esse;</span> <span class='ocrx_word' id='word_1_8' title='bbox 903 656 1008 720; x_wconf 88' lang='lat' dir='ltr'>neque</span> <span class='ocrx_word' id='word_1_9' title='bbox 1031 638 1117 702; x_wconf 88' lang='lat' dir='ltr'>enim</span> <span class='ocrx_word' id='word_1_10' title='bbox 1140 637 1321 721; x_wconf 85' lang='lat' dir='ltr'>quidquam</span> <span class='ocrx_word' id='word_1_11' title='bbox 1350 639 1400 702; x_wconf 82' lang='lat' dir='ltr'>ri·</span> 
     </span>
     <span class='ocr_line' id='line_1_3' title="bbox 237 741 1394 829; baseline 0.005 -25"><span class='ocrx_word' id='word_1_12' title='bbox 237 742 327 805; x_wconf 83' lang='lat' dir='ltr'>vacis</span> <span class='ocrx_word' id='word_1_13' title='bbox 349 742 472 823; x_wconf 79' lang='lat' dir='ltr'>ingenii</span> <span class='ocrx_word' id='word_1_14' title='bbox 494 742 527 805; x_wconf 93' lang='lat' dir='ltr'>in</span> <span class='ocrx_word' id='word_1_15' title='bbox 550 763 590 807; x_wconf 92' lang='lat' dir='ltr'>eo</span> <span class='ocrx_word' id='word_1_16' title='bbox 613 749 761 826; x_wconf 88' lang='lat' dir='ltr'>apparet,</span> <span class='ocrx_word' id='word_1_17' title='bbox 791 741 878 824; x_wconf 92' lang='lat' dir='ltr'>quod</span> <span class='ocrx_word' id='word_1_18' title='bbox 906 750 1080 808; x_wconf 85' lang='lat' dir='ltr'>accusatus</span> <span class='ocrx_word' id='word_1_19' title='bbox 1114 752 1179 823; x_wconf 89' lang='lat' dir='ltr'>est,</span> <span class='ocrx_word' id='word_1_20' title='bbox 1213 744 1274 810; x_wconf 88' lang='lat' dir='ltr'>sed</span> <span class='ocrx_word' id='word_1_21' title='bbox 1307 746 1394 829; x_wconf 89' lang='lat' dir='ltr'>quod</span> 
     </span>
     <span class='ocr_line' id='line_1_4' title="bbox 236 849 1393 934; baseline 0.003 -20"><span class='ocrx_word' id='word_1_22' title='bbox 236 849 308 932; x_wconf 89' lang='lat' dir='ltr'>ipse</span> <span class='ocrx_word' id='word_1_23' title='bbox 333 869 468 913; x_wconf 89' lang='lat' dir='ltr'>oausam</span> <span class='ocrx_word' id='word_1_24' title='bbox 491 850 610 927; x_wconf 82' lang='lat' dir='ltr'>oravit,</span> <span class='ocrx_word' id='word_1_25' title='bbox 635 856 855 934; x_wconf 86' lang='lat' dir='ltr'>accurateque</span> <span class='ocrx_word' id='word_1_26' title='bbox 878 850 948 915; x_wconf 84' lang='lat' dir='ltr'>haec</span> <span class='ocrx_word' id='word_1_27' title='bbox 971 849 1036 916; x_wconf 90' lang='lat' dir='ltr'>duo</span> <span class='ocrx_word' id='word_1_28' title='bbox 1059 853 1146 916; x_wconf 89' lang='lat' dir='ltr'>inter</span> <span class='ocrx_word' id='word_1_29' title='bbox 1169 872 1204 916; x_wconf 88' lang='lat' dir='ltr'>se</span> <span class='ocrx_word' id='word_1_30' title='bbox 1227 855 1393 918; x_wconf 88' lang='lat' dir='ltr'>contraria</span> 
     </span>
     <span class='ocr_line' id='line_1_5' title="bbox 236 954 1393 1044; baseline 0.004 -24"><span class='ocrx_word' id='word_1_31' title='bbox 236 955 432 1035; x_wconf 86' lang='lat' dir='ltr'>referuntur,</span> <span class='ocrx_word' id='word_1_32' title='bbox 455 954 613 1021; x_wconf 88' lang='lat' dir='ltr'>Catonem</span> <span class='ocrx_word' id='word_1_33' title='bbox 636 964 728 1021; x_wconf 85' lang='lat' dir='ltr'>sexto</span> <span class='ocrx_word' id='word_1_34' title='bbox 751 964 784 1021; x_wconf 92' lang='lat' dir='ltr'>et</span> <span class='ocrx_word' id='word_1_35' title='bbox 806 960 1008 1040; x_wconf 87' lang='lat' dir='ltr'>octogesimo</span> <span class='ocrx_word' id='word_1_36' title='bbox 1032 979 1118 1024; x_wconf 88' lang='lat' dir='ltr'>anno</span> <span class='ocrx_word' id='word_1_37' title='bbox 1142 960 1251 1043; x_wconf 90' lang='lat' dir='ltr'>ipsum</span> <span class='ocrx_word' id='word_1_38' title='bbox 1275 981 1334 1044; x_wconf 94' lang='lat' dir='ltr'>pro</span> <span class='ocrx_word' id='word_1_39' title='bbox 1357 982 1393 1026; x_wconf 91' lang='lat' dir='ltr'>se</span> 
     </span>
     <span class='ocr_line' id='line_1_6' title="bbox 235 1063 1368 1149; baseline 0.004 -21"><span class='ocrx_word' id='word_1_40' title='bbox 235 1084 369 1129; x_wconf 89' lang='lat' dir='ltr'>causam</span> <span class='ocrx_word' id='word_1_41' title='bbox 393 1065 554 1142; x_wconf 83' lang='lat' dir='ltr'>oravisse,</span> <span class='ocrx_word' id='word_1_42' title='bbox 579 1065 790 1146; x_wconf 79' lang='lat' dir='ltr'>nonagesimo</span> <span class='ocrx_word' id='word_1_43' title='bbox 814 1063 955 1129; x_wconf 79' lang='lat' dir='ltr'>Galbam</span> <span class='ocrx_word' id='word_1_44' title='bbox 977 1086 1161 1132; x_wconf 83' lang='lat' dir='ltr'>accusasse.</span> <span class='ocrx_word' id='word_1_45' title='bbox 1208 1067 1368 1149; x_wconf 80' lang='lat'>(1865.)¹)</span> 
     </span>
    </p>

    <p class='ocr_par' dir='ltr' id='par_1_3' title="bbox 233 1169 1392 1464">
     <span class='ocr_line' id='line_1_7' title="bbox 321 1169 1392 1256; baseline 0.007 -22"><span class='ocrx_word' id='word_1_46' title='bbox 321 1169 401 1253; x_wconf 86' lang='lat' dir='ltr'>Cap.</span> <span class='ocrx_word' id='word_1_47' title='bbox 431 1176 482 1249; x_wconf 76' lang='lat' dir='ltr'>lo,</span> <span class='ocrx_word' id='word_1_48' title='bbox 507 1176 525 1234; x_wconf 82' lang='lat'>5</span> <span class='ocrx_word' id='word_1_49' title='bbox 550 1169 702 1252; x_wconf 86' lang='lat' dir='ltr'>Ussingio</span> <span class='ocrx_word' id='word_1_50' title='bbox 730 1193 796 1236; x_wconf 88' lang='lat' dir='ltr'>non</span> <span class='ocrx_word' id='word_1_51' title='bbox 830 1173 900 1237; x_wconf 89' lang='lat' dir='ltr'>sine</span> <span class='ocrx_word' id='word_1_52' title='bbox 933 1193 1033 1237; x_wconf 89' lang='lat' dir='ltr'>causa</span> <span class='ocrx_word' id='word_1_53' title='bbox 1056 1173 1229 1256; x_wconf 83' lang='lat' dir='ltr'>displicuit</span> <span class='ocrx_word' id='word_1_54' title='bbox 1258 1175 1392 1241; x_wconf 76' lang='lat' dir='ltr'>verbum</span> 
     </span>
     <span class='ocr_line' id='line_1_8' title="bbox 235 1276 1391 1361; baseline 0.005 -18"><span class='ocrx_word' id='word_1_55' title='bbox 235 1283 338 1357; x_wconf 88' lang='lat' dir='ltr'>erat;</span> <span class='ocrx_word' id='word_1_56' title='bbox 361 1276 563 1361; x_wconf 82' lang='lat' dir='ltr'>significatur</span> <span class='ocrx_word' id='word_1_57' title='bbox 582 1279 676 1357; x_wconf 90' lang='lat' dir='ltr'>enim,</span> <span class='ocrx_word' id='word_1_58' title='bbox 695 1278 776 1361; x_wconf 89' lang='lat' dir='ltr'>quid</span> <span class='ocrx_word' id='word_1_59' title='bbox 793 1278 984 1361; x_wconf 85' lang='lat' dir='ltr'>religionem</span> <span class='ocrx_word' id='word_1_60' title='bbox 1002 1282 1158 1346; x_wconf 90' lang='lat' dir='ltr'>iniectam</span> <span class='ocrx_word' id='word_1_61' title='bbox 1176 1291 1391 1349; x_wconf 85' lang='lat' dir='ltr'>consecutum</span> 
     </span>
     <span class='ocr_line' id='line_1_9' title="bbox 233 1385 1387 1464; baseline 0.005 -14"><span class='ocrx_word' id='word_1_62' title='bbox 233 1386 285 1464; x_wconf 89' lang='lat' dir='ltr'>sit,</span> <span class='ocrx_word' id='word_1_63' title='bbox 308 1406 374 1450; x_wconf 93' lang='lat' dir='ltr'>non</span> <span class='ocrx_word' id='word_1_64' title='bbox 396 1406 449 1451; x_wconf 89' lang='lat' dir='ltr'>res</span> <span class='ocrx_word' id='word_1_65' title='bbox 473 1392 549 1450; x_wconf 87' lang='lat' dir='ltr'>ante</span> <span class='ocrx_word' id='word_1_66' title='bbox 577 1385 677 1450; x_wconf 84' lang='lat' dir='ltr'>facta.</span> <span class='ocrx_word' id='word_1_67' title='bbox 724 1385 849 1450; x_wconf 86' lang='lat' dir='ltr'>Saltem</span> <span class='ocrx_word' id='word_1_68' title='bbox 867 1386 983 1452; x_wconf 87' lang='lat' dir='ltr'>melius</span> <span class='ocrx_word' id='word_1_69' title='bbox 1007 1388 1143 1453; x_wconf 80' lang='lat' dir='ltr'>verbum</span> <span class='ocrx_word' id='word_1_70' title='bbox 1168 1388 1280 1455; x_wconf 84' lang='lat' dir='ltr'>Livius</span> <span class='ocrx_word' id='word_1_71' title='bbox 1309 1393 1387 1457; x_wconf 90' lang='lat' dir='ltr'>omi·</span> 
     </span>
    </p>

    <p class='ocr_par' dir='ltr' id='par_1_4' title="bbox 198 1491 1114 1580">
     <span class='ocr_line' id='line_1_10' title="bbox 198 1491 1114 1580; baseline -0.001 -19"><span class='ocrx_word' id='word_1_72' title='bbox 198 1575 200 1580; x_wconf 20' lang='grc' dir='ltr'>Ι</span> <span class='ocrx_word' id='word_1_73' title='bbox 233 1497 340 1561; x_wconf 87' lang='lat' dir='ltr'>sisset.</span> <span class='ocrx_word' id='word_1_74' title='bbox 364 1492 486 1574; x_wconf 85' lang='grc'>(1865.)</span> <span class='ocrx_word' id='word_1_75' title='bbox 522 1491 605 1575; x_wconf 87' lang='lat' dir='ltr'>[lam</span> <span class='ocrx_word' id='word_1_76' title='bbox 629 1493 807 1576; x_wconf 90' lang='lat' dir='ltr'>Rupertius</span> <span class='ocrx_word' id='word_1_77' title='bbox 832 1503 894 1558; x_wconf 88' lang='lat' dir='ltr'>est</span> <span class='ocrx_word' id='word_1_78' title='bbox 916 1515 977 1578; x_wconf 91' lang='lat' dir='ltr'>pro</span> <span class='ocrx_word' id='word_1_79' title='bbox 1001 1494 1114 1579; x_wconf 86' lang='lat' dir='ltr'>erat]</span> 
     </span>
    </p>

    <p class='ocr_par' dir='ltr' id='par_1_5' title="bbox 225 1599 1385 2975">
     <span class='ocr_line' id='line_1_11' title="bbox 318 1599 1385 1689; baseline 0.003 -22"><span class='ocrx_word' id='word_1_80' title='bbox 318 1601 398 1685; x_wconf 86' lang='lat' dir='ltr'>Cap.</span> <span class='ocrx_word' id='word_1_81' title='bbox 421 1605 473 1679; x_wconf 81' lang='lat'>47,</span> <span class='ocrx_word' id='word_1_82' title='bbox 497 1605 515 1664; x_wconf 90' lang='grc'>9</span> <span class='ocrx_word' id='word_1_83' title='bbox 540 1599 588 1681; x_wconf 88' lang='lat' dir='ltr'>(in</span> <span class='ocrx_word' id='word_1_84' title='bbox 615 1620 776 1683; x_wconf 89' lang='lat' dir='ltr'>responso</span> <span class='ocrx_word' id='word_1_85' title='bbox 805 1606 940 1665; x_wconf 89' lang='lat' dir='ltr'>senatus</span> <span class='ocrx_word' id='word_1_86' title='bbox 964 1601 1131 1668; x_wconf 86' lang='lat' dir='ltr'>Demetrio</span> <span class='ocrx_word' id='word_1_87' title='bbox 1155 1603 1300 1689; x_wconf 91' lang='lat' dir='ltr'>Philippi</span> <span class='ocrx_word' id='word_1_88' title='bbox 1322 1605 1385 1670; x_wconf 87' lang='lat' dir='ltr'>filio</span> 
     </span>
     <span class='ocr_line' id='line_1_12' title="bbox 231 1705 1381 1797; baseline 0.002 -21"><span class='ocrx_word' id='word_1_89' title='bbox 231 1710 340 1792; x_wconf 88' lang='lat' dir='ltr'>dato):</span> <span class='ocrx_word' id='word_1_90' title='bbox 363 1708 491 1774; x_wconf 90' lang='lat' dir='ltr'>Multa</span> <span class='ocrx_word' id='word_1_91' title='bbox 514 1714 552 1772; x_wconf 89' lang='lat' dir='ltr'>et</span> <span class='ocrx_word' id='word_1_92' title='bbox 575 1705 834 1772; x_wconf 90' lang='lat' dir='ltr'>dissimulare</span> <span class='ocrx_word' id='word_1_93' title='bbox 857 1717 897 1772; x_wconf 87' lang='lat' dir='ltr'>et</span> <span class='ocrx_word' id='word_1_94' title='bbox 920 1708 1113 1774; x_wconf 81' lang='lat' dir='ltr'>oblivisci</span> <span class='ocrx_word' id='word_1_95' title='bbox 1132 1718 1172 1775; x_wconf 89' lang='lat' dir='ltr'>et</span> <span class='ocrx_word' id='word_1_96' title='bbox 1190 1714 1279 1796; x_wconf 86' lang='lat' dir='ltr'>pati</span> <span class='ocrx_word' id='word_1_97' title='bbox 1295 1735 1381 1797; x_wconf 84' lang='lat' dir='ltr'>pra·</span> 
     </span>
     <span class='ocr_line' id='line_1_13' title="bbox 230 1813 1377 1898; baseline 0.002 -14"><span class='ocrx_word' id='word_1_98' title='bbox 230 1819 359 1884; x_wconf 88' lang='lat' dir='ltr'>terita</span> <span class='ocrx_word' id='word_1_99' title='bbox 382 1823 567 1881; x_wconf 89' lang='lat' dir='ltr'>senatum</span> <span class='ocrx_word' id='word_1_100' title='bbox 589 1832 723 1898; x_wconf 89' lang='lat' dir='ltr'>posse,</span> <span class='ocrx_word' id='word_1_101' title='bbox 747 1813 786 1879; x_wconf 79' lang='lat' dir='ltr'>e&#39;t</span> <span class='ocrx_word' id='word_1_102' title='bbox 809 1814 975 1880; x_wconf 87' lang='lat' dir='ltr'>credere</span> <span class='ocrx_word' id='word_1_103' title='bbox 1006 1818 1144 1897; x_wconf 91' lang='lat' dir='ltr'>etiam,</span> <span class='ocrx_word' id='word_1_104' title='bbox 1179 1819 1377 1885; x_wconf 86' lang='lat' dir='ltr'>Demetrio</span> 
     </span>
     <span class='ocr_line' id='line_1_14' title="bbox 231 1921 1376 2010; baseline 0.002 -20"><span class='ocrx_word' id='word_1_105' title='bbox 231 1923 477 1990; x_wconf 90' lang='lat' dir='ltr'>credendum</span> <span class='ocrx_word' id='word_1_106' title='bbox 510 1943 610 1987; x_wconf 91' lang='lat' dir='ltr'>esse.</span> <span class='ocrx_word' id='word_1_107' title='bbox 655 1921 746 1985; x_wconf 82' lang='lat' dir='ltr'>Mira</span> <span class='ocrx_word' id='word_1_108' title='bbox 775 1921 825 1985; x_wconf 77' lang='lat' dir='ltr'>hta</span> <span class='ocrx_word' id='word_1_109' title='bbox 854 1922 1008 2005; x_wconf 85' lang='lat' dir='ltr'>ambages</span> <span class='ocrx_word' id='word_1_110' title='bbox 1032 1932 1111 1990; x_wconf 88' lang='lat' dir='ltr'>sunt</span> <span class='ocrx_word' id='word_1_111' title='bbox 1132 1925 1290 2010; x_wconf 90' lang='lat' dir='ltr'>loquendi</span> <span class='ocrx_word' id='word_1_112' title='bbox 1311 1947 1376 1992; x_wconf 82' lang='lat' dir='ltr'>cnm</span> 
     </span>
     <span class='ocr_line' id='line_1_15' title="bbox 228 2028 1373 2116; baseline -0.002 -18"><span class='ocrx_word' id='word_1_113' title='bbox 228 2035 418 2116; x_wconf 80' lang='lat' dir='ltr'>importuna</span> <span class='ocrx_word' id='word_1_114' title='bbox 429 2030 574 2095; x_wconf 91' lang='lat' dir='ltr'>eiusdem</span> <span class='ocrx_word' id='word_1_115' title='bbox 591 2028 683 2093; x_wconf 87' lang='lat' dir='ltr'>verbi</span> <span class='ocrx_word' id='word_1_116' title='bbox 694 2031 907 2111; x_wconf 88' lang='lat' dir='ltr'>repetitione;</span> <span class='ocrx_word' id='word_1_117' title='bbox 930 2032 1113 2096; x_wconf 87' lang='lat' dir='ltr'>rectissime</span> <span class='ocrx_word' id='word_1_118' title='bbox 1132 2033 1265 2099; x_wconf 88' lang='lat' dir='ltr'>codices</span> <span class='ocrx_word' id='word_1_119' title='bbox 1277 2035 1373 2099; x_wconf 74' lang='lat' dir='ltr'>Loul</span> 
     </span>
     <span class='ocr_line' id='line_1_16' title="bbox 228 2136 1372 2217; baseline -0.003 -11"><span class='ocrx_word' id='word_1_120' title='bbox 228 2147 263 2206; x_wconf 91' lang='lat' dir='ltr'>et</span> <span class='ocrx_word' id='word_1_121' title='bbox 289 2140 396 2204; x_wconf 88' lang='lat' dir='ltr'>Mead.</span> <span class='ocrx_word' id='word_1_122' title='bbox 426 2137 533 2217; x_wconf 54' lang='lat' dir='ltr'>tide</span> <span class='ocrx_word' id='word_1_123' title='bbox 562 2137 595 2201; x_wconf 87' lang='grc' dir='ltr'>Μ</span> <span class='ocrx_word' id='word_1_124' title='bbox 628 2136 772 2217; x_wconf 86' lang='lat' dir='ltr'>tacetur)</span> <span class='ocrx_word' id='word_1_125' title='bbox 807 2136 931 2202; x_wconf 85' lang='lat' dir='ltr'>habent</span> <span class='ocrx_word' id='word_1_126' title='bbox 963 2144 1110 2203; x_wconf 89' lang='lat' dir='ltr'>tantum:</span> <span class='ocrx_word' id='word_1_127' title='bbox 1146 2147 1186 2205; x_wconf 92' lang='lat' dir='ltr'>et</span> <span class='ocrx_word' id='word_1_128' title='bbox 1220 2141 1372 2206; x_wconf 85' lang='lat' dir='ltr'>credere</span> 
     </span>
     <span class='ocr_line' id='line_1_17' title="bbox 228 2242 1365 2329; baseline -0.001 -17"><span class='ocrx_word' id='word_1_129' title='bbox 228 2250 351 2314; x_wconf 88' lang='lat' dir='ltr'>etiam</span> <span class='ocrx_word' id='word_1_130' title='bbox 372 2245 578 2311; x_wconf 89' lang='lat' dir='ltr'>Demetrio</span> <span class='ocrx_word' id='word_1_131' title='bbox 607 2242 734 2325; x_wconf 84' lang='lat' dir='ltr'>(multa,</span> <span class='ocrx_word' id='word_1_132' title='bbox 764 2243 805 2308; x_wconf 91' lang='lat' dir='ltr'>de</span> <span class='ocrx_word' id='word_1_133' title='bbox 833 2245 969 2324; x_wconf 88' lang='lat' dir='ltr'>multis).</span> <span class='ocrx_word' id='word_1_134' title='bbox 1004 2245 1179 2329; x_wconf 85' lang='lat' dir='ltr'>Polybium</span> <span class='ocrx_word' id='word_1_135' title='bbox 1203 2248 1365 2328; x_wconf 63' lang='lat' dir='ltr'>(xxm</span> 
     </span>
     <span class='ocr_line' id='line_1_18' title="bbox 228 2352 1364 2438; baseline -0.004 -18"><span class='ocrx_word' id='word_1_136' title='bbox 228 2356 261 2437; x_wconf 82' lang='lat'>9)</span> <span class='ocrx_word' id='word_1_137' title='bbox 284 2357 350 2420; x_wconf 90' lang='lat' dir='ltr'>iam</span> <span class='ocrx_word' id='word_1_138' title='bbox 378 2352 666 2418; x_wconf 87' lang='lat' dir='ltr'>Drakenborchius</span> <span class='ocrx_word' id='word_1_139' title='bbox 690 2354 910 2435; x_wconf 83' lang='lat' dir='ltr'>comparavit:</span> <span class='ocrx_word' id='word_1_140' title='bbox 946 2359 1091 2434; x_wconf 70' lang='grc' dir='ltr'><strong><em>ἀπόκρισιν</em></strong></span> <span class='ocrx_word' id='word_1_141' title='bbox 1125 2360 1225 2417; x_wconf 70' lang='grc' dir='ltr'><em>ἔδωκεν</em></span> <span class='ocrx_word' id='word_1_142' title='bbox 1258 2355 1287 2438; x_wconf 74' lang='grc' dir='ltr'>(ἢ</span> <span class='ocrx_word' id='word_1_143' title='bbox 1312 2362 1364 2434; x_wconf 63' lang='grc' dir='ltr'>σίγ</span> 
     </span>
     <span class='ocr_line' id='line_1_19' title="bbox 227 2463 1363 2543; baseline -0.001 -19"><span class='ocrx_word' id='word_1_144' title='bbox 227 2463 343 2543; x_wconf 64' lang='lat' dir='ltr'>ulmea),</span> <span class='ocrx_word' id='word_1_145' title='bbox 376 2467 441 2523; x_wconf 77' lang='grc' dir='ltr'><strong><em>διότι</em></strong></span> <span class='ocrx_word' id='word_1_146' title='bbox 475 2467 537 2541; x_wconf 79' lang='grc' dir='ltr'>περὶ</span> <span class='ocrx_word' id='word_1_147' title='bbox 566 2468 674 2522; x_wconf 65' lang='grc' dir='ltr'><em>πάντων</em></span> <span class='ocrx_word' id='word_1_148' title='bbox 697 2466 742 2522; x_wconf 78' lang='grc' dir='ltr'>καὶ</span> <span class='ocrx_word' id='word_1_149' title='bbox 764 2469 815 2522; x_wconf 80' lang='grc' dir='ltr'>τῶν</span> <span class='ocrx_word' id='word_1_150' title='bbox 837 2466 982 2542; x_wconf 74' lang='grc' dir='ltr'><em>εἰρημένων</em></span> <span class='ocrx_word' id='word_1_151' title='bbox 1003 2467 1055 2524; x_wconf 75' lang='grc' dir='ltr'>ὑπ’</span> <span class='ocrx_word' id='word_1_152' title='bbox 1080 2467 1165 2524; x_wconf 67' lang='grc' dir='ltr'><em>αὐτοῦ</em></span> <span class='ocrx_word' id='word_1_153' title='bbox 1181 2469 1294 2525; x_wconf 75' lang='grc' dir='ltr'><strong><em>καὶτῶν</em></strong></span> <span class='ocrx_word' id='word_1_154' title='bbox 1316 2467 1363 2523; x_wconf 71' lang='lat' dir='ltr'>e’rt·</span> 
     </span>
     <span class='ocr_line' id='line_1_20' title="bbox 225 2562 1361 2653; baseline -0.001 -21"><span class='ocrx_word' id='word_1_155' title='bbox 225 2577 387 2653; x_wconf 69' lang='lat' dir='ltr'>proropa&#39;vmr</span> <span class='ocrx_word' id='word_1_156' title='bbox 410 2577 552 2649; x_wconf 65' lang='grc' dir='ltr'>Δημητρίῳ</span> <span class='ocrx_word' id='word_1_157' title='bbox 576 2575 704 2631; x_wconf 76' lang='grc' dir='ltr'><strong><em>πιστεύει.</em></strong></span> <span class='ocrx_word' id='word_1_158' title='bbox 740 2567 852 2648; x_wconf 73' lang='lat' dir='ltr'>(Initio</span> <span class='ocrx_word' id='word_1_159' title='bbox 872 2569 970 2634; x_wconf 84' lang='lat' dir='ltr'>huius</span> <span class='ocrx_word' id='word_1_160' title='bbox 994 2570 1112 2652; x_wconf 75' lang='lat' dir='ltr'>capitis</span> <span class='ocrx_word' id='word_1_161' title='bbox 1135 2573 1243 2635; x_wconf 68' lang='lat' dir='ltr'>Oratio</span> <span class='ocrx_word' id='word_1_162' title='bbox 1264 2572 1306 2635; x_wconf 76' lang='lat' dir='ltr'>Sic</span> <span class='ocrx_word' id='word_1_163' title='bbox 1321 2562 1361 2632; x_wconf 87' lang='lat' dir='ltr'>in·</span> 
     </span>
     <span class='ocr_line' id='line_1_21' title="bbox 225 2675 1359 2761; baseline -0.004 -19"><span class='ocrx_word' id='word_1_164' title='bbox 225 2676 454 2760; x_wconf 80' lang='lat' dir='ltr'>terpungenda</span> <span class='ocrx_word' id='word_1_165' title='bbox 477 2682 535 2754; x_wconf 87' lang='lat' dir='ltr'>est,</span> <span class='ocrx_word' id='word_1_166' title='bbox 560 2675 745 2758; x_wconf 88' lang='lat' dir='ltr'>significato</span> <span class='ocrx_word' id='word_1_167' title='bbox 774 2676 838 2740; x_wconf 74' lang='lat' dir='ltr'>levi</span> <span class='ocrx_word' id='word_1_168' title='bbox 868 2675 1084 2741; x_wconf 88' lang='lat' dir='ltr'>anacolutho:</span> <span class='ocrx_word' id='word_1_169' title='bbox 1119 2677 1359 2761; x_wconf 87' lang='lat' dir='ltr'>Responden-</span> 
     </span>
     <span class='ocr_line' id='line_1_22' title="bbox 226 2781 1360 2859; baseline -0.002 -9"><span class='ocrx_word' id='word_1_170' title='bbox 226 2785 316 2850; x_wconf 89' lang='lat' dir='ltr'>dum</span> <span class='ocrx_word' id='word_1_171' title='bbox 338 2819 381 2828; x_wconf 89' lang='lat'>—</span> <span class='ocrx_word' id='word_1_172' title='bbox 403 2784 607 2848; x_wconf 81' lang='lat' dir='ltr'>Demetrio</span> <span class='ocrx_word' id='word_1_173' title='bbox 632 2790 728 2848; x_wconf 88' lang='lat' dir='ltr'>erat.</span> <span class='ocrx_word' id='word_1_174' title='bbox 776 2781 901 2859; x_wconf 83' lang='lat' dir='ltr'>Quum</span> <span class='ocrx_word' id='word_1_175' title='bbox 924 2783 1030 2848; x_wconf 89' lang='lat' dir='ltr'>haud</span> <span class='ocrx_word' id='word_1_176' title='bbox 1053 2784 1178 2850; x_wconf 89' lang='lat' dir='ltr'>facile</span> <span class='ocrx_word' id='word_1_177' title='bbox 1207 2792 1309 2850; x_wconf 87' lang='lat' dir='ltr'>esset</span> <span class='ocrx_word' id='word_1_178' title='bbox 1325 2814 1360 2826; x_wconf 86' lang='lat'><em>-</em></span> 
     </span>
     <span class='ocr_line' id='line_1_23' title="bbox 225 2891 1358 2975; baseline -0.004 -18"><span class='ocrx_word' id='word_1_179' title='bbox 225 2892 440 2975; x_wconf 86' lang='lat' dir='ltr'>complecti</span> <span class='ocrx_word' id='word_1_180' title='bbox 464 2891 548 2970; x_wconf 87' lang='lat' dir='ltr'>(nec</span> <span class='ocrx_word' id='word_1_181' title='bbox 577 2893 679 2954; x_wconf 90' lang='lat' dir='ltr'>enim</span> <span class='ocrx_word' id='word_1_182' title='bbox 707 2927 749 2935; x_wconf 94' lang='lat'><strong>—</strong></span> <span class='ocrx_word' id='word_1_183' title='bbox 772 2891 1001 2972; x_wconf 82' lang='lat' dir='ltr'>iudicatis),</span> <span class='ocrx_word' id='word_1_184' title='bbox 1025 2892 1127 2957; x_wconf 90' lang='lat' dir='ltr'>nihil</span> <span class='ocrx_word' id='word_1_185' title='bbox 1157 2892 1293 2957; x_wconf 90' lang='lat' dir='ltr'>horum</span> <span class='ocrx_word' id='word_1_186' title='bbox 1311 2909 1358 2954; x_wconf 83' lang='lat' dir='ltr'>ne·</span> 
     </span>
    </p>

    <p class='ocr_par' dir='ltr' id='par_1_6' title="bbox 136 2996 1360 3293">
     <span class='ocr_line' id='line_1_24' title="bbox 136 2996 1360 3088; baseline -0.004 -24"><span class='ocrx_word' id='word_1_187' title='bbox 136 3019 212 3088; x_wconf 80' lang='lat'>(458)</span> <span class='ocrx_word' id='word_1_188' title='bbox 232 3000 567 3083; x_wconf 87' lang='lat' dir='ltr'>queDemetrium</span> <span class='ocrx_word' id='word_1_189' title='bbox 588 3000 735 3063; x_wconf 88' lang='lat' dir='ltr'>docere</span> <span class='ocrx_word' id='word_1_190' title='bbox 754 2998 935 3063; x_wconf 86' lang='lat' dir='ltr'>dilucide</span> <span class='ocrx_word' id='word_1_191' title='bbox 954 3020 1024 3063; x_wconf 88' lang='lat' dir='ltr'>nec</span> <span class='ocrx_word' id='word_1_192' title='bbox 1042 3022 1082 3063; x_wconf 87' lang='lat' dir='ltr'>se</span> <span class='ocrx_word' id='word_1_193' title='bbox 1100 3003 1203 3064; x_wconf 88' lang='lat' dir='ltr'>satis</span> <span class='ocrx_word' id='word_1_194' title='bbox 1221 2996 1360 3082; x_wconf 85' lang='lat' dir='ltr'>liquido</span> 
     </span>
     <span class='ocr_line' id='line_1_25' title="bbox 223 3101 1359 3192; baseline -0.006 -19"><span class='ocrx_word' id='word_1_195' title='bbox 223 3110 383 3174; x_wconf 88' lang='lat' dir='ltr'>discere</span> <span class='ocrx_word' id='word_1_196' title='bbox 413 3107 460 3170; x_wconf 86' lang='lat' dir='ltr'>ab</span> <span class='ocrx_word' id='word_1_197' title='bbox 490 3128 533 3172; x_wconf 91' lang='lat' dir='ltr'>eo</span> <span class='ocrx_word' id='word_1_198' title='bbox 558 3114 723 3171; x_wconf 87' lang='lat' dir='ltr'>senatus</span> <span class='ocrx_word' id='word_1_199' title='bbox 746 3128 863 3187; x_wconf 89' lang='lat' dir='ltr'>quum</span> <span class='ocrx_word' id='word_1_200' title='bbox 887 3115 1076 3171; x_wconf 82' lang='lat' dir='ltr'>cerneret</span> <span class='ocrx_word' id='word_1_201' title='bbox 1099 3130 1231 3192; x_wconf 87' lang='lat' dir='ltr'>posse,</span> <span class='ocrx_word' id='word_1_202' title='bbox 1260 3101 1359 3172; x_wconf 88' lang='lat' dir='ltr'>simul</span> 
     </span>
     <span class='ocr_line' id='line_1_26' title="bbox 222 3213 1068 3293; baseline -0.005 -12"><span class='ocrx_word' id='word_1_203' title='bbox 222 3223 282 3281; x_wconf 83' lang='lat' dir='ltr'>cet.</span> <span class='ocrx_word' id='word_1_204' title='bbox 328 3216 366 3279; x_wconf 92' lang='lat' dir='ltr'>ln</span> <span class='ocrx_word' id='word_1_205' title='bbox 390 3213 494 3278; x_wconf 88' lang='lat' dir='ltr'>nihil</span> <span class='ocrx_word' id='word_1_206' title='bbox 517 3213 658 3277; x_wconf 88' lang='lat' dir='ltr'>horum</span> <span class='ocrx_word' id='word_1_207' title='bbox 681 3216 858 3278; x_wconf 84' lang='lat' dir='ltr'>resumitur</span> <span class='ocrx_word' id='word_1_208' title='bbox 879 3214 1068 3293; x_wconf 86' lang='lat' dir='ltr'>sententia.)</span> 
     </span>
    </p>

    <p class='ocr_par' dir='ltr' id='par_1_7' title="bbox 217 3320 1375 3939">
     <span class='ocr_line' id='line_1_27' title="bbox 307 3320 1364 3406; baseline -0.003 -19"><span class='ocrx_word' id='word_1_209' title='bbox 307 3322 385 3406; x_wconf 87' lang='lat' dir='ltr'>Cap.</span> <span class='ocrx_word' id='word_1_210' title='bbox 409 3327 460 3399; x_wconf 77' lang='grc'>48,</span> <span class='ocrx_word' id='word_1_211' title='bbox 484 3326 501 3383; x_wconf 77' lang='lat'>:2</span> <span class='ocrx_word' id='word_1_212' title='bbox 527 3329 559 3384; x_wconf 89' lang='lat' dir='ltr'>ct</span> <span class='ocrx_word' id='word_1_213' title='bbox 583 3326 615 3384; x_wconf 81' lang='lat'>3:</span> <span class='ocrx_word' id='word_1_214' title='bbox 641 3320 776 3385; x_wconf 87' lang='lat' dir='ltr'>Multae</span> <span class='ocrx_word' id='word_1_215' title='bbox 794 3330 831 3385; x_wconf 89' lang='lat' dir='ltr'>et</span> <span class='ocrx_word' id='word_1_216' title='bbox 850 3321 1030 3404; x_wconf 76' lang='lat' dir='ltr'>parvula</span> <span class='ocrx_word' id='word_1_217' title='bbox 1050 3323 1364 3406; x_wconf 86' lang='lat' dir='ltr'>disceptationes</span> 
     </span>
     <span class='ocr_line' id='line_1_28' title="bbox 220 3429 1366 3510; baseline -0.001 -15"><span class='ocrx_word' id='word_1_218' title='bbox 220 3431 487 3495; x_wconf 80' lang='lat' dir='ltr'>laetabantur</span> <span class='ocrx_word' id='word_1_219' title='bbox 522 3429 577 3497; x_wconf 79' lang='lat' dir='ltr'>(ab</span> <span class='ocrx_word' id='word_1_220' title='bbox 606 3429 724 3510; x_wconf 83' lang='lat' dir='ltr'>legatis</span> <span class='ocrx_word' id='word_1_221' title='bbox 750 3429 1005 3494; x_wconf 65' lang='lat' dir='ltr'>Lacedaemoniis</span> <span class='ocrx_word' id='word_1_222' title='bbox 1033 3430 1067 3493; x_wconf 90' lang='lat' dir='ltr'>in</span> <span class='ocrx_word' id='word_1_223' title='bbox 1101 3438 1253 3495; x_wconf 87' lang='lat' dir='ltr'>senatum</span> <span class='ocrx_word' id='word_1_224' title='bbox 1275 3432 1366 3495; x_wconf 87' lang='lat' dir='ltr'>iutro·</span> 
     </span>
     <span class='ocr_line' id='line_1_29' title="bbox 220 3536 1366 3619; baseline 0 -18"><span class='ocrx_word' id='word_1_225' title='bbox 220 3538 360 3618; x_wconf 81' lang='lat' dir='ltr'>ductis);</span> <span class='ocrx_word' id='word_1_226' title='bbox 395 3536 464 3601; x_wconf 86' lang='lat' dir='ltr'>sed</span> <span class='ocrx_word' id='word_1_227' title='bbox 499 3558 580 3619; x_wconf 68' lang='lat' dir='ltr'>qua&gt;</span> <span class='ocrx_word' id='word_1_228' title='bbox 615 3538 782 3600; x_wconf 80' lang='lat' dir='ltr'>maxime</span> <span class='ocrx_word' id='word_1_229' title='bbox 812 3558 891 3600; x_wconf 88' lang='lat' dir='ltr'>rem</span> <span class='ocrx_word' id='word_1_230' title='bbox 926 3539 1210 3617; x_wconf 84' lang='lat' dir='ltr'>continerent,</span> <span class='ocrx_word' id='word_1_231' title='bbox 1246 3544 1366 3615; x_wconf 88' lang='lat' dir='ltr'>erant,</span> 
     </span>
     <span class='ocr_line' id='line_1_30' title="bbox 218 3644 1369 3725; baseline 0.003 -17"><span class='ocrx_word' id='word_1_232' title='bbox 218 3655 351 3709; x_wconf 86' lang='lat' dir='ltr'>utrum</span> <span class='ocrx_word' id='word_1_233' title='bbox 384 3645 724 3722; x_wconf 81' lang='lat' dir='ltr'>restituerentur,</span> <span class='ocrx_word' id='word_1_234' title='bbox 761 3665 862 3725; x_wconf 84' lang='lat' dir='ltr'>quos</span> <span class='ocrx_word' id='word_1_235' title='bbox 897 3644 1028 3709; x_wconf 73' lang='lat' dir='ltr'>Achaei</span> <span class='ocrx_word' id='word_1_236' title='bbox 1064 3645 1369 3723; x_wconf 77' lang='lat' dir='ltr'>damnaverant,</span> 
     </span>
     <span class='ocr_line' id='line_1_31' title="bbox 218 3751 1372 3836; baseline 0.003 -20"><span class='ocrx_word' id='word_1_237' title='bbox 218 3774 358 3829; x_wconf 87' lang='lat' dir='ltr'>necue,</span> <span class='ocrx_word' id='word_1_238' title='bbox 394 3752 534 3831; x_wconf 84' lang='lat' dir='ltr'>inique</span> <span class='ocrx_word' id='word_1_239' title='bbox 569 3772 617 3813; x_wconf 87' lang='lat' dir='ltr'>an</span> <span class='ocrx_word' id='word_1_240' title='bbox 652 3752 738 3813; x_wconf 86' lang='lat' dir='ltr'>iure</span> <span class='ocrx_word' id='word_1_241' title='bbox 774 3751 1044 3820; x_wconf 82' lang='lat' dir='ltr'>occidissent.</span> <span class='ocrx_word' id='word_1_242' title='bbox 1080 3774 1180 3836; x_wconf 90' lang='lat' dir='ltr'>quos</span> <span class='ocrx_word' id='word_1_243' title='bbox 1216 3756 1372 3820; x_wconf 83' lang='lat' dir='ltr'>occide·</span> 
     </span>
     <span class='ocr_line' id='line_1_32' title="bbox 217 3858 1375 3939; baseline 0.003 -14"><span class='ocrx_word' id='word_1_244' title='bbox 217 3867 324 3939; x_wconf 81' lang='lat' dir='ltr'>rant3</span> <span class='ocrx_word' id='word_1_245' title='bbox 359 3858 601 3923; x_wconf 75' lang='lat' dir='ltr'>vertebatur</span> <span class='ocrx_word' id='word_1_246' title='bbox 635 3865 689 3935; x_wconf 88' lang='lat' dir='ltr'>et,</span> <span class='ocrx_word' id='word_1_247' title='bbox 724 3865 861 3921; x_wconf 87' lang='lat' dir='ltr'>utrum</span> <span class='ocrx_word' id='word_1_248' title='bbox 895 3867 1111 3925; x_wconf 86' lang='lat' dir='ltr'>manerent</span> <span class='ocrx_word' id='word_1_249' title='bbox 1135 3862 1176 3924; x_wconf 91' lang='lat' dir='ltr'>in</span> <span class='ocrx_word' id='word_1_250' title='bbox 1201 3863 1375 3928; x_wconf 79' lang='lat' dir='ltr'>Achaico</span> 
     </span>
    </p>
   </div>
   <div class='ocr_carea' id='block_1_3' title="bbox 243 4127 1382 4366">
    <p class='ocr_par' dir='ltr' id='par_1_8' title="bbox 243 4127 1382 4366">
     <span class='ocr_line' id='line_1_33' title="bbox 243 4127 1380 4204; baseline 0.007 -22"><span class='ocrx_word' id='word_1_251' title='bbox 243 4131 266 4198; x_wconf 81' lang='lat'>¹)</span> <span class='ocrx_word' id='word_1_252' title='bbox 285 4130 362 4199; x_wconf 80' lang='lat' dir='ltr'>[Cap.</span> <span class='ocrx_word' id='word_1_253' title='bbox 382 4133 423 4195; x_wconf 77' lang='lat'>42,</span> <span class='ocrx_word' id='word_1_254' title='bbox 446 4133 472 4180; x_wconf 93' lang='lat' dir='ltr'>ll</span> <span class='ocrx_word' id='word_1_255' title='bbox 495 4146 551 4180; x_wconf 85' lang='lat' dir='ltr'>non</span> <span class='ocrx_word' id='word_1_256' title='bbox 571 4128 630 4180; x_wconf 87' lang='lat' dir='ltr'>sine</span> <span class='ocrx_word' id='word_1_257' title='bbox 650 4146 733 4180; x_wconf 85' lang='lat' dir='ltr'>causa</span> <span class='ocrx_word' id='word_1_258' title='bbox 753 4127 901 4197; x_wconf 77' lang='lat' dir='ltr'>Sicsbyeus</span> <span class='ocrx_word' id='word_1_259' title='bbox 920 4147 971 4198; x_wconf 90' lang='lat' dir='ltr'>pro</span> <span class='ocrx_word' id='word_1_260' title='bbox 991 4129 1051 4182; x_wconf 81' lang='lat' dir='ltr'>Vis</span> <span class='ocrx_word' id='word_1_261' title='bbox 1069 4137 1108 4184; x_wconf 92' lang='lat' dir='ltr'>tu</span> <span class='ocrx_word' id='word_1_262' title='bbox 1126 4133 1198 4195; x_wconf 70' lang='lat' dir='ltr'>-l,</span> <span class='ocrx_word' id='word_1_263' title='bbox 1218 4135 1298 4200; x_wconf 86' lang='lat' dir='ltr'>quod</span> <span class='ocrx_word' id='word_1_264' title='bbox 1317 4154 1380 4204; x_wconf 80' lang='lat' dir='ltr'>quo·</span> 
     </span>
     <span class='ocr_line' id='line_1_34' title="bbox 284 4214 1382 4288; baseline 0.007 -20"><span class='ocrx_word' id='word_1_265' title='bbox 284 4215 369 4268; x_wconf 88' lang='lat' dir='ltr'>modo</span> <span class='ocrx_word' id='word_1_266' title='bbox 397 4215 514 4277; x_wconf 84' lang='lat' dir='ltr'>dicatur,</span> <span class='ocrx_word' id='word_1_267' title='bbox 543 4231 567 4265; x_wconf 84' lang='lat' dir='ltr'>v.</span> <span class='ocrx_word' id='word_1_268' title='bbox 596 4229 679 4281; x_wconf 87' lang='lat' dir='ltr'>supra</span> <span class='ocrx_word' id='word_1_269' title='bbox 698 4232 724 4281; x_wconf 86' lang='lat' dir='ltr'>p.</span> <span class='ocrx_word' id='word_1_270' title='bbox 744 4216 793 4266; x_wconf 75' lang='lat'>229</span> <span class='ocrx_word' id='word_1_271' title='bbox 812 4220 869 4268; x_wconf 87' lang='lat' dir='ltr'>not.</span> <span class='ocrx_word' id='word_1_272' title='bbox 888 4215 915 4267; x_wconf 92' lang='lat' dir='ltr'>h.</span> <span class='ocrx_word' id='word_1_273' title='bbox 935 4214 989 4281; x_wconf 81' lang='lat' dir='ltr'>ed,</span> <span class='ocrx_word' id='word_1_274' title='bbox 1010 4215 1191 4269; x_wconf 83' lang='lat' dir='ltr'>scribendum</span> <span class='ocrx_word' id='word_1_275' title='bbox 1218 4221 1382 4288; x_wconf 86' lang='lat' dir='ltr'>suspicatur</span> 
     </span>
     <span class='ocr_line' id='line_1_35' title="bbox 286 4296 585 4366; baseline -0.003 -14"><span class='ocrx_word' id='word_1_276' title='bbox 286 4299 349 4353; x_wconf 81' lang='lat' dir='ltr'>Vin</span> <span class='ocrx_word' id='word_1_277' title='bbox 367 4304 404 4352; x_wconf 89' lang='lat' dir='ltr'>tu</span> <span class='ocrx_word' id='word_1_278' title='bbox 421 4300 477 4352; x_wconf 84' lang='lat'>—‘?</span> <span class='ocrx_word' id='word_1_279' title='bbox 501 4296 585 4366; x_wconf 70' lang='lat' dir='ltr'>loto]</span> 
     </span>
    </p>
   </div>
   <div class='ocr_carea' id='block_1_4' title="bbox 0 0 1504 5116">
    <p class='ocr_par' dir='ltr' id='par_1_9' title="bbox 0 0 1504 5116">
     <span class='ocr_line' id='line_1_36' title="bbox 0 0 1504 5116; baseline 0 7"><span class='ocrx_word' id='word_1_280' title='bbox 0 0 1504 5116; x_wconf 95' lang='lat' dir='ltr'> </span> 
     </span>
    </p>
   </div>
  </div>
 </body>
</html>
