3000 5116
665 478 726 539 319
1089 487 1151 541 Lib.
1170 486 1272 540 XXIII.

118 662 262 726 iunctivo
275 661 392 726 Hanno
416 663 465 725 uti
487 668 599 745 potest
617 662 906 746 (respondeam,
930 662 963 724 si
987 661 1076 743 quis
1094 664 1272 740 quaerat),

118 776 234 853 aperte
256 768 300 833 ad
324 768 499 833 dicendum
522 779 734 853 provocatus,
768 792 874 853 neque
903 768 1070 832 exhortari
1098 788 1131 831 se
1154 768 1272 849 ipsum.

117 878 143 941 P
172 899 213 941 m.
240 881 255 940 1
286 877 564 960 respondead3
598 886 678 962 puto
712 878 846 943 subesse
879 878 986 959 ipsum
1015 874 1271 958 respondebo

116 991 176 1049 aut
199 985 437 1067 respondeo,
461 985 519 1049 sed
540 985 681 1051 fortasse
704 987 802 1051 simul
822 984 958 1064 aliud.¹)

205 1091 285 1176 Cap.
320 1097 374 1170 17,
409 1098 437 1156 7.
494 1092 557 1157 Hic
590 1093 682 1158 locus
716 1095 750 1159 in
784 1093 954 1159 codicibus
988 1090 1088 1171 (PCM
1113 1090 1201 1165 aliis)
1226 1091 1273 1154 sic

117 1200 289 1266 scribitur:
313 1199 529 1278 Hannibal,
547 1201 711 1266 Acerris
734 1202 912 1284 direptis
934 1208 1055 1283 atque
1078 1200 1272 1276 incensis,

117 1330 236 1392 quum
265 1330 285 1373 a
313 1306 460 1372 Casino
496 1309 745 1375 dictatorem
768 1311 982 1375 Romanum
1005 1308 1270 1391 legionesque

115 1417 237 1481 nimis
260 1415 399 1498 accipi
421 1417 696 1496 nuntiassent,
727 1439 774 1481 ne
797 1418 898 1499 quis,
927 1423 1006 1481 tam
1030 1417 1272 1499 propinquis

116 1525 299 1589 hostium
322 1525 490 1603 castris,
520 1522 664 1609 Capuae
688 1547 848 1609 quoque
871 1530 1177 1602 orerecurrunt,
1207 1545 1272 1588 ex·

116 1634 288 1697 ercitum
311 1632 360 1696 ad
383 1631 612 1697 Casilinum
635 1633 755 1698 ducit.
808 1634 847 1698 In
868 1633 1044 1717 postremis
1068 1633 1177 1715 potius
1200 1652 1272 1696 cum

116 1739 267 1806 Bekkero
291 1721 430 1805 alteram
453 1741 608 1806 Gronovii
632 1743 855 1807 coniecturam
878 1740 1077 1823 sequendam
1100 1747 1196 1824 puto:
1225 1762 1272 1804 ne

116 1849 230 1932 quid,
261 1855 341 1913 tam
364 1870 420 1931 pr.
443 1848 474 1912 h.
499 1869 537 1927 c.,
561 1848 702 1932 Capuae
726 1870 884 1932 quoque
908 1856 1142 1926 moveretur,
1173 1869 1272 1930 quam

116 1958 277 2041 priorem,
312 1977 411 2039 quam
439 1977 544 2039 nuper
573 1957 802 2039 praetulerunt:
836 1977 882 2020 ne
912 1957 1002 2039 quis
1026 1992 1066 2000 -
1086 1963 1273 2021 oreretur

114 2072 257 2131 motus.
304 2063 368 2129 Sed
392 2065 498 2130 maior
518 2071 570 2130 est
592 2066 625 2129 in
649 2065 874 2148 superioribus
899 2064 1072 2142 dubitatio,
1095 2065 1127 2127 in
1151 2064 1269 2145 quibus
1287 2081 1358 2149 (262)

116 2173 198 2257 quid
228 2172 363 2238 subesse
393 2178 508 2256 posset
535 2173 578 2238 ad
606 2193 675 2237 rem
704 2179 738 2238 et
766 2172 935 2237 Livianam
964 2173 1186 2237 narrationem
1215 2194 1272 2255 ap·

115 2288 203 2359 tum,
232 2301 298 2346 non
328 2282 410 2346 satis
439 2280 667 2347 considerasse
689 2281 770 2345 mihi
792 2281 958 2360 videntur,
987 2280 1044 2362 qui
1066 2281 1272 2346 coniecturas

115 2395 303 2467 tentarunt3
344 2410 421 2454 nam
461 2410 567 2473 neque
601 2390 641 2453 de
674 2390 841 2454 arcessitis
874 2389 1060 2472 legionibus
1094 2388 1273 2472 quidquam

116 2497 242 2562 dictum
276 2518 347 2562 esse
381 2499 503 2581 potuit,
544 2519 644 2580 quum
677 2497 758 2561 nulli
792 2496 1032 2579 significentur,
1072 2499 1128 2579 qui
1162 2517 1272 2563 arces-

116 2606 249 2684 sierint,
283 2625 390 2690 neque
428 2606 468 2670 de
502 2606 628 2670 eminus
663 2607 821 2688 aspectis,
856 2628 957 2689 quum
985 2605 1151 2671 Hannibal
1185 2606 1272 2670 inter

116 2713 265 2798 Capuam
294 2720 327 2779 et
355 2713 551 2778 Vulturnum
584 2712 684 2777 fuerit
713 2714 748 2775 in
777 2713 958 2777 meridiana
986 2713 1139 2777 Vulturni
1167 2719 1271 2795 parte,

116 2821 274 2886 Casinum
307 2829 417 2886 autem
451 2822 485 2885 in
519 2820 661 2895 Volscis,
703 2827 776 2885 octo
811 2821 965 2885 milliaria
999 2820 1195 2885 Germanica
1228 2822 1271 2885 ad

115 2931 376 3013 septentrionem
404 2950 425 2993 a
454 2927 570 3011 Capua
604 2928 746 3008 distans,
780 2930 814 2992 in
847 2930 1071 2994 Romanorum
1105 2921 1270 3010 potestate

112 3038 216 3102 fuerit
249 3035 339 3117 (nam
368 3035 470 3101 Lirim
499 3036 667 3101 Hannibal
700 3036 763 3102 hoc
793 3037 880 3102 omni
911 3042 1058 3118 tempore
1087 3042 1162 3117 post
1185 3033 1270 3099 Can-

114 3167 250 3211 nensem
278 3165 422 3229 pugnam
449 3166 516 3209 non
543 3151 767 3226 transgressus
798 3151 864 3222 est,
898 3165 939 3207 ne
968 3143 1011 3206 ad
1041 3165 1114 3208 eum
1138 3143 1269 3225 quidem

113 3253 287 3335 accessit),
320 3273 441 3335 neque,
475 3254 645 3319 nominato
669 3250 786 3317 Casino
823 3252 865 3316 ad
900 3250 1149 3334 significandam
1177 3272 1269 3316 exer-

112 3364 199 3428 citus
230 3363 370 3426 Romani
404 3360 516 3426 sedem
555 3367 768 3445 exspectatur
807 3360 891 3425 alius
927 3361 1054 3444 oppidi,
1095 3382 1161 3444 quo
1193 3382 1270 3443 pro·

113 3471 290 3547 cesserint,
319 3491 437 3535 nomen
471 3468 526 3550 (de
554 3471 694 3552 receptis
724 3470 834 3550 aliquo
858 3469 979 3553 oppido
1002 3471 1157 3533 Romanis
1181 3471 1269 3552 cogi·

63 3610 68 3617 ·
111 3579 180 3642 tari
210 3578 341 3642 omnino
370 3577 510 3660 nequit).
567 3576 674 3641 Unum
704 3578 834 3641 ridetur
863 3576 1055 3658 significari,
1090 3578 1269 3643 Hannibali

110 3686 302 3750 nuntiatum
325 3705 409 3764 esse,
444 3686 625 3750 exercitum
649 3686 836 3764 dictatoria,
871 3686 927 3766 qui
950 3685 992 3749 ad
1016 3683 1170 3750 Casinum
1194 3708 1269 3750 con·

109 3801 269 3877 gregatus
298 3793 592 3876 esset²)‘necdum
622 3793 803 3877 quidquam
825 3793 994 3871 movisset,
1028 3796 1151 3856 moveri
1175 3814 1269 3876 coep·

140 4004 166 4068 ¹)
185 4003 252 4073 Cap.
281 4007 324 4072 14,
354 4005 385 4057 13
404 4002 559 4056 tollendum
581 4009 624 4055 est
648 4021 712 4071 que
736 4007 875 4070 (perque
899 4002 1040 4070 agrum);
1068 4017 1125 4075 non
1149 4009 1269 4069 possunt

183 4106 219 4142 ex
246 4104 327 4158 aequo
355 4088 482 4157 copulari
515 4089 667 4141 traiecto
699 4091 791 4140 amni
825 4094 854 4141 et
888 4104 946 4155 per
974 4103 1092 4153 agrum
1119 4086 1207 4140 hunc
1235 4094 1269 4142 et

181 4173 292 4226 illum.
328 4171 386 4240 [Sic
405 4171 493 4240 Otto]

137 4258 164 4324 ²)
184 4257 318 4312 Proximo
345 4275 419 4312 anno
446 4259 559 4327 longius
589 4259 674 4312 etiam
700 4258 736 4311 ad
758 4258 904 4310 meridiem
929 4275 1024 4310 versus
1044 4257 1121 4311 Cales
1145 4259 1181 4311 ad
1205 4277 1267 4313 oon·

182 4342 352 4396 veniendum
371 4343 431 4397 dies
450 4343 571 4398 edicitur
589 4343 748 4412 legionibus
767 4343 891 4408 urbanis,
910 4359 932 4394 c.
952 4346 993 4407 31,
1012 4344 1036 4395 3.
