<?xml version="1.0" encoding="UTF-8"?>
<!DOCTYPE html PUBLIC "-//W3C//DTD XHTML 1.0 Transitional//EN"
    "http://www.w3.org/TR/xhtml1/DTD/xhtml1-transitional.dtd">
<html xmlns="http://www.w3.org/1999/xhtml" xml:lang="en" lang="en">
 <head>
  <title>
</title>
<meta http-equiv="Content-Type" content="text/html;charset=utf-8" />
  <meta name='ocr-system' content='tesseract 3.04.00' />
  <meta name='ocr-capabilities' content='ocr_page ocr_carea ocr_par ocr_line ocrx_word'/>
</head>
<body>
  <div class='ocr_page' id='page_1' title='image "./emendationesliv00madvgoog_0706.png"; bbox 0 0 2994 5108; ppageno 0'>
   <div class='ocr_carea' id='block_1_1' title="bbox 674 505 1297 590">
    <p class='ocr_par' dir='ltr' id='par_1_1' title="bbox 674 505 1297 590">
     <span class='ocr_line' id='line_1_1' title="bbox 674 505 1297 590; baseline 0.006 -22"><span class='ocrx_word' id='word_1_1' title='bbox 674 505 735 568; x_wconf 84' lang='grc'>693</span> <span class='ocrx_word' id='word_1_2' title='bbox 1119 516 1180 590; x_wconf 75' lang='lat' dir='ltr'>pin.</span> <span class='ocrx_word' id='word_1_3' title='bbox 1199 515 1297 574; x_wconf 75' lang='lat' dir='ltr'>xum.</span> 
     </span>
    </p>
   </div>
   <div class='ocr_carea' id='block_1_2' title="bbox 93 690 1382 4565">
    <p class='ocr_par' dir='ltr' id='par_1_2' title="bbox 93 690 1382 4565">
     <span class='ocr_line' id='line_1_2' title="bbox 138 690 1298 774; baseline -0.005 -20"><span class='ocrx_word' id='word_1_4' title='bbox 138 693 218 774; x_wconf 91' lang='lat' dir='ltr'>quia</span> <span class='ocrx_word' id='word_1_5' title='bbox 240 713 279 755; x_wconf 83' lang='lat' dir='ltr'>ex</span> <span class='ocrx_word' id='word_1_6' title='bbox 303 692 343 756; x_wconf 91' lang='lat' dir='ltr'>iis</span> <span class='ocrx_word' id='word_1_7' title='bbox 366 690 530 756; x_wconf 83' lang='lat' dir='ltr'><strong>Eumenes</strong></span> <span class='ocrx_word' id='word_1_8' title='bbox 554 699 587 756; x_wconf 89' lang='lat' dir='ltr'>et</span> <span class='ocrx_word' id='word_1_9' title='bbox 609 691 750 756; x_wconf 88' lang='lat' dir='ltr'>Perseus</span> <span class='ocrx_word' id='word_1_10' title='bbox 773 697 936 773; x_wconf 70' lang='grc' dir='ltr'>δυσμενελαν</span> <span class='ocrx_word' id='word_1_11' title='bbox 959 697 1028 771; x_wconf 73' lang='grc' dir='ltr'><strong><em>πρὸς</em></strong></span> <span class='ocrx_word' id='word_1_12' title='bbox 1058 694 1187 764; x_wconf 73' lang='grc' dir='ltr'>ἀλλήλους</span> <span class='ocrx_word' id='word_1_13' title='bbox 1215 690 1298 765; x_wconf 69' lang='grc' dir='ltr'><em>εἶχον,</em></span> 
     </span>
     <span class='ocr_line' id='line_1_3' title="bbox 135 797 1297 883; baseline -0.002 -19"><span class='ocrx_word' id='word_1_14' title='bbox 135 805 268 883; x_wconf 86' lang='lat' dir='ltr'>poterat</span> <span class='ocrx_word' id='word_1_15' title='bbox 290 800 393 882; x_wconf 81' lang='lat' dir='ltr'>magis</span> <span class='ocrx_word' id='word_1_16' title='bbox 423 799 586 865; x_wconf 81' lang='lat' dir='ltr'>rhetorice</span> <span class='ocrx_word' id='word_1_17' title='bbox 621 807 737 864; x_wconf 88' lang='lat' dir='ltr'>auctas</span> <span class='ocrx_word' id='word_1_18' title='bbox 770 801 917 883; x_wconf 90' lang='lat' dir='ltr'>ipsorum</span> <span class='ocrx_word' id='word_1_19' title='bbox 953 797 1036 864; x_wconf 89' lang='lat' dir='ltr'>odiis</span> <span class='ocrx_word' id='word_1_20' title='bbox 1071 797 1198 877; x_wconf 74' lang='lat' dir='ltr'>dicere,</span> <span class='ocrx_word' id='word_1_21' title='bbox 1231 819 1297 862; x_wconf 92' lang='lat' dir='ltr'>non</span> 
     </span>
     <span class='ocr_line' id='line_1_4' title="bbox 135 904 1298 991; baseline -0.001 -20"><span class='ocrx_word' id='word_1_22' title='bbox 135 914 269 991; x_wconf 90' lang='lat' dir='ltr'>poterat</span> <span class='ocrx_word' id='word_1_23' title='bbox 292 927 429 990; x_wconf 90' lang='lat' dir='ltr'>pravam</span> <span class='ocrx_word' id='word_1_24' title='bbox 452 910 538 973; x_wconf 91' lang='lat' dir='ltr'>inter</span> <span class='ocrx_word' id='word_1_25' title='bbox 562 909 631 974; x_wconf 89' lang='lat' dir='ltr'>haec</span> <span class='ocrx_word' id='word_1_26' title='bbox 661 907 724 972; x_wconf 92' lang='lat' dir='ltr'>duo</span> <span class='ocrx_word' id='word_1_27' title='bbox 757 909 1039 991; x_wconf 84' lang='lat' dir='ltr'>comparationem</span> <span class='ocrx_word' id='word_1_28' title='bbox 1062 905 1183 970; x_wconf 86' lang='lat' dir='ltr'>inferre</span> <span class='ocrx_word' id='word_1_29' title='bbox 1208 904 1298 986; x_wconf 89' lang='lat' dir='ltr'>(non</span> 
     </span>
     <span class='ocr_line' id='line_1_5' title="bbox 136 1013 1298 1101; baseline -0.002 -19"><span class='ocrx_word' id='word_1_30' title='bbox 136 1023 217 1082; x_wconf 90' lang='lat' dir='ltr'>tam</span> <span class='ocrx_word' id='word_1_31' title='bbox 239 1051 282 1060; x_wconf 90' lang='lat'>—</span> <span class='ocrx_word' id='word_1_32' title='bbox 304 1014 446 1101; x_wconf 87' lang='lat' dir='ltr'>quarn).</span> <span class='ocrx_word' id='word_1_33' title='bbox 491 1016 686 1081; x_wconf 85' lang='lat' dir='ltr'>Tollendum</span> <span class='ocrx_word' id='word_1_34' title='bbox 709 1023 760 1080; x_wconf 89' lang='lat' dir='ltr'>est</span> <span class='ocrx_word' id='word_1_35' title='bbox 783 1017 883 1099; x_wconf 77' lang='lat' dir='ltr'>igitur</span> <span class='ocrx_word' id='word_1_36' title='bbox 906 1036 1041 1098; x_wconf 89' lang='lat' dir='ltr'>quam,</span> <span class='ocrx_word' id='word_1_37' title='bbox 1070 1013 1125 1078; x_wconf 89' lang='lat' dir='ltr'>hic</span> <span class='ocrx_word' id='word_1_38' title='bbox 1153 1020 1190 1078; x_wconf 89' lang='lat' dir='ltr'>ut</span> <span class='ocrx_word' id='word_1_39' title='bbox 1219 1014 1298 1080; x_wconf 92' lang='lat' dir='ltr'>alibi</span> 
     </span>
     <span class='ocr_line' id='line_1_6' title="bbox 136 1123 1382 1210; baseline 0 -22"><span class='ocrx_word' id='word_1_40' title='bbox 136 1145 237 1210; x_wconf 91' lang='lat' dir='ltr'>prave</span> <span class='ocrx_word' id='word_1_41' title='bbox 261 1124 412 1190; x_wconf 88' lang='lat' dir='ltr'>additum</span> <span class='ocrx_word' id='word_1_42' title='bbox 435 1125 476 1190; x_wconf 86' lang='lat' dir='ltr'>ob</span> <span class='ocrx_word' id='word_1_43' title='bbox 499 1125 688 1208; x_wconf 84' lang='lat' dir='ltr'>praecedens</span> <span class='ocrx_word' id='word_1_44' title='bbox 712 1132 807 1205; x_wconf 88' lang='lat' dir='ltr'>tam;</span> <span class='ocrx_word' id='word_1_45' title='bbox 830 1125 878 1190; x_wconf 95' lang='lat' dir='ltr'>illi</span> <span class='ocrx_word' id='word_1_46' title='bbox 902 1126 989 1189; x_wconf 93' lang='lat' dir='ltr'>enim</span> <span class='ocrx_word' id='word_1_47' title='bbox 1010 1125 1090 1189; x_wconf 73' lang='lat' dir='ltr'>n‘cn</span> <span class='ocrx_word' id='word_1_48' title='bbox 1113 1130 1191 1188; x_wconf 91' lang='lat' dir='ltr'>tam</span> <span class='ocrx_word' id='word_1_49' title='bbox 1210 1123 1292 1210; x_wconf 91' lang='lat' dir='ltr'>libe·</span> <span class='ocrx_word' id='word_1_50' title='bbox 1311 1131 1382 1201; x_wconf 79' lang='lat'>(574)</span> 
     </span>
     <span class='ocr_line' id='line_1_7' title="bbox 136 1231 1297 1317; baseline -0.003 -18"><span class='ocrx_word' id='word_1_51' title='bbox 136 1235 224 1299; x_wconf 91' lang='lat' dir='ltr'>riore</span> <span class='ocrx_word' id='word_1_52' title='bbox 249 1233 407 1299; x_wconf 89' lang='lat' dir='ltr'>orationis</span> <span class='ocrx_word' id='word_1_53' title='bbox 434 1232 542 1298; x_wconf 83' lang='lat' dir='ltr'>forma</span> <span class='ocrx_word' id='word_1_54' title='bbox 575 1233 630 1312; x_wconf 79' lang='lat' dir='ltr'>(de</span> <span class='ocrx_word' id='word_1_55' title='bbox 665 1255 731 1317; x_wconf 91' lang='lat' dir='ltr'>qua</span> <span class='ocrx_word' id='word_1_56' title='bbox 754 1234 820 1299; x_wconf 85' lang='lat' dir='ltr'><strong>dixi</strong></span> <span class='ocrx_word' id='word_1_57' title='bbox 849 1234 903 1299; x_wconf 88' lang='lat' dir='ltr'>ad·</span> <span class='ocrx_word' id='word_1_58' title='bbox 920 1231 986 1297; x_wconf 82' lang='lat' dir='ltr'>Cic.</span> <span class='ocrx_word' id='word_1_59' title='bbox 1015 1232 1086 1297; x_wconf 88' lang='lat' dir='ltr'>Fin.</span> <span class='ocrx_word' id='word_1_60' title='bbox 1109 1232 1133 1311; x_wconf 88' lang='grc' dir='ltr'>Ι,</span> <span class='ocrx_word' id='word_1_61' title='bbox 1168 1237 1181 1296; x_wconf 95' lang='lat' dir='ltr'>l</span> <span class='ocrx_word' id='word_1_62' title='bbox 1209 1254 1239 1316; x_wconf 93' lang='lat' dir='ltr'>p.</span> <span class='ocrx_word' id='word_1_63' title='bbox 1264 1232 1297 1312; x_wconf 89' lang='grc'>4)</span> 
     </span>
     <span class='ocr_line' id='line_1_8' title="bbox 138 1332 1299 1426; baseline 0 -20"><span class='ocrx_word' id='word_1_64' title='bbox 138 1342 223 1406; x_wconf 84' lang='lat' dir='ltr'>haec:</span> <span class='ocrx_word' id='word_1_65' title='bbox 247 1364 325 1406; x_wconf 92' lang='lat' dir='ltr'>non</span> <span class='ocrx_word' id='word_1_66' title='bbox 359 1363 407 1406; x_wconf 92' lang='lat' dir='ltr'>ea</span> <span class='ocrx_word' id='word_1_67' title='bbox 439 1364 581 1425; x_wconf 82' lang='lat' dir='ltr'>regum</span> <span class='ocrx_word' id='word_1_68' title='bbox 610 1332 825 1408; x_wconf 74' lang='lat' dir='ltr'>aemulatio</span> <span class='ocrx_word' id='word_1_69' title='bbox 850 1343 914 1408; x_wconf 83' lang='lat' dir='ltr'>cet&#39;</span> <span class='ocrx_word' id='word_1_70' title='bbox 936 1341 1069 1426; x_wconf 88' lang='lat' dir='ltr'>(quibus</span> <span class='ocrx_word' id='word_1_71' title='bbox 1093 1339 1299 1424; x_wconf 84' lang='lat' dir='ltr'>significatur</span> 
     </span>
     <span class='ocr_line' id='line_1_9' title="bbox 141 1449 1299 1535; baseline 0.001 -23"><span class='ocrx_word' id='word_1_72' title='bbox 141 1459 286 1526; x_wconf 74' lang='grc' dir='ltr'><strong><em>ζηλοτυπία</em></strong></span> <span class='ocrx_word' id='word_1_73' title='bbox 309 1461 337 1512; x_wconf 75' lang='grc' dir='ltr'>ἐκ</span> <span class='ocrx_word' id='word_1_74' title='bbox 360 1458 408 1512; x_wconf 75' lang='grc' dir='ltr'>τοῦ</span> <span class='ocrx_word' id='word_1_75' title='bbox 429 1458 473 1526; x_wconf 73' lang='grc' dir='ltr'>τῆς</span> <span class='ocrx_word' id='word_1_76' title='bbox 504 1456 588 1533; x_wconf 72' lang='grc' dir='ltr'><strong><em>ἀρχῆς</em></strong></span> <span class='ocrx_word' id='word_1_77' title='bbox 612 1449 771 1533; x_wconf 63' lang='grc' dir='ltr'>ὁμογενοῦς)</span> <span class='ocrx_word' id='word_1_78' title='bbox 806 1453 854 1516; x_wconf 85' lang='lat' dir='ltr'>ita</span> <span class='ocrx_word' id='word_1_79' title='bbox 882 1450 1097 1535; x_wconf 89' lang='lat' dir='ltr'>respondent,</span> <span class='ocrx_word' id='word_1_80' title='bbox 1128 1457 1165 1514; x_wconf 92' lang='lat' dir='ltr'>ut</span> <span class='ocrx_word' id='word_1_81' title='bbox 1189 1449 1299 1514; x_wconf 88' lang='lat' dir='ltr'>Livius</span> 
     </span>
     <span class='ocr_line' id='line_1_10' title="bbox 140 1558 1298 1643; baseline -0.002 -21"><span class='ocrx_word' id='word_1_82' title='bbox 140 1580 204 1624; x_wconf 92' lang='lat' dir='ltr'>non</span> <span class='ocrx_word' id='word_1_83' title='bbox 228 1565 298 1622; x_wconf 90' lang='lat' dir='ltr'>tam</span> <span class='ocrx_word' id='word_1_84' title='bbox 321 1580 361 1622; x_wconf 82' lang='lat' dir='ltr'>ex</span> <span class='ocrx_word' id='word_1_85' title='bbox 383 1560 520 1643; x_wconf 86' lang='lat' dir='ltr'>privatis</span> <span class='ocrx_word' id='word_1_86' title='bbox 542 1559 654 1625; x_wconf 91' lang='lat' dir='ltr'>Persei</span> <span class='ocrx_word' id='word_1_87' title='bbox 684 1567 717 1625; x_wconf 92' lang='lat' dir='ltr'>et</span> <span class='ocrx_word' id='word_1_88' title='bbox 739 1559 895 1624; x_wconf 90' lang='lat' dir='ltr'>Eumenis</span> <span class='ocrx_word' id='word_1_89' title='bbox 926 1558 1107 1623; x_wconf 90' lang='lat' dir='ltr'>inimicitiis</span> <span class='ocrx_word' id='word_1_90' title='bbox 1137 1578 1236 1639; x_wconf 90' lang='lat' dir='ltr'>quam</span> <span class='ocrx_word' id='word_1_91' title='bbox 1260 1578 1298 1622; x_wconf 86' lang='lat' dir='ltr'>ex</span> 
     </span>
     <span class='ocr_line' id='line_1_11' title="bbox 140 1665 1298 1751; baseline 0 -21"><span class='ocrx_word' id='word_1_92' title='bbox 140 1666 263 1745; x_wconf 84' lang='lat' dir='ltr'>invidia</span> <span class='ocrx_word' id='word_1_93' title='bbox 286 1674 319 1731; x_wconf 91' lang='lat' dir='ltr'>et</span> <span class='ocrx_word' id='word_1_94' title='bbox 342 1667 550 1732; x_wconf 80' lang='lat' dir='ltr'>aemulatione</span> <span class='ocrx_word' id='word_1_95' title='bbox 579 1689 692 1751; x_wconf 83' lang='lat' dir='ltr'>regum</span> <span class='ocrx_word' id='word_1_96' title='bbox 726 1668 889 1732; x_wconf 90' lang='lat' dir='ltr'>communi</span> <span class='ocrx_word' id='word_1_97' title='bbox 923 1673 1153 1748; x_wconf 82' lang='lat' dir='ltr'>argumentum</span> <span class='ocrx_word' id='word_1_98' title='bbox 1189 1665 1298 1744; x_wconf 84' lang='lat' dir='ltr'>ducat,</span> 
     </span>
     <span class='ocr_line' id='line_1_12' title="bbox 142 1774 1298 1860; baseline -0.002 -20"><span class='ocrx_word' id='word_1_99' title='bbox 142 1796 229 1860; x_wconf 91' lang='lat' dir='ltr'>quae,</span> <span class='ocrx_word' id='word_1_100' title='bbox 254 1776 384 1840; x_wconf 88' lang='lat' dir='ltr'>etiamsi</span> <span class='ocrx_word' id='word_1_101' title='bbox 412 1775 477 1840; x_wconf 90' lang='lat' dir='ltr'>illae</span> <span class='ocrx_word' id='word_1_102' title='bbox 505 1775 602 1840; x_wconf 90' lang='lat' dir='ltr'>nullae</span> <span class='ocrx_word' id='word_1_103' title='bbox 625 1775 777 1855; x_wconf 85' lang='lat' dir='ltr'>fuissent,</span> <span class='ocrx_word' id='word_1_104' title='bbox 810 1776 989 1841; x_wconf 89' lang='lat' dir='ltr'>Eumenem</span> <span class='ocrx_word' id='word_1_105' title='bbox 1019 1774 1182 1839; x_wconf 91' lang='lat' dir='ltr'>aPerseo</span> <span class='ocrx_word' id='word_1_106' title='bbox 1206 1774 1298 1839; x_wconf 92' lang='lat' dir='ltr'>adiu·</span> 
     </span>
     <span class='ocr_line' id='line_1_13' title="bbox 140 1882 1297 1967; baseline 0.001 -21"><span class='ocrx_word' id='word_1_107' title='bbox 140 1884 248 1949; x_wconf 88' lang='lat' dir='ltr'>vando</span> <span class='ocrx_word' id='word_1_108' title='bbox 281 1890 478 1949; x_wconf 85' lang='lat' dir='ltr'>revocatura</span> <span class='ocrx_word' id='word_1_109' title='bbox 510 1883 619 1948; x_wconf 85' lang='lat' dir='ltr'>fuerit.</span> <span class='ocrx_word' id='word_1_110' title='bbox 666 1884 709 1950; x_wconf 88' lang='lat' dir='ltr'>Ut</span> <span class='ocrx_word' id='word_1_111' title='bbox 740 1883 824 1950; x_wconf 91' lang='lat' dir='ltr'>solet</span> <span class='ocrx_word' id='word_1_112' title='bbox 847 1884 989 1964; x_wconf 64' lang='lat' dir='ltr'>Livius,</span> <span class='ocrx_word' id='word_1_113' title='bbox 1009 1904 1081 1966; x_wconf 77' lang='lat' dir='ltr'>quaa</span> <span class='ocrx_word' id='word_1_114' title='bbox 1109 1905 1129 1948; x_wconf 91' lang='lat' dir='ltr'>a</span> <span class='ocrx_word' id='word_1_115' title='bbox 1159 1882 1297 1967; x_wconf 82' lang='lat' dir='ltr'>Polybio</span> 
     </span>
     <span class='ocr_line' id='line_1_14' title="bbox 93 1991 1296 2078; baseline 0 -23"><span class='ocrx_word' id='word_1_116' title='bbox 93 2027 95 2031; x_wconf 32' lang='grc' dir='ltr'><em>ν</em></span> <span class='ocrx_word' id='word_1_117' title='bbox 143 1994 256 2072; x_wconf 90' lang='lat' dir='ltr'>vertit,</span> <span class='ocrx_word' id='word_1_118' title='bbox 278 1992 395 2056; x_wconf 90' lang='lat' dir='ltr'>leviter</span> <span class='ocrx_word' id='word_1_119' title='bbox 417 1993 562 2070; x_wconf 87' lang='lat' dir='ltr'>variare,</span> <span class='ocrx_word' id='word_1_120' title='bbox 597 1993 644 2058; x_wconf 88' lang='lat' dir='ltr'>ita</span> <span class='ocrx_word' id='word_1_121' title='bbox 667 1991 719 2056; x_wconf 92' lang='lat' dir='ltr'>hic</span> <span class='ocrx_word' id='word_1_122' title='bbox 742 1992 960 2058; x_wconf 86' lang='lat' dir='ltr'>aemulationis</span> <span class='ocrx_word' id='word_1_123' title='bbox 981 1993 1046 2057; x_wconf 92' lang='lat' dir='ltr'>vim</span> <span class='ocrx_word' id='word_1_124' title='bbox 1069 1991 1218 2078; x_wconf 88' lang='lat' dir='ltr'>nonnihil</span> <span class='ocrx_word' id='word_1_125' title='bbox 1242 2013 1296 2056; x_wconf 83' lang='lat' dir='ltr'>ex·</span> 
     </span>
     <span class='ocr_line' id='line_1_15' title="bbox 142 2099 1298 2183; baseline -0.003 -16"><span class='ocrx_word' id='word_1_126' title='bbox 142 2100 494 2179; x_wconf 76' lang='lat' dir='ltr'>tulit-inimicitiarum</span> <span class='ocrx_word' id='word_1_127' title='bbox 512 2101 640 2164; x_wconf 90' lang='lat' dir='ltr'>minuit.</span> <span class='ocrx_word' id='word_1_128' title='bbox 676 2099 844 2183; x_wconf 85' lang='lat' dir='ltr'>[Fortasse</span> <span class='ocrx_word' id='word_1_129' title='bbox 862 2101 959 2166; x_wconf 87' lang='lat' dir='ltr'>scrib.</span> <span class='ocrx_word' id='word_1_130' title='bbox 979 2101 1094 2165; x_wconf 89' lang='lat' dir='ltr'>etiam:</span> <span class='ocrx_word' id='word_1_131' title='bbox 1117 2122 1194 2165; x_wconf 92' lang='lat' dir='ltr'>non</span> <span class='ocrx_word' id='word_1_132' title='bbox 1213 2106 1298 2164; x_wconf 91' lang='lat' dir='ltr'>tan·</span> 
     </span>
     <span class='ocr_line' id='line_1_16' title="bbox 143 2206 1300 2292; baseline -0.002 -18"><span class='ocrx_word' id='word_1_133' title='bbox 143 2216 226 2274; x_wconf 88' lang='lat' dir='ltr'>tum</span> <span class='ocrx_word' id='word_1_134' title='bbox 256 2210 350 2292; x_wconf 91' lang='lat' dir='ltr'>quia</span> <span class='ocrx_word' id='word_1_135' title='bbox 377 2206 445 2290; x_wconf 90' lang='lat'>—.]</span> <span class='ocrx_word' id='word_1_136' title='bbox 495 2208 609 2273; x_wconf 84' lang='lat' dir='ltr'>Potest</span> <span class='ocrx_word' id='word_1_137' title='bbox 636 2207 721 2288; x_wconf 87' lang='lat' dir='ltr'>fieri,</span> <span class='ocrx_word' id='word_1_138' title='bbox 752 2215 789 2273; x_wconf 90' lang='lat' dir='ltr'>ut</span> <span class='ocrx_word' id='word_1_139' title='bbox 817 2216 891 2292; x_wconf 86' lang='lat' dir='ltr'>post</span> <span class='ocrx_word' id='word_1_140' title='bbox 919 2228 1105 2273; x_wconf 82' lang='lat' dir='ltr'>accensa</span> <span class='ocrx_word' id='word_1_141' title='bbox 1141 2207 1300 2280; x_wconf 86' lang='lat' dir='ltr'>exciderit</span> 
     </span>
     <span class='ocr_line' id='line_1_17' title="bbox 146 2315 1300 2401; baseline -0.001 -20"><span class='ocrx_word' id='word_1_142' title='bbox 146 2316 217 2381; x_wconf 91' lang='lat' dir='ltr'>sed</span> <span class='ocrx_word' id='word_1_143' title='bbox 248 2315 333 2397; x_wconf 86' lang='lat' dir='ltr'>(sed</span> <span class='ocrx_word' id='word_1_144' title='bbox 366 2338 443 2380; x_wconf 92' lang='lat' dir='ltr'>non</span> <span class='ocrx_word' id='word_1_145' title='bbox 477 2316 550 2398; x_wconf 85' lang='lat' dir='ltr'>ea);</span> <span class='ocrx_word' id='word_1_146' title='bbox 584 2337 659 2380; x_wconf 91' lang='lat' dir='ltr'>nam</span> <span class='ocrx_word' id='word_1_147' title='bbox 687 2315 743 2381; x_wconf 90' lang='lat' dir='ltr'>illc</span> <span class='ocrx_word' id='word_1_148' title='bbox 768 2318 888 2382; x_wconf 88' lang='lat' dir='ltr'>omisso</span> <span class='ocrx_word' id='word_1_149' title='bbox 912 2316 1010 2401; x_wconf 89' lang='lat' dir='ltr'>paulo</span> <span class='ocrx_word' id='word_1_150' title='bbox 1040 2316 1205 2382; x_wconf 88' lang='lat' dir='ltr'>duriorem</span> <span class='ocrx_word' id='word_1_151' title='bbox 1229 2336 1300 2381; x_wconf 85' lang='lat' dir='ltr'>esse</span> 
     </span>
     <span class='ocr_line' id='line_1_18' title="bbox 145 2422 1298 2507; baseline 0 -18"><span class='ocrx_word' id='word_1_152' title='bbox 145 2427 327 2490; x_wconf 86' lang='lat' dir='ltr'>orationem</span> <span class='ocrx_word' id='word_1_153' title='bbox 343 2445 408 2487; x_wconf 92' lang='lat' dir='ltr'>nou</span> <span class='ocrx_word' id='word_1_154' title='bbox 427 2445 518 2506; x_wconf 87' lang='lat' dir='ltr'>nego.</span> <span class='ocrx_word' id='word_1_155' title='bbox 553 2422 724 2489; x_wconf 90' lang='lat' dir='ltr'>Postremo</span> <span class='ocrx_word' id='word_1_156' title='bbox 748 2426 781 2490; x_wconf 93' lang='lat' dir='ltr'>in</span> <span class='ocrx_word' id='word_1_157' title='bbox 805 2425 994 2492; x_wconf 87' lang='lat' dir='ltr'>coniectura</span> <span class='ocrx_word' id='word_1_158' title='bbox 1010 2425 1172 2507; x_wconf 84' lang='lat' dir='ltr'>relinqu0,</span> <span class='ocrx_word' id='word_1_159' title='bbox 1195 2424 1298 2503; x_wconf 89' lang='lat' dir='ltr'>hisne,</span> 
     </span>
     <span class='ocr_line' id='line_1_19' title="bbox 145 2533 1300 2618; baseline 0.002 -21"><span class='ocrx_word' id='word_1_160' title='bbox 145 2533 265 2617; x_wconf 91' lang='lat' dir='ltr'>quibus</span> <span class='ocrx_word' id='word_1_161' title='bbox 309 2538 495 2596; x_wconf 88' lang='lat' dir='ltr'>removetur</span> <span class='ocrx_word' id='word_1_162' title='bbox 527 2534 635 2598; x_wconf 86' lang='lat' dir='ltr'>inanis</span> <span class='ocrx_word' id='word_1_163' title='bbox 676 2533 716 2598; x_wconf 92' lang='lat' dir='ltr'>de</span> <span class='ocrx_word' id='word_1_164' title='bbox 756 2533 902 2600; x_wconf 85' lang='lat' dir='ltr'>Eumene</span> <span class='ocrx_word' id='word_1_165' title='bbox 946 2535 1101 2618; x_wconf 89' lang='lat' dir='ltr'>suspicio,</span> <span class='ocrx_word' id='word_1_166' title='bbox 1136 2555 1191 2612; x_wconf 88' lang='lat' dir='ltr'>ea,</span> <span class='ocrx_word' id='word_1_167' title='bbox 1227 2554 1300 2618; x_wconf 85' lang='lat' dir='ltr'>quae</span> 
     </span>
     <span class='ocr_line' id='line_1_20' title="bbox 143 2641 1299 2723; baseline 0.003 -19"><span class='ocrx_word' id='word_1_168' title='bbox 143 2663 221 2708; x_wconf 88' lang='lat' dir='ltr'>vera</span> <span class='ocrx_word' id='word_1_169' title='bbox 245 2641 356 2705; x_wconf 89' lang='lat' dir='ltr'>Livius</span> <span class='ocrx_word' id='word_1_170' title='bbox 380 2647 489 2723; x_wconf 88' lang='lat' dir='ltr'>putat,</span> <span class='ocrx_word' id='word_1_171' title='bbox 519 2642 566 2706; x_wconf 89' lang='lat' dir='ltr'>sic</span> <span class='ocrx_word' id='word_1_172' title='bbox 588 2642 787 2707; x_wconf 86' lang='lat' dir='ltr'>adiunxerit:</span> <span class='ocrx_word' id='word_1_173' title='bbox 811 2643 978 2706; x_wconf 76' lang='lat' dir='ltr'>dotem</span> <span class='ocrx_word' id='word_1_174' title='bbox 1010 2643 1210 2707; x_wconf 91' lang='lat' dir='ltr'>cernebat</span> <span class='ocrx_word' id='word_1_175' title='bbox 1238 2649 1299 2707; x_wconf 89' lang='lat' dir='ltr'>cet.</span> 
     </span>
     <span class='ocr_line' id='line_1_21' title="bbox 144 2749 1299 2835; baseline -0.001 -19"><span class='ocrx_word' id='word_1_176' title='bbox 144 2750 267 2816; x_wconf 89' lang='lat' dir='ltr'>Saltem</span> <span class='ocrx_word' id='word_1_177' title='bbox 302 2749 490 2831; x_wconf 88' lang='lat' dir='ltr'>aptissimus</span> <span class='ocrx_word' id='word_1_178' title='bbox 526 2751 554 2813; x_wconf 86' lang='lat' dir='ltr'>is</span> <span class='ocrx_word' id='word_1_179' title='bbox 587 2750 747 2814; x_wconf 85' lang='lat' dir='ltr'>transitus</span> <span class='ocrx_word' id='word_1_180' title='bbox 782 2758 876 2816; x_wconf 85' lang='lat' dir='ltr'>esset.</span> <span class='ocrx_word' id='word_1_181' title='bbox 922 2749 1046 2816; x_wconf 90' lang='lat' dir='ltr'>Eodem</span> <span class='ocrx_word' id='word_1_182' title='bbox 1087 2752 1195 2835; x_wconf 88' lang='lat' dir='ltr'>capite</span> <span class='ocrx_word' id='word_1_183' title='bbox 1229 2749 1246 2833; x_wconf 66' lang='grc' dir='ltr'><strong>ἓ</strong></span> <span class='ocrx_word' id='word_1_184' title='bbox 1281 2755 1299 2815; x_wconf 92' lang='grc'>9</span> 
     </span>
     <span class='ocr_line' id='line_1_22' title="bbox 145 2857 1299 2941; baseline -0.002 -16"><span class='ocrx_word' id='word_1_185' title='bbox 145 2860 184 2925; x_wconf 91' lang='lat' dir='ltr'>de</span> <span class='ocrx_word' id='word_1_186' title='bbox 229 2858 394 2937; x_wconf 88' lang='lat' dir='ltr'>mercede,</span> <span class='ocrx_word' id='word_1_187' title='bbox 430 2878 529 2941; x_wconf 89' lang='lat' dir='ltr'>quam</span> <span class='ocrx_word' id='word_1_188' title='bbox 563 2857 740 2937; x_wconf 85' lang='lat' dir='ltr'>Eumenes,</span> <span class='ocrx_word' id='word_1_189' title='bbox 782 2861 840 2922; x_wconf 88' lang='lat' dir='ltr'>aut</span> <span class='ocrx_word' id='word_1_190' title='bbox 877 2865 914 2923; x_wconf 89' lang='lat' dir='ltr'>ut</span> <span class='ocrx_word' id='word_1_191' title='bbox 947 2861 1132 2941; x_wconf 89' lang='lat' dir='ltr'>quiesceret</span> <span class='ocrx_word' id='word_1_192' title='bbox 1172 2864 1230 2924; x_wconf 89' lang='lat' dir='ltr'>aut</span> <span class='ocrx_word' id='word_1_193' title='bbox 1262 2867 1299 2923; x_wconf 88' lang='lat' dir='ltr'>ut</span> 
     </span>
     <span class='ocr_line' id='line_1_23' title="bbox 144 2966 1300 3052; baseline -0.003 -18"><span class='ocrx_word' id='word_1_194' title='bbox 144 2989 258 3052; x_wconf 91' lang='lat' dir='ltr'>pacem</span> <span class='ocrx_word' id='word_1_195' title='bbox 295 2988 369 3031; x_wconf 92' lang='lat' dir='ltr'>cum</span> <span class='ocrx_word' id='word_1_196' title='bbox 403 2968 558 3031; x_wconf 87' lang='lat' dir='ltr'>Romanis</span> <span class='ocrx_word' id='word_1_197' title='bbox 592 2966 711 3031; x_wconf 92' lang='lat' dir='ltr'>Perseo</span> <span class='ocrx_word' id='word_1_198' title='bbox 746 2973 903 3051; x_wconf 87' lang='lat' dir='ltr'>patraret,</span> <span class='ocrx_word' id='word_1_199' title='bbox 945 2967 1190 3049; x_wconf 86' lang='lat' dir='ltr'>paciscebatur,</span> <span class='ocrx_word' id='word_1_200' title='bbox 1223 2966 1300 3031; x_wconf 91' lang='lat' dir='ltr'>Per-</span> 
     </span>
     <span class='ocr_line' id='line_1_24' title="bbox 146 3073 1301 3169; baseline -0.002 -27"><span class='ocrx_word' id='word_1_201' title='bbox 146 3079 258 3160; x_wconf 90' lang='lat' dir='ltr'>seique</span> <span class='ocrx_word' id='word_1_202' title='bbox 291 3078 324 3140; x_wconf 93' lang='lat' dir='ltr'>in</span> <span class='ocrx_word' id='word_1_203' title='bbox 365 3097 404 3140; x_wconf 90' lang='lat' dir='ltr'>ea</span> <span class='ocrx_word' id='word_1_204' title='bbox 443 3097 478 3140; x_wconf 92' lang='lat' dir='ltr'>re</span> <span class='ocrx_word' id='word_1_205' title='bbox 517 3076 786 3169; x_wconf 80' lang='lat' dir='ltr'>tergiversatione</span> <span class='ocrx_word' id='word_1_206' title='bbox 828 3077 875 3139; x_wconf 90' lang='lat' dir='ltr'>sic</span> <span class='ocrx_word' id='word_1_207' title='bbox 915 3076 1087 3140; x_wconf 80' lang='lat' dir='ltr'>scribitur:</span> <span class='ocrx_word' id='word_1_208' title='bbox 1132 3073 1207 3139; x_wconf 89' lang='lat' dir='ltr'>Ubi</span> <span class='ocrx_word' id='word_1_209' title='bbox 1251 3077 1301 3140; x_wconf 88' lang='lat' dir='ltr'>ad</span> 
     </span>
     <span class='ocr_line' id='line_1_25' title="bbox 144 3183 1301 3268; baseline -0.003 -18"><span class='ocrx_word' id='word_1_210' title='bbox 144 3187 328 3268; x_wconf 77' lang='lat' dir='ltr'>pecuniae</span> <span class='ocrx_word' id='word_1_211' title='bbox 362 3185 609 3249; x_wconf 88' lang='lat' dir='ltr'>mentionem</span> <span class='ocrx_word' id='word_1_212' title='bbox 643 3191 804 3249; x_wconf 92' lang='lat' dir='ltr'>ventum</span> <span class='ocrx_word' id='word_1_213' title='bbox 840 3192 945 3262; x_wconf 88' lang='lat' dir='ltr'>erat,</span> <span class='ocrx_word' id='word_1_214' title='bbox 977 3183 1036 3248; x_wconf 91' lang='lat' dir='ltr'>ibi</span> <span class='ocrx_word' id='word_1_215' title='bbox 1070 3183 1301 3249; x_wconf 86' lang='lat' dir='ltr'>haesitabat</span> 
     </span>
     <span class='ocr_line' id='line_1_26' title="bbox 146 3292 1300 3377; baseline -0.002 -18"><span class='ocrx_word' id='word_1_216' title='bbox 146 3293 315 3375; x_wconf 82' lang='lat' dir='ltr'>(Perseus)</span> <span class='ocrx_word' id='word_1_217' title='bbox 346 3301 384 3358; x_wconf 93' lang='lat' dir='ltr'>et</span> <span class='ocrx_word' id='word_1_218' title='bbox 413 3294 560 3374; x_wconf 90' lang='lat' dir='ltr'>utique</span> <span class='ocrx_word' id='word_1_219' title='bbox 594 3292 764 3357; x_wconf 87' lang='lat' dir='ltr'>alteram</span> <span class='ocrx_word' id='word_1_220' title='bbox 793 3292 905 3377; x_wconf 88' lang='lat' dir='ltr'>(quam</span> <span class='ocrx_word' id='word_1_221' title='bbox 933 3292 1113 3371; x_wconf 72' lang='lat' dir='ltr'>EumeneS,</span> <span class='ocrx_word' id='word_1_222' title='bbox 1142 3300 1180 3357; x_wconf 91' lang='lat' dir='ltr'>ut</span> <span class='ocrx_word' id='word_1_223' title='bbox 1204 3293 1300 3376; x_wconf 72' lang='lat' dir='ltr'>&#39;quie-</span> 
     </span>
     <span class='ocr_line' id='line_1_27' title="bbox 149 3401 1300 3484; baseline -0.002 -17"><span class='ocrx_word' id='word_1_224' title='bbox 149 3409 266 3480; x_wconf 75' lang='lat' dir='ltr'>sceret</span> <span class='ocrx_word' id='word_1_225' title='bbox 312 3401 557 3484; x_wconf 89' lang='lat' dir='ltr'>paciscebatur)</span> <span class='ocrx_word' id='word_1_226' title='bbox 597 3402 635 3465; x_wconf 93' lang='lat' dir='ltr'>in</span> <span class='ocrx_word' id='word_1_227' title='bbox 669 3403 778 3465; x_wconf 87' lang='lat' dir='ltr'>tanti</span> <span class='ocrx_word' id='word_1_228' title='bbox 812 3403 982 3467; x_wconf 87' lang='lat' dir='ltr'>nominis</span> <span class='ocrx_word' id='word_1_229' title='bbox 1014 3401 1181 3484; x_wconf 82' lang='lat' dir='ltr'>regibus</span> <span class='ocrx_word' id='word_1_230' title='bbox 1215 3408 1300 3466; x_wconf 90' lang='lat' dir='ltr'>tur·</span> 
     </span>
     <span class='ocr_line' id='line_1_28' title="bbox 145 3509 1300 3594; baseline -0.002 -19"><span class='ocrx_word' id='word_1_231' title='bbox 145 3532 231 3594; x_wconf 91' lang='lat' dir='ltr'>pem</span> <span class='ocrx_word' id='word_1_232' title='bbox 265 3531 310 3574; x_wconf 90' lang='lat' dir='ltr'>ac</span> <span class='ocrx_word' id='word_1_233' title='bbox 345 3510 550 3574; x_wconf 88' lang='lat' dir='ltr'>sordidam</span> <span class='ocrx_word' id='word_1_234' title='bbox 595 3517 634 3574; x_wconf 91' lang='lat' dir='ltr'>et</span> <span class='ocrx_word' id='word_1_235' title='bbox 673 3510 787 3575; x_wconf 89' lang='lat' dir='ltr'>danti</span> <span class='ocrx_word' id='word_1_236' title='bbox 828 3519 865 3574; x_wconf 90' lang='lat' dir='ltr'>et</span> <span class='ocrx_word' id='word_1_237' title='bbox 905 3511 1034 3593; x_wconf 84' lang='lat' dir='ltr'>magis</span> <span class='ocrx_word' id='word_1_238' title='bbox 1073 3509 1300 3594; x_wconf 88' lang='lat' dir='ltr'>accipienti</span> 
     </span>
     <span class='ocr_line' id='line_1_29' title="bbox 144 3617 1300 3703; baseline -0.001 -20"><span class='ocrx_word' id='word_1_239' title='bbox 144 3619 378 3683; x_wconf 88' lang='lat' dir='ltr'>mercedem</span> <span class='ocrx_word' id='word_1_240' title='bbox 402 3639 503 3683; x_wconf 85' lang='lat' dir='ltr'>esse.</span> <span class='ocrx_word' id='word_1_241' title='bbox 548 3617 731 3684; x_wconf 88' lang='lat' dir='ltr'>Malebat</span> <span class='ocrx_word' id='word_1_242' title='bbox 760 3620 801 3682; x_wconf 92' lang='lat' dir='ltr'>in</span> <span class='ocrx_word' id='word_1_243' title='bbox 824 3640 936 3703; x_wconf 89' lang='lat' dir='ltr'>spem</span> <span class='ocrx_word' id='word_1_244' title='bbox 959 3620 1144 3683; x_wconf 89' lang='lat' dir='ltr'>Romanae</span> <span class='ocrx_word' id='word_1_245' title='bbox 1179 3617 1300 3702; x_wconf 88' lang='lat' dir='ltr'>pacis</span> 
     </span>
     <span class='ocr_line' id='line_1_30' title="bbox 144 3727 1300 3810; baseline -0.003 -18"><span class='ocrx_word' id='word_1_246' title='bbox 144 3749 223 3792; x_wconf 90' lang='lat' dir='ltr'>non</span> <span class='ocrx_word' id='word_1_247' title='bbox 247 3748 449 3792; x_wconf 82' lang='lat' dir='ltr'>recusare</span> <span class='ocrx_word' id='word_1_248' title='bbox 472 3728 716 3810; x_wconf 89' lang='lat' dir='ltr'>impensam,</span> <span class='ocrx_word' id='word_1_249' title='bbox 751 3727 820 3791; x_wconf 90' lang='lat' dir='ltr'>sed</span> <span class='ocrx_word' id='word_1_250' title='bbox 850 3747 935 3791; x_wconf 91' lang='lat' dir='ltr'>eam</span> <span class='ocrx_word' id='word_1_251' title='bbox 965 3727 1183 3809; x_wconf 83' lang='lat' dir='ltr'>pecuniam</span> <span class='ocrx_word' id='word_1_252' title='bbox 1206 3746 1300 3809; x_wconf 88' lang='lat' dir='ltr'>per-</span> 
     </span>
     <span class='ocr_line' id='line_1_31' title="bbox 144 3834 1300 3916; baseline -0.002 -16"><span class='ocrx_word' id='word_1_253' title='bbox 144 3836 259 3902; x_wconf 87' lang='lat' dir='ltr'>fecta</span> <span class='ocrx_word' id='word_1_254' title='bbox 281 3857 322 3900; x_wconf 92' lang='lat' dir='ltr'>re</span> <span class='ocrx_word' id='word_1_255' title='bbox 346 3836 551 3915; x_wconf 90' lang='lat' dir='ltr'>daturum;</span> <span class='ocrx_word' id='word_1_256' title='bbox 584 3837 745 3900; x_wconf 91' lang='lat' dir='ltr'>interea</span> <span class='ocrx_word' id='word_1_257' title='bbox 768 3834 1042 3899; x_wconf 79' lang='lat' dir='ltr'>Samothraca</span> <span class='ocrx_word' id='word_1_258' title='bbox 1076 3837 1116 3898; x_wconf 94' lang='lat' dir='ltr'>in</span> <span class='ocrx_word' id='word_1_259' title='bbox 1146 3834 1300 3916; x_wconf 85' lang='lat' dir='ltr'>templo</span> 
     </span>
     <span class='ocr_line' id='line_1_32' title="bbox 144 3942 1301 4028; baseline -0.003 -18"><span class='ocrx_word' id='word_1_260' title='bbox 144 3944 440 4028; x_wconf 87' lang='lat' dir='ltr'>depositurum.</span> <span class='ocrx_word' id='word_1_261' title='bbox 487 3942 525 4006; x_wconf 92' lang='lat' dir='ltr'>In</span> <span class='ocrx_word' id='word_1_262' title='bbox 559 3943 608 4008; x_wconf 84' lang='lat' dir='ltr'>his</span> <span class='ocrx_word' id='word_1_263' title='bbox 642 3942 707 4007; x_wconf 91' lang='lat' dir='ltr'>duc</span> <span class='ocrx_word' id='word_1_264' title='bbox 743 3950 821 4008; x_wconf 91' lang='lat' dir='ltr'>sunt</span> <span class='ocrx_word' id='word_1_265' title='bbox 854 3943 986 4022; x_wconf 90' lang='lat' dir='ltr'>menda,</span> <span class='ocrx_word' id='word_1_266' title='bbox 1015 3945 1109 4026; x_wconf 88' lang='lat' dir='ltr'>prius</span> <span class='ocrx_word' id='word_1_267' title='bbox 1139 3943 1244 4007; x_wconf 88' lang='lat' dir='ltr'>levius</span> <span class='ocrx_word' id='word_1_268' title='bbox 1268 3950 1301 4007; x_wconf 91' lang='lat' dir='ltr'>et</span> 
     </span>
     <span class='ocr_line' id='line_1_33' title="bbox 140 4051 1300 4134; baseline -0.003 -17"><span class='ocrx_word' id='word_1_269' title='bbox 140 4051 279 4117; x_wconf 79' lang='lat' dir='ltr'>sublatu</span> <span class='ocrx_word' id='word_1_270' title='bbox 301 4052 440 4116; x_wconf 91' lang='lat' dir='ltr'>facilius.</span> <span class='ocrx_word' id='word_1_271' title='bbox 487 4051 571 4115; x_wconf 89' lang='lat' dir='ltr'>Nam</span> <span class='ocrx_word' id='word_1_272' title='bbox 593 4059 631 4116; x_wconf 88' lang='lat' dir='ltr'>ut</span> <span class='ocrx_word' id='word_1_273' title='bbox 653 4052 759 4116; x_wconf 89' lang='lat' dir='ltr'>feram</span> <span class='ocrx_word' id='word_1_274' title='bbox 782 4053 965 4117; x_wconf 90' lang='lat' dir='ltr'>mercedem</span> <span class='ocrx_word' id='word_1_275' title='bbox 999 4052 1039 4115; x_wconf 96' lang='lat' dir='ltr'>in</span> <span class='ocrx_word' id='word_1_276' title='bbox 1068 4051 1200 4134; x_wconf 82' lang='lat' dir='ltr'>regibus</span> <span class='ocrx_word' id='word_1_277' title='bbox 1230 4058 1300 4115; x_wconf 89' lang='lat' dir='ltr'>tur-</span> 
     </span>
     <span class='ocr_line' id='line_1_34' title="bbox 141 4159 1299 4242; baseline -0.002 -18"><span class='ocrx_word' id='word_1_278' title='bbox 141 4180 221 4242; x_wconf 91' lang='lat' dir='ltr'>pem</span> <span class='ocrx_word' id='word_1_279' title='bbox 245 4160 318 4238; x_wconf 89' lang='lat' dir='ltr'>dici,</span> <span class='ocrx_word' id='word_1_280' title='bbox 343 4161 460 4225; x_wconf 89' lang='lat' dir='ltr'>saltem</span> <span class='ocrx_word' id='word_1_281' title='bbox 481 4181 546 4224; x_wconf 94' lang='lat' dir='ltr'>non</span> <span class='ocrx_word' id='word_1_282' title='bbox 581 4159 718 4224; x_wconf 83' lang='lat' dir='ltr'>ferenda</span> <span class='ocrx_word' id='word_1_283' title='bbox 751 4181 903 4225; x_wconf 85' lang='lat' dir='ltr'>meroes</span> <span class='ocrx_word' id='word_1_284' title='bbox 936 4161 975 4223; x_wconf 92' lang='lat' dir='ltr'>in</span> <span class='ocrx_word' id='word_1_285' title='bbox 1009 4160 1178 4242; x_wconf 85' lang='lat' dir='ltr'>regibus</span> <span class='ocrx_word' id='word_1_286' title='bbox 1213 4179 1299 4223; x_wconf 89' lang='lat' dir='ltr'>scr·</span> 
     </span>
     <span class='ocr_line' id='line_1_35' title="bbox 140 4248 1300 4353; baseline 0 -21"><span class='ocrx_word' id='word_1_287' title='bbox 140 4267 247 4334; x_wconf 88' lang='lat' dir='ltr'>dida</span> <span class='ocrx_word' id='word_1_288' title='bbox 281 4275 319 4333; x_wconf 89' lang='lat' dir='ltr'>et</span> <span class='ocrx_word' id='word_1_289' title='bbox 353 4269 467 4333; x_wconf 89' lang='lat' dir='ltr'>danti</span> <span class='ocrx_word' id='word_1_290' title='bbox 501 4275 539 4333; x_wconf 92' lang='lat' dir='ltr'>et</span> <span class='ocrx_word' id='word_1_291' title='bbox 573 4269 819 4353; x_wconf 83' lang='lat' dir='ltr'>accipienti3</span> <span class='ocrx_word' id='word_1_292' title='bbox 844 4270 974 4333; x_wconf 89' lang='lat' dir='ltr'>dativus</span> <span class='ocrx_word' id='word_1_293' title='bbox 998 4290 1084 4333; x_wconf 91' lang='lat' dir='ltr'>unus</span> <span class='ocrx_word' id='word_1_294' title='bbox 1107 4248 1217 4332; x_wconf 85' lang='lat' dir='ltr'>locum</span> <span class='ocrx_word' id='word_1_295' title='bbox 1241 4267 1300 4332; x_wconf 91' lang='lat' dir='ltr'>ha·</span> 
     </span>
     <span class='ocr_line' id='line_1_36' title="bbox 135 4371 1300 4460; baseline -0.001 -19"><span class='ocrx_word' id='word_1_296' title='bbox 135 4371 220 4454; x_wconf 74' lang='lat' dir='ltr'>bet,</span> <span class='ocrx_word' id='word_1_297' title='bbox 241 4378 443 4459; x_wconf 77' lang='lat' dir='ltr'>praepositio.</span> <span class='ocrx_word' id='word_1_298' title='bbox 466 4384 505 4442; x_wconf 89' lang='lat' dir='ltr'>ut</span> <span class='ocrx_word' id='word_1_299' title='bbox 529 4398 626 4460; x_wconf 88' lang='lat' dir='ltr'>saepe,</span> <span class='ocrx_word' id='word_1_300' title='bbox 650 4383 723 4442; x_wconf 89' lang='lat' dir='ltr'>orta</span> <span class='ocrx_word' id='word_1_301' title='bbox 745 4397 785 4442; x_wconf 86' lang='lat' dir='ltr'>ex</span> <span class='ocrx_word' id='word_1_302' title='bbox 807 4377 919 4442; x_wconf 88' lang='lat' dir='ltr'>littera</span> <span class='ocrx_word' id='word_1_303' title='bbox 941 4397 969 4438; x_wconf 79' lang='grc' dir='ltr'>ι</span> <span class='ocrx_word' id='word_1_304' title='bbox 992 4376 1199 4460; x_wconf 88' lang='lat' dir='ltr'>praecedenti.</span> <span class='ocrx_word' id='word_1_305' title='bbox 1235 4376 1300 4442; x_wconf 90' lang='lat' dir='ltr'>Sed</span> 
     </span>
     <span class='ocr_line' id='line_1_37' title="bbox 131 4482 1300 4565; baseline 0.003 -19"><span class='ocrx_word' id='word_1_306' title='bbox 131 4482 281 4565; x_wconf 65' lang='lat' dir='ltr'>gavina</span> <span class='ocrx_word' id='word_1_307' title='bbox 304 4483 442 4550; x_wconf 89' lang='lat' dir='ltr'>alterum</span> <span class='ocrx_word' id='word_1_308' title='bbox 465 4491 517 4550; x_wconf 85' lang='lat' dir='ltr'>est</span> <span class='ocrx_word' id='word_1_309' title='bbox 539 4486 697 4551; x_wconf 86' lang='lat' dir='ltr'>orationis</span> <span class='ocrx_word' id='word_1_310' title='bbox 733 4491 766 4550; x_wconf 88' lang='lat' dir='ltr'>et</span> <span class='ocrx_word' id='word_1_311' title='bbox 789 4486 957 4551; x_wconf 89' lang='lat' dir='ltr'>sententiae</span> <span class='ocrx_word' id='word_1_312' title='bbox 986 4486 1110 4551; x_wconf 89' lang='lat' dir='ltr'>vitium.</span> <span class='ocrx_word' id='word_1_313' title='bbox 1156 4486 1300 4550; x_wconf 80' lang='lat' dir='ltr'>Primum</span> 
     </span>
    </p>
   </div>
   <div class='ocr_carea' id='block_1_3' title="bbox 0 0 1509 5108">
    <p class='ocr_par' dir='ltr' id='par_1_3' title="bbox 0 0 1509 5108">
     <span class='ocr_line' id='line_1_38' title="bbox 0 0 1509 5108; baseline 0 0"><span class='ocrx_word' id='word_1_314' title='bbox 0 0 1509 5108; x_wconf 95' lang='lat' dir='ltr'> </span> 
     </span>
    </p>
   </div>
  </div>
 </body>
</html>
