2994 5108
688 486 729 547 77
1170 500 1233 557 Lib.
1251 501 1286 555 11.

124 638 218 733 sunt:
243 673 315 734 aut
336 689 425 734 mox
446 675 628 735 moturos
651 670 882 755 apparebat
905 669 1079 737 Sabinos
1098 680 1157 738 oet.
1192 672 1287 751 Quod

124 775 160 840 in
178 776 290 860 priore
308 783 405 861 parte
422 778 592 843 sententiae
608 777 720 843 bella
737 779 937 845 nominativo
955 801 1035 845 casu
1046 781 1288 863 intelleguntur,

124 884 160 948 in
192 883 303 950 altera
336 886 539 965 accusativo,
578 907 666 971 saepe
700 886 783 967 dixi,
817 887 853 952 id
885 888 1061 954 discrimen
1096 889 1129 953 in
1161 892 1297 955 neutris·

125 998 266 1075 veteres,
287 993 348 1058 ubi
369 989 554 1078 prasertim
574 995 751 1079 perspicue
775 995 933 1062 distincta
956 997 1118 1062 orationis
1140 997 1288 1063 membra

126 1106 252 1182 essent,
279 1101 479 1186 perobscura
502 1102 646 1168 sensisse
668 1123 850 1183 curassem,
880 1103 972 1188 quod
994 1105 1136 1170 maxime
1158 1107 1191 1170 in
1215 1127 1288 1171 sen·

124 1209 241 1275 tentiis
275 1209 423 1276 relativis
455 1210 694 1277 bimembribus
727 1211 875 1294 intellegi
909 1218 1021 1295 potest
1050 1212 1173 1297 (quod
1202 1220 1240 1279 et
1269 1237 1289 1280 a

126 1314 279 1385 Crasso
319 1324 478 1384 tactum
518 1327 582 1385 est
621 1311 670 1385 et'
694 1319 945 1385 Aristoteles
985 1320 1206 1402 adiunxit),
1248 1322 1288 1389 de

126 1424 251 1510 quibus
274 1428 415 1511 exposui
437 1427 480 1492 ad
503 1424 571 1492 Cic.
594 1427 665 1492 Fin.
688 1450 721 1511 p.
746 1432 817 1492 650.
1057 1513 1060 1519 ι

215 1533 322 1619 *Gap
339 1539 391 1615 49,
413 1542 447 1600 4:
482 1535 556 1601 Sex
585 1541 625 1601 et
652 1537 833 1601 trecenti
855 1537 1030 1616 milites,
1060 1559 1196 1602 omnes
1220 1561 1289 1621 pa·

128 1643 266 1723 tricii‚
302 1664 439 1709 omnes
467 1644 589 1709 unius
617 1644 770 1727 gentis,
803 1665 970 1727 quorum
998 1647 1195 1710 neminem
1225 1645 1289 1711 du-

127 1772 215 1817 cem
256 1758 473 1836 sperneret
513 1752 701 1835 egregius
734 1752 997 1836 quibuslibet
1029 1753 1288 1837 temporibus

129 1864 318 1940 senatus,
346 1859 477 1938 ibant,
505 1860 622 1925 unius
650 1858 819 1925 familiae
847 1860 1006 1926 viribus
1029 1860 1190 1926 Veienti
1220 1887 1289 1947 po-

128 1967 225 2052 pulo
243 1956 402 2053 pestem
419 1968 668 2033 minitantes.
699 1966 840 2033 Senatus
857 1990 922 2034 non
935 1969 1050 2034 ducem
1062 1968 1172 2049 habet,
1186 1972 1249 2035 nisi
1263 1973 1290 2035 si

128 2075 264 2161 quando
286 2077 322 2141 in
345 2080 436 2140 certa
458 2074 570 2159 aliqua
591 2096 626 2140 re
648 2077 745 2141 unius
769 2077 966 2142 sententiam
989 2079 1145 2161 sequitur.
1170 2101 1238 2160 nec,
1263 2082 1291 2143 si

128 2184 193 2251 hoc
210 2183 326 2250 Livius
351 2182 484 2263 diceret,
507 2204 610 2248 unum
633 2183 813 2268 quemlibet
835 2205 875 2249 ex
898 2184 963 2249 illis
981 2187 1137 2251 trecentis
1157 2194 1290 2253 senatus

129 2293 315 2377 principem
349 2312 421 2358 esse
454 2292 621 2376 potuisse,
662 2293 866 2376 egregium
905 2300 1055 2358 senatum
1090 2295 1291 2379 appellasset

130 2399 227 2482 (nihil
264 2400 353 2466 enim
381 2400 425 2465 ad
453 2421 523 2465 rem
552 2406 688 2466 senatus
715 2400 789 2466 laus
818 2401 1012 2485 pertineret)
1042 2423 1101 2467 nec
1129 2410 1290 2488 tempora,

130 2530 275 2593 quorum
304 2509 338 2573 in
367 2529 407 2573 ea
433 2528 469 2572 re
492 2507 618 2574 nullum
641 2515 843 2574 momentum
866 2516 962 2590 esset,
987 2520 1289 2594 commemorasset,

128 2618 335 2701 omninoque
364 2614 576 2701 subineptum
603 2615 668 2683 hoc
696 2624 747 2682 est
768 2623 875 2683 totum
899 2616 939 2682 de
962 2639 1160 2702 unoquoque
1182 2620 1287 2686 Fabio

129 2725 321 2810 principatu
350 2730 485 2790 senatus
516 2724 630 2809 digno,
663 2724 745 2790 illud
779 2732 856 2810 apte
890 2726 956 2791 dici
984 2747 1023 2791 ac
1051 2728 1120 2792 sine
1149 2728 1289 2794 ridicula

128 2832 390 2916 exaggeratione
411 2837 557 2917 poterat,
591 2853 855 2918 unumquemque
889 2856 930 2899 ex
958 2833 1009 2899 his
1040 2838 1195 2900 trecentis
1220 2858 1285 2918 sex,
1305 2856 1358 2925 (63)

127 2939 316 3007 senioribus
351 2941 618 3025 iunioribusque,
660 2941 811 3006 omnibus
851 2947 962 3007 tamen
999 2942 1168 3008 nobilibus
1202 2945 1290 3024 viris,

127 3049 335 3115 senatorium
356 3048 466 3115 locum
488 3050 579 3114 tueri
602 3050 761 3133 potuisse,
790 3057 836 3129 ut,
860 3050 887 3114 si
911 3072 977 3115 non
1000 3049 1140 3114 militum
1164 3071 1289 3133 agmen,

127 3154 187 3222 sed
210 3162 346 3222 senatus
367 3156 424 3222 ille
446 3156 575 3237 fuisset,
604 3156 687 3222 nihil
710 3158 886 3242 quisquam
908 3159 942 3221 in
966 3181 1004 3223 eo
1029 3158 1071 3222 ad
1095 3157 1289 3241 dignitatem

127 3265 351 3350 requisiturus
374 3264 491 3344 fuerit,
514 3265 657 3331 militum
681 3273 791 3331 autem
815 3288 946 3331 manum
970 3286 1042 3331 eam
1065 3264 1182 3344 fuisse,
1217 3288 1289 3350 quae

126 3393 171 3438 ex
202 3373 315 3438 meris'
334 3371 475 3439 ducibus
505 3378 657 3439 constare
689 3374 863 3439 videretur.
910 3374 1017 3459 Atque
1046 3373 1130 3439 hanc
1159 3380 1313 3463 senten,

126 3481 211 3546 tiam
244 3502 267 3546 a
302 3480 395 3548 Livio
437 3482 620 3566 Eutropius
660 3484 799 3566 sumpsit
832 3481 876 3563 (Ι,
921 3480 989 3564 16);
1031 3484 1098 3566 qui
1137 3483 1290 3566 singuli

128 3609 364 3672 magnorum
394 3591 654 3656 exercituum
683 3589 805 3656 duces
835 3612 923 3655 esse
948 3589 1160 3672 deberent,
1195 3592 1288 3656 cuius

127 3696 318 3763 imitatione
339 3697 487 3762 nondum
510 3699 753 3779 animadversa,
786 3700 860 3782 ipsa
889 3720 939 3763 me
967 3699 1032 3763 loci
1057 3699 1184 3763 Liviani
1213 3721 1289 3764 con·

127 3804 289 3870 sideratio
322 3802 391 3884 bis,
423 3806 535 3871 multis
570 3807 750 3872 interiectis
780 3807 889 3886 annis,
925 3806 1110 3884 admonuit,
1144 3813 1182 3869 ut
1210 3807 1288 3871 scri-

128 3912 257 3978 berem:
281 3933 454 3998 quorum
476 3914 673 3979 neminem
696 3914 832 3979 ducem
852 3936 1077 3998 sperneres,
1101 3914 1297 4011 egregius¹

126 4019 398 4104 quibuslibet
429 4021 685 4106 temporibus
715 4028 893 4088 senatus.
945 4022 1015 4087 lam
1043 4028 1195 4105 apparet,
1231 4042 1289 4085 cur

127 4125 189 4194 illa
221 4127 487 4215 quibuslibet
521 4131 779 4216 temporibus
814 4130 989 4196 addantur.
1046 4128 1202 4193 Senserat
1230 4128 1288 4192 ali-

127 4236 211 4319 quid
242 4237 338 4322 prari
375 4236 510 4304 subesse
537 4237 752 4323 Tanaquillus
780 4238 903 4316 Faber,
937 4237 1036 4304 homo
1066 4243 1198 4317 acutus,
1232 4238 1290 4321 qui

127 4366 191 4430 pro
221 4354 395 4413 senatus
418 4345 519 4412 scribi
539 4345 690 4414 voluerat
713 4347 936 4425 exercitus,
970 4344 1108 4411 licenter
1129 4344 1287 4429 proiecto.

1339 4671 1440 4810 t
