2994 5108
223 489 286 545 nn.
304 488 404 544 xxm.
768 473 831 534 4⁷2

222 663 255 726 in
289 659 461 726 codicibus
490 659 697 742 vulgaribus,
732 657 853 741 quibus
886 660 1023 740 propter
1049 651 1301 735 Bembergensis
1329 654 1384 720 la·

223 790 340 834 cunam
369 767 449 833 solis
479 768 611 831 utimur.
668 764 758 830 Infra
785 766 819 829 in
849 764 913 828 hoc
941 762 1049 844 capite
1078 757 1109 842 (ἓ
1130 761 1183 844 9),
1216 760 1272 828 ubi
1301 765 1384 829 ede·

221 876 335 941 batur:
369 875 539 952 nullius,
568 875 648 939 nisi
677 875 779 953 eius,
808 872 875 956 qni
903 863 1232 954 triumphaturus
1256 878 1379 953 esset,

221 983 329 1048 hand
363 1004 515 1060 eornm,
560 982 626 1066 qui
660 980 769 1046 bello
804 977 1113 1057 interfuissent,
1136 978 1275 1045 ‘verba
1306 1000 1382 1045 au·

222 1090 347 1168 diret,
381 1089 683 1168 Weissenbornius,
717 1109 816 1170 quum
849 1088 883 1151 in
917 1083 1086 1150 codicibus
1119 1084 1160 1167 (B
1194 1095 1229 1152 et
1260 1108 1380 1153 novem

221 1197 338 1277 Drak.)
363 1219 422 1280 pro
446 1198 569 1277 haud,
604 1196 693 1281 qnod
718 1195 800 1260 Livii
830 1200 863 1259 et
889 1193 958 1258 lere
987 1195 1132 1256 omnium
1162 1195 1236 1258 usui
1259 1195 1293 1259 in
1315 1196 1379 1261 tali

223 1306 382 1369 orationis
414 1305 520 1370 forma
549 1303 636 1383 (ubi
650 1303 852 1368 contrarium
881 1302 1045 1386 superiori
1073 1304 1226 1384 negatur)
1257 1323 1379 1387 repug-

220 1433 300 1477 nare
319 1411 595 1494 Stuerenburgius
615 1410 670 1491 (ad
684 1409 748 1476 Cic.
763 1408 823 1475 Off.
837 1432 867 1493 p.
884 1415 940 1473 141
956 1410 1007 1474 ed.
1024 1410 1054 1491 1)
1074 1409 1321 1492 demonstravit,
1339 1419 1382 1478 et

222 1519 323 1585 scribi
346 1520 487 1597 videret,
518 1519 637 1599 edidit,
667 1519 797 1583 adiecta
819 1518 926 1582 altera
947 1517 1088 1600 negandi
1110 1538 1204 1583 voce:
1239 1525 1279 1584 et
1301 1541 1380 1586 non

221 1648 366 1692 eorum.
418 1626 611 1711 Sequendus
640 1633 711 1691 erat
740 1625 932 1709 simpliciter
955 1625 1231 1709 Stnerenbnrgius
1258 1628 1383 1694 tollen·

222 1734 330 1819 daque
357 1735 490 1816 negatio
519 1741 553 1798 et
576 1733 673 1797 simul
696 1732 933 1798 excludendum
956 1739 1008 1812 et,
1043 1733 1132 1816 quod
1154 1736 1384 1818 geminatione

221 1848 442 1907 extremarum
476 1840 568 1905 verbi
596 1848 708 1905 esset
736 1840 922 1905 litterarum
952 1848 1060 1907 ortum
1089 1848 1149 1906 est.
1206 1840 1262 1908 Sic
1289 1845 1383 1910 enim

219 1948 320 2014 verba
349 1947 515 2013 cohaerent
544 1956 577 2012 et
605 1970 702 2013 unam
731 1969 842 2012 veram
870 1950 1066 2013 sententiam
1090 1949 1253 2015 efficiunt:
1287 1952 1383 2018 nul·

219 2057 304 2121 lius
328 2077 480 2134 eorum,
508 2058 576 2139 qui
603 2055 713 2121 bello
735 2055 1045 2134 interfuissent,
1074 2057 1278 2138 nisieius,
1310 2062 1383 2143 qui

220 2164 547 2246 triumphaturus
565 2170 684 2240 esset,
709 2164 840 2241 verba,
860 2165 1052 2247 exceptione
1072 2164 1169 2248 (nisi
1191 2168 1279 2233 eins
1299 2168 1384 2251 cet.)

219 2271 307 2335 inter
339 2271 495 2335 nullius
531 2279 564 2335 et
598 2271 783 2353 genetivum
812 2271 1003 2352 partitivum
1036 2272 1242 2356 interposita.
1303 2276 1382 2341 Non

219 2380 329 2442 minus
359 2377 551 2442 notabiliter
580 2379 749 2461 genetivus
774 2399 794 2442 a
817 2378 1024 2443 substantivo
1053 2381 1181 2462 regenti
1210 2381 1386 2448 divellitur

217 2485 454 2548 interveniente
477 2485 541 2549 alio
564 2486 712 2568 genetivo
730 2484 829 2565 XXV,
846 2489 894 2562 18,
908 2490 942 2549 5:
965 2494 1153 2552 manente
1175 2493 1387 2573 memorie,

218 2593 342 2656 etiam
376 2593 414 2656 in
451 2592 627 2657 discidio
665 2593 920 2675 publicorum
956 2593 1179 2665 foederum,
1221 2599 1386 2679 privati

218 2696 330 2762 iuris.
383 2696 461 2780 [cfr.
485 2698 594 2778 XXII,
623 2704 680 2774 42,
712 2699 964 2779 cccxxxiv,
993 2707 1048 2777 22,
1082 2701 1144 2784 la]
1191 2704 1325 2770 Similia
1348 2709 1385 2772 in

218 2807 284 2871 alio
314 2828 432 2888 genere
463 2813 554 2882 sunt,
584 2828 655 2889 quae
680 2807 720 2871 ad
745 2808 819 2882 vll,
853 2814 907 2887 10,
940 2814 977 2873 13
1003 2810 1047 2892 (p.
1075 2811 1149 2888 144)
1174 2815 1316 2895 exposui
1341 2816 1386 2880 ‹le

216 2916 447 2996 praepositione
471 2935 491 2977 a
514 2935 593 2978 cusu
622 2923 773 2998 separata
797 2917 997 2999 interpositu
1022 2918 1106 2981 alins
1131 2922 1387 3001 prrcpositionis

217 3041 291 3085 cum
315 3041 403 3085 casu.
449 3022 618 3086 Postremo
642 3021 658 3104 ἓ
684 3028 732 3098 10,
757 3024 813 3087 ubi
837 3022 870 3086 Ο.
894 3025 1047 3088 Aurelius
1072 3025 1184 3089 consul
1208 3027 1388 3095 inducitur

216 3128 418 3211 triumphum
442 3129 476 3191 P.
501 3129 599 3193 Furio
632 3131 797 3194 decretum
822 3132 1082 3213 reprehendens,
1116 3154 1217 3215 quum
1247 3135 1285 3199 in
1308 3138 1386 3201 vul·

128 3250 201 3319 (avr)
220 3235 355 3316 garibus
392 3235 561 3300 codicibus
595 3237 636 3300 ad
667 3237 753 3301 hunc
783 3239 913 3302 modum
945 3239 1159 3304 scriberetur:
1194 3241 1387 3311 Maiores

214 3341 304 3404 ideo
338 3342 593 3421 instituisse,
628 3350 671 3408 ut
707 3345 851 3426 legati,
886 3347 1060 3425 tribuni,
1098 3352 1385 3432 centuriones,

215 3446 374 3512 milites
404 3449 580 3533 deniqne
603 3451 810 3533 triumpho
834 3453 1044 3531 eutlessent,
1079 3463 1123 3519 ut
1151 3458 1288 3523 virtus
1317 3484 1387 3527 re·

215 3574 299 3616 rum
328 3561 534 3635 gestarum
565 3558 672 3636 ciuS,
706 3560 770 3622 cui
804 3567 944 3624 tantus
979 3560 1105 3627 honos
1135 3563 1384 3650 haberetur,

215 3658 379 3754 publice
403 3662 624 3743 videretur,
648 3667 710 3728 nisi
734 3667 821 3748 quod
845 3667 994 3731 nonnulli
1018 3669 1203 3736 habebant:
1227 3682 1274 3740 ut
1297 3678 1386 3742 vir·

215 3771 325 3831 tutes
354 3788 482 3832 rerum
504 3807 547 3814 —
570 3773 734 3854 publice
769 3774 945 3855 videret,
979 3777 1056 3840 inde
1088 3777 1272 3862 aSigonio
1303 3783 1385 3850 ede·

214 3871 328 3936 batur:
364 3881 406 3938 ut
433 3878 588 3941 veritas
616 3901 750 3944 rernm
779 3917 820 3925 —
842 3881 1008 3965 publice
1036 3886 1268 3971 videretur,
1305 3914 1384 3958 ora·

214 3980 313 4058 tione,
343 3987 380 4044 ut
403 3980 571 4047 Creverius
595 3993 684 4050 recte
708 3988 873 4066 iudicavit,
903 3990 1036 4054 minime
1060 3992 1182 4059 Latina
1205 3995 1385 4075 (veritas

214 4086 377 4167 publice
407 4090 591 4172 videtur).
648 4095 770 4158 Nostra
807 4103 920 4175 atate,
955 4120 1055 4180 quum
1084 4101 1117 4165 in
1148 4101 1174 4164 B
1204 4116 1384 4189 repertum

215 4199 316 4255 esset:
351 4202 394 4257 ut
429 4218 559 4261 rerum
594 4208 801 4281 gesturum
837 4206 937 4283 eius,
973 4226 999 4269 c.
1024 4213 1046 4270 1.
1071 4206 1102 4271 h.
1127 4209 1380 4298 haberetur,

212 4316 244 4377 p.
268 4297 305 4359 R.
331 4299 505 4377 videret,
540 4309 646 4387 spatio
683 4329 786 4372 vacuo
824 4312 909 4375 inter
942 4320 985 4378 ut
1020 4322 1054 4379 et
1082 4337 1216 4385 rerum
1247 4327 1385 4405 relicto,
