2994 5108
687 463 744 525 lll
1165 477 1228 535 Lib.
1245 480 1293 534 lv.

139 647 253 728 quasi
274 648 353 713 mei
374 647 532 731 negotii
555 667 680 714 causa
700 649 847 714 missus
870 669 991 729 esses,
1021 648 1087 716 Cic.
1111 651 1154 716 ad
1176 651 1243 717 Att.
1266 653 1292 732 Ι,

142 758 178 820 10
218 761 303 822 extr.
338 761 413 821 aut:
456 755 497 821 id
530 775 639 839 aque
670 756 808 822 valere
843 756 980 836 debet,
1021 778 1065 823 ac
1105 760 1138 824 si
1177 767 1294 844 pater

137 862 360 945 indicaret,
388 863 433 929 id.
461 884 522 948 pro
547 861 628 930 Sull.
654 867 703 944 18,
733 863 805 946 51);
833 864 946 950 itaque
972 865 1081 933 locum
1108 867 1293 951 prodobio

136 969 334 1055 relinque.¹)

222 1076 303 1165 Gap.
328 1084 348 1144 7
370 1086 454 1147 extr.
478 1078 510 1165 (θ
535 1079 589 1163 ll)
613 1082 827 1166 aperiendum
856 1088 890 1147 et
919 1082 1103 1149 tollendum
1132 1089 1183 1149 est
1203 1105 1293 1149 men·

136 1187 216 1254 dum
243 1189 293 1254 ita
321 1189 495 1274 antiquum
523 1190 637 1272 itaque
666 1190 867 1256 occultatum
894 1191 960 1257 iam
987 1192 1021 1255 in
1045 1191 1158 1261 codice
1180 1192 1293 1257 arche·

134 1302 226 1381 typo,
249 1302 288 1362 ut
309 1294 443 1364 difficile
466 1298 510 1363 sit
532 1318 704 1364 assensum
726 1305 938 1382 extorquere3
960 1299 1018 1364 sed
1041 1299 1221 1383 parendum
1244 1307 1296 1365 est

134 1404 280 1471 veritati.
328 1404 415 1471 Nam
436 1411 614 1490 postquam
637 1405 749 1471 Livius
773 1407 866 1487 dixit,
892 1407 928 1472 L.
952 1406 1120 1492 Papirium
1143 1408 1293 1490 Mugilla·

134 1533 215 1578 num
242 1518 277 1579 et
298 1511 335 1578 L.
359 1511 588 1598 Sempronium
610 1513 797 1579 Atratinum
826 1515 977 1581 consules
1005 1535 1110 1598 neque
1134 1516 1168 1580 in
1192 1535 1294 1580 anna·

133 1619 225 1687 libus
254 1622 372 1705 priscis
399 1642 506 1706 neque
528 1621 679 1687 inlibris
701 1624 953 1706 magistratuum
975 1623 1122 1703 inveniri,
1157 1620 1294 1704 Credo,

134 1729 262 1814 inquit,
297 1728 411 1812 quod·
433 1729 592 1796 tribuni
623 1729 799 1795 militum
833 1730 955 1795 initio
990 1731 1085 1795 anni
1113 1728 1293 1811 fuerunt,

136 1857 202 1916 ee,
229 1837 403 1922 perinde
431 1858 475 1904 ac
498 1838 533 1904 si
554 1843 685 1905 totum
707 1859 851 1904 annum
874 1838 913 1901 in
935 1839 1107 1922 imperio
1130 1837 1293 1920 fuerint,

136 1942 336 2012 suffectis
365 1946 417 2012 iis
446 1945 684 2013 consulibus
712 1947 990 2032 praetermissa
1018 1947 1180 2012 nomina
1207 1967 1294 2013 con·

137 2052 270 2119 aulum
307 2052 456 2119 horum.
516 2054 700 2119 Licinius
733 2053 868 2120 Macer
906 2060 1050 2119 auctor
1084 2061 1146 2120 est
1180 2061 1218 2120 et
1251 2057 1364 2139 iupa)

136 2159 306 2228 foedere
327 2161 553 2229 Ardeatino
587 2163 693 2227 etin
721 2161 867 2228 linteis
896 2161 1019 2228 libris
1048 2162 1097 2227 ad
1124 2163 1293 2228 Monetae

138 2269 316 2336 inventa.
360 2270 542 2336 Enarrant:
566 2290 766 2355 quamquam
789 2269 980 2336 consulibus
1004 2268 1161 2351 suffectis,
1184 2277 1294 2336 tamen

138 2378 273 2444 nomina
300 2379 432 2445 omissa.
487 2377 569 2443 Eam
598 2397 659 2461 ego
688 2379 886 2444 sententiam
907 2377 1035 2443 Livium
1064 2380 1097 2443 in
1125 2379 1189 2446 hoc
1218 2401 1294 2447 con·

141 2492 234 2552 textu
269 2485 393 2553 additis
427 2485 600 2571 particulis
630 2485 889 2571 significaturum
919 2486 1021 2552 fuisse
1050 2487 1228 2570 contendo;
1262 2490 1296 2554 in

143 2594 214 2679 ipsa
242 2594 331 2660 enim
357 2594 420 2660 hac
448 2595 691 2661 contrariorum
718 2596 890 2661 notatione
918 2601 1019 2679 capnt
1041 2597 1211 2661 sententiae
1234 2603 1295 2662 est.

143 2700 206 2768 Sed
234 2708 272 2768 ut
300 2702 335 2768 id
364 2703 476 2767 Livius
504 2701 700 2787 neglexerit,
734 2705 810 2787 quis
839 2702 952 2767 credat
980 2724 1069 2784 eum,
1104 2725 1205 2786 quum
1232 2704 1296 2770 hoc

145 2810 251 2877 dicere
271 2809 385 2876 vellet:
421 2807 689 2876 suffectorum
717 2810 927 2877 consulum
949 2812 1111 2877 nomina
1132 2817 1295 2896 praeter·

143 2920 284 2999 missa,
336 2926 394 2985 aut
431 2919 538 2984 minus
577 2917 759 3002 eleganter:
805 2916 998 2984 suffectis
1044 2918 1296 3000 consulibus,

144 3028 302 3093 nomina
335 3045 470 3093 eorum
503 3027 799 3112 pretermissa,
839 3033 908 3091 tam
942 3026 1060 3111 puerili
1094 3049 1190 3092 usum
1224 3048 1296 3093 esse

145 3136 343 3220 repetitione
365 3134 541 3201 verborum
564 3141 596 3200 et
619 3141 689 3201 tam
711 3135 813 3201 balba
829 3136 994 3201 oratione:
1019 3133 1212 3200 suffectis
1234 3134 1296 3199 his

145 3242 401 3325 consulibus,
429 3244 708 3327 praetermissa
735 3245 896 3309 nomina
918 3244 1125 3309 consulum
1147 3242 1296 3324 horum,

148 3349 305 3434 singulari
332 3351 433 3416 etiam
455 3352 673 3435 perversitate
696 3353 889 3436 pronomine
913 3352 1173 3418 demonstrativo
1196 3354 1297 3436 gemi-

146 3465 223 3525 nato
252 3458 308 3542 (—
336 3480 414 3524 nam
441 3458 533 3543 quod
560 3460 672 3544 priore
701 3458 775 3526 loco
799 3458 1022 3524 Alschefskius
1052 3458 1196 3525 dativum
1224 3481 1298 3526 esse

148 3566 228 3647 vult,
255 3573 294 3633 ut
315 3586 401 3632 nunc
424 3574 490 3647 est,
519 3566 719 3651 ambiguitas
743 3587 871 3632 summa
893 3565 1035 3632 efficitur
1055 3568 1112 3650 -)
1136 3575 1168 3634 et
1191 3569 1297 3636 altero

151 3673 183 3737 in
206 3673 306 3742 finem
330 3676 502 3741 sententia
524 3675 670 3742 reiecto?
704 3675 826 3741 Verum
855 3696 895 3740 ex
922 3674 986 3741 hoc
1013 3677 1087 3760 ipso
1116 3679 1184 3742 veri
1213 3678 1297 3742 indi-

155 3782 231 3849 cium
263 3783 418 3868 emergit3
456 3789 597 3868 apparet
635 3784 736 3864 enim,
776 3785 823 3849 sic
855 3783 926 3849 haec
959 3783 1177 3868 dispescenda
1210 3805 1297 3850 esse:

182 3989 200 4057 ¹)
217 3991 245 4046 (l.
263 3993 289 4061 6,
311 3994 329 4047 2
346 3991 430 4062 attigi
452 3992 578 4050 breviter
598 3993 629 4047 in
651 4009 777 4063 prooem.
795 4010 822 4063 p.
841 3994 858 4047 6
877 3998 905 4048 et
923 3995 964 4047 el.
1005 3991 1122 4046 Frustra
1144 3991 1298 4047 advocatur

216 4094 280 4134 usus
303 4078 390 4148 longe
413 4078 538 4134 diruens
556 4083 585 4133 et
601 4079 733 4149 proprius
751 4078 830 4134 verbi
848 4078 967 4146 inquit
1011 4077 1119 4131 Eodem
1138 4078 1230 4146 capite
1247 4075 1263 4146 ξ
1282 4076 1299 4127 9

216 4180 298 4233 quam
320 4181 413 4219 meam
436 4168 568 4234 putaram
591 4163 816 4219 emendationem
834 4161 977 4232 (fecerat
995 4161 1164 4231 unquam),
1188 4162 1224 4216 ad
1243 4161 1297 4216 Cic.

217 4246 276 4306 Fin.
295 4268 323 4320 p.
341 4251 394 4304 836
412 4248 454 4304 ed.
472 4248 500 4304 11
517 4249 708 4321 propositam,
736 4247 898 4304 Creverium
921 4265 1073 4318 occupasse
1090 4246 1189 4313 video,
1216 4264 1299 4315 quem

216 4333 461 4391 Weissenbornius
479 4340 508 4391 et
524 4333 655 4390 Hertzius
674 4335 762 4390 secuti
781 4339 853 4389 sunt.
