2994 5108
184 487 249 549 Lib.
265 490 288 546 1
740 479 784 544 56

185 663 315 729 hastam
338 669 372 729 et
392 662 552 730 ferratam
575 671 608 730 et
631 665 842 749 sanguineam
863 666 1022 750 pertinet,
1051 663 1178 731 frustra
1200 685 1344 748 quaeras,

185 771 265 854 quid
288 774 332 838 sit
353 773 452 840 hasta
472 772 597 839 ferrata
618 780 779 858 praeusta3
801 794 878 839 nam
900 773 980 858 ligni
1000 773 1064 840 hoo
1086 772 1257 858 proprium
1278 780 1340 839 est.

185 879 299 947 Laudo
327 881 429 965 igitur
450 881 612 948 hactenus
636 903 702 962 eos,
732 903 816 965 quos
839 882 1011 949 Turnebus
1033 881 1254 966 reprehendit,
1284 882 1345 966 qui

184 989 264 1054 olim
297 989 383 1055 hunc
416 989 524 1057 locum
555 996 742 1071 tentarunt,
777 989 864 1073 quod
897 989 1126 1056 difficultatem
1153 997 1345 1071 senserunt,

184 1118 284 1180 quam
321 1099 521 1164 recentiores
558 1119 625 1165 non
663 1099 854 1184 attigerunt.
913 1098 996 1165 Mihi
1027 1098 1139 1164 Livius
1177 1097 1343 1164 hastam

183 1207 383 1271 ferratam
425 1213 497 1272 aut
535 1207 606 1273 sine
643 1206 750 1274 ferreo
791 1207 918 1291 spiculo
955 1213 1085 1273 tantum
1122 1213 1343 1290 proeustam

184 1334 456 1380 commemorasse
488 1314 632 1394 videtur,
667 1315 829 1398 credoque
862 1316 896 1381 in
928 1321 1038 1380 vetere
1070 1315 1137 1380 ritu
1166 1313 1342 1381 obscuram

185 1419 387 1506 superfuisse
408 1425 600 1489 memoriam
621 1423 691 1489 eius
715 1423 888 1507 temporis,
922 1444 1021 1505 quum
1043 1442 1103 1507 pro
1125 1421 1241 1489 ferreis
1263 1424 1344 1490 telis

184 1530 286 1597 etiam
313 1532 465 1614 praeustis
493 1531 598 1598 hastis
626 1531 792 1614 (sudibus)
814 1536 1001 1609 uterentur,
1036 1530 1123 1613 quod
1151 1530 1208 1596 teli
1236 1552 1344 1615 genus

185 1647 219 1706 et
245 1639 409 1723 Vergilius
442 1640 476 1704 in
509 1641 654 1724 antiquis
686 1639 878 1724 pastoribus
912 1645 946 1704 et
980 1636 1091 1704 Caesar
1122 1639 1157 1703 in
1181 1638 1344 1706 Romanis

182 1753 296 1813 castra
318 1746 569 1814 defendentibus
592 1755 626 1814 et
647 1747 779 1815 Tacitus
801 1749 836 1813 in
858 1747 1009 1813 barbaris
1032 1753 1066 1812 et
1087 1745 1253 1814 Diodorus
1277 1747 1341 1815 Sic.

184 1853 224 1921 fr.
247 1855 378 1936 XXXV,
406 1860 426 1922 2
449 1857 483 1921 in
506 1858 609 1922 servis
631 1856 751 1923 Siculis
773 1857 854 1939 (ξύλα
877 1855 1121 1938 πεπυρακτωμένα)
1145 1876 1345 1922 commemo-

183 1968 269 2030 rant.
320 1963 495 2049 Sanguinis
523 1966 646 2032 mentio
673 1972 786 2031 utrum
815 1986 836 2030 a
865 1963 956 2030 Livio
984 1961 1073 2029 facta
1101 1964 1145 2029 sit
1169 1962 1246 2046 (hoo
1268 1986 1343 2030 ver·

183 2072 302 2139 borum
331 2073 458 2139 ordine:
493 2072 691 2139 ferratam
720 2079 791 2139 aut
817 2078 1036 2157 praenstam
1064 2074 1342 2156 sanguineam,

185 2187 223 2246 ut
245 2181 509 2265 sanguineam
537 2181 581 2247 ad
608 2188 781 2264 utramque
810 2178 990 2266 pertineat)
1021 2201 1064 2244 an
1091 2180 1256 2246 alectore
1278 2182 1341 2246 ali·

184 2309 250 2371 quo
273 2290 372 2370 ritus,
401 2297 439 2356 ut
461 2311 500 2355 ex
522 2289 638 2355 Dionis
661 2297 695 2355 et
715 2290 879 2355 Ammiani
900 2289 982 2354 locis
1005 2295 1159 2372 apparet,
1190 2287 1246 2354 diu
1270 2311 1343 2356 ser-

183 2398 253 2461 vati
288 2419 390 2481 gnaro
418 2397 548 2477 addita,
582 2419 648 2464 non
678 2396 806 2463 definio.
866 2395 975 2481 [Nunc
1003 2396 1096 2481 prius
1129 2397 1340 2480 probabilius

183 2503 374 2588 videtur.]¹)

271 2612 351 2697 Cap.
381 2618 437 2694 35,
467 2617 495 2677 3.
540 2614 679 2680 Parvum
708 2622 773 2693 est,
808 2614 897 2696 quod
926 2613 1106 2692 adnotab0,
1140 2633 1201 2678 neo
1227 2619 1341 2679 tamen

184 2722 416 2802 omittendum,
450 2725 605 2805 quoniam
633 2723 676 2787 ad
703 2731 828 2788 rectam
856 2722 1017 2787 orationis
1046 2720 1172 2787 Latina
1199 2720 1342 2786 formam

185 2831 313 2896 attinet.
364 2829 449 2896 Nam
477 2831 533 2896 ubi
562 2832 609 2896 sic
637 2831 761 2896 editur:
797 2831 946 2916 quippe
975 2831 1043 2912 qui
1070 2850 1145 2894 non
1173 2829 1338 2913 primus,

185 2938 290 3021 quod
313 2940 526 3023 quisquam
547 2939 756 3022 indignari
778 2939 970 3004 mirarive
992 2943 1141 3021 posset,
1165 2937 1236 3002 sed
1259 2944 1341 3004 ter-

183 3047 266 3113 tius
289 3048 419 3113 Roma
449 3048 693 3131 peregrinus
721 3068 884 3130 regnum
912 3043 1097 3125 affectet,
1128 3045 1341 3112 scribendum

21 3167 25 3175 ’
113 3171 170 3241 (47)
188 3176 274 3221 esse:
298 3155 405 3238 quod
429 3156 632 3239 quispiam
654 3155 862 3239 indignari
879 3190 922 3198 -
939 3159 1088 3237 posset,
1113 3154 1257 3219 sentient
1280 3155 1340 3219 ad·

184 3265 316 3343 moniti,
350 3265 407 3347 qui
440 3263 556 3330 horum
590 3265 818 3348 pronominum
846 3282 939 3327 usum
966 3268 1089 3326 tenent.
1145 3261 1196 3327 Ab
1224 3262 1340 3328 huius·

183 3371 272 3436 modi
300 3372 510 3438 concessione
533 3379 567 3437 et
589 3372 777 3456 opinatione
805 3369 1027 3453 (indignari
1054 3368 1232 3435 forsitan
1261 3370 1339 3436 ali·

185 3481 278 3564 quis
311 3479 457 3563 possit)
491 3481 679 3564 longissime
713 3480 854 3544 alterum
889 3476 1099 3560 abhorretf)
1152 3477 1190 3542 In
1221 3478 1341 3544 eodem

212 3674 235 3741 ¹)
256 3672 312 3743 [Ad
334 3691 394 3743 cap.
412 3677 460 3741 33,
484 3677 502 3729 6
522 3693 547 3729 a.
568 3676 631 3728 1861
658 3673 863 3742 adscripseram
884 3672 973 3727 videri
991 3672 1130 3727 excidisse
1148 3673 1256 3743 aliquid
1273 3680 1304 3729 et
1321 3693 1340 3729 a

251 3759 333 3814 Livio
351 3760 381 3815 in
399 3761 472 3816 hanc
488 3761 609 3815 formam
626 3759 765 3828 scriptum
783 3774 855 3812 esse:
883 3759 957 3814 acie
974 3758 1119 3827 primum
1136 3760 1260 3828 vincit3
1283 3761 1337 3814 de·

253 3846 327 3899 inde
350 3846 452 3900 urbem
475 3848 503 3899 rt
533 3847 632 3915 capiti
660 3843 740 3898 inde
762 3848 816 3898 cet.
856 3842 953 3913 Neque
976 3844 1050 3897 enim
1073 3861 1108 3898 ex
1126 3844 1187 3900 acie
1205 3846 1337 3915 proedam

251 3930 335 3986 fuisse
358 3949 411 3988 neo
435 3938 570 4003 tanquam
592 3931 662 3985 duos
686 3929 727 3983 rei
753 3934 841 3998 gestae
864 3929 969 3998 gradm
987 3929 1120 3999 coniungi
1137 3946 1233 3998 posse:
1262 3932 1337 3991 acie

251 4018 395 4086 primum
413 4019 538 4084 vincit;
561 4016 696 4071 inde
716 4014 853 4069 Romam
871 4015 975 4069 venit.
1003 4014 1107 4068 Postea
1123 4013 1183 4068 vidi
1201 4015 1257 4069 iam
1276 4016 1341 4072 Cre·

252 4104 361 4157 verium
379 4121 493 4173 prorsus
511 4103 586 4157 idem
603 4097 763 4167 iudicasse]

210 4190 234 4255 ²)
256 4186 314 4256 [Sic
336 4190 392 4243 iam
416 4196 482 4244 ante
504 4188 638 4242 Kleinius.
683 4183 791 4237 Eodem
813 4183 867 4237 hoc
889 4182 953 4263 loco
976 4201 1000 4238 a.
1021 4186 1085 4239 1861
1113 4185 1153 4238 sic
1178 4186 1338 4242 orationem

250 4273 427 4344 interpunxi,
458 4280 491 4328 ut
514 4279 580 4343 post
606 4286 703 4340 quum
730 4269 898 4338 interposita
922 4268 1049 4338 longiore
1072 4270 1200 4325 oratione
1222 4271 1340 4342 obliqua

251 4359 363 4414 dicendi
382 4360 499 4414 verbum
518 4352 740 4424 (memoraret)
759 4353 901 4408 audiretur
919 4359 948 4409 et
964 4354 1085 4422 quodam
1100 4354 1185 4410 modo
1198 4357 1337 4426 praecipe·
