2994 5108
219 543 280 598 111).
299 542 371 596 vm.
687 531 690 540 '
761 532 823 593 aea
876 503 882 516 ’

221 716 363 780 ardore
391 716 656 781 militumest
685 740 780 783 usus
809 719 856 783 ab
886 719 948 782 ira
970 720 1080 783 inter
1102 719 1366 784 condiciones

220 824 331 908 pacis
365 823 599 889 interfectae
634 828 849 906 stationis,
884 834 926 891 nt
953 864 1004 892 —.
1052 828 1101 892 Ex
1129 828 1366 894 auulnerum

220 932 316 998 facile
339 940 445 998 01111111
470 938 521 997 est
544 936 842 1000 autuulnerum.

306 1039 384 1124 Cap.
409 1044 457 1119 32,
483 1046 500 1104 3
524 1042 569 1122 (in
593 1043 740 1107 oratione
763 1043 797 1107 L.
822 1043 972 1126 Papiriil:
1003 1042 1140 1121 Quaero
1164 1083 1219 1125 —,
1248 1067 1368 1128 quum

222 1172 408 1214 summum
450 1151 659 1233 imperinm
693 1152 913 1217 dictatoris
949 1153 1012 1231 sit,
1046 1160 1298 1248 pareantque
1331 1155 1369 1218 oi

222 1259 412 1323 consules
441 1294 497 1338 -,
531 1266 728 1343 praetores
756 1296 812 1340 -,
846 1282 999 1342 aequum
1027 1283 1196 1327 censeas
1228 1284 1367 1340 necne,

221 1367 456 1449 magistrum
496 1369 674 1450 equitnm
714 1369 824 1433 dicto
865 1369 1097 1435 audientem
1137 1391 1236 1435 esse.
1292 1370 1368 1435 Iure

221 1475 364 1538 Kochius
386 1476 418 1538 in
442 1477 616 1560 postremis
638 1477 689 1542 his
712 1477 819 1543 verbis
843 1478 987 1541 dativum
1010 1479 1195 1561 requisivit3
1224 1479 1259 1543 id
1281 1479 1369 1542 enim

221 1584 329 1666 ipsum
352 1584 474 1667 agitur,
504 1585 666 1663 eidemne,
696 1586 749 1649 eui
772 1587 887 1665 ceteri,
915 1588 1014 1651 etiam
1041 1588 1199 1668 magister
1221 1588 1369 1669 equitum

222 1712 336 1774 parere
360 1692 487 1757 debeat.
528 1693 592 1757 Sed
616 1694 814 1759 dictatori
837 1694 958 1759 addere
981 1702 1014 1760 et
1036 1695 1213 1760 violentum
1236 1700 1370 1760 estnec

222 1799 264 1863 ad
286 1800 425 1866 formam
448 1802 607 1867 orationis
630 1809 710 1886 apta
732 1803 872 1867 nominis
894 1803 999 1886 ipsius
1022 1804 1185 1887 repetitio.
1230 1803 1371 1868 Videtur

221 1908 336 1973 fuisse:
360 1932 491 1989 necne,
515 1911 549 1973 el
573 1913 809 1993 magistrum
832 1920 892 1976 cet.
938 1912 1059 1991 (1815.)

136 2037 206 2105 (171)
310 2019 387 2104 (lap.
412 2026 461 2099 33,
494 2024 540 2100 17,
562 2020 618 2085 ubi
641 2021 782 2085 refertur
804 2022 908 2086 oratio
932 2020 972 2084 M.
997 2020 1089 2084 Fabii
1114 2043 1173 2104 pro
1196 2021 1274 2100 filio,
1299 2042 1368 2085 ma-

220 2130 323 2211 gistro
357 2131 519 2212 equitum,
560 2131 592 2193 in
626 2130 677 2193 his
712 2129 833 2193 verbis:
879 2129 974 2192 Nam
1013 2129 1153 2213 pepuli
1193 2130 1366 2213 quidem,

221 2260 340 2322 penes
386 2261 497 2321 quem
542 2245 728 2323 potestas
768 2238 938 2302 omnium
978 2259 1111 2302 rerum
1150 2247 1275 2318 esset,
1321 2261 1370 2304 ne

221 2349 318 2412 iram
359 2348 520 2433 quidem
560 2369 731 2431 unquam
772 2348 1020 2412 atrociorem
1053 2346 1182 2412 inisse
1215 2348 1256 2412 in
1291 2369 1370 2427 eos,

221 2458 288 2537 qui
328 2458 564 2521 temeritate
603 2464 726 2541 atque
759 2456 932 2520 inscitia
965 2457 1172 2521 exereitus
1205 2457 1372 2522 amisis·

222 2571 324 2646 sent,
358 2586 473 2648 quam
501 2571 544 2629 ut
565 2565 737 2648 pecnnia
759 2586 824 2629 eos
847 2563 1054 2643 multaret,
1086 2565 1295 2630 manifestum
1317 2571 1373 2631 est

221 2675 391 2739 sententies
413 2675 536 2738 vitium.
576 2673 768 2768 Huiusmodi
794 2674 878 2738 enim
901 2674 1051 2754 gradatio
1076 2680 1134 2753 est,
1157 2680 1195 2738 ut
1217 2696 1238 2737 a
1259 2674 1371 2754 singu·

221 2783 327 2847 lorum
357 2783 516 2864 (Quinctii
546 2782 742 2860 Cincinnati,
776 2783 818 2846 M.
848 2783 937 2846 Furii
967 2781 1109 2863 Camilli)
1138 2783 1170 2847 in
1199 2782 1249 2846 ira
1277 2803 1372 2846 exer·

222 2892 326 2956 cende
364 2893 588 2956 moderatione
623 2892 831 2975 perveniatur
864 2891 907 2955 ad
941 2890 1053 2974 populi
1087 2890 1307 2969 clementiam,
1351 2913 1374 2955 a

221 3023 294 3084 quo,
323 3022 423 3084 quum
448 3001 556 3065 ouruia
578 3002 693 3084 possit,
716 3000 846 3086 gravior
868 2999 1023 3063 violentia
1045 2999 1229 3081 exspectari
1252 3000 1373 3082 possit.

220 3110 336 3190 ltaque
359 3116 448 3173 recte
471 3130 510 3173 ne
533 3110 561 3172 is
585 3109 714 3189 quidem
738 3108 825 3172 ultra
848 3108 980 3171 modum
1004 3108 1147 3171 saeviisse
1171 3105 1234 3169 dici
1257 3110 1375 3189 potest

221 3217 281 3297 (ne
315 3217 456 3300 populi
492 3217 646 3298 quidem
670 3214 877 3296 tremeat).
928 3215 1021 3278 Nam
1044 3214 1184 3298 populi
1208 3214 1373 3297 quidem

222 3327 268 3387 sic
291 3325 419 3388 demum
442 3330 531 3389 recte
553 3326 629 3408 poni
654 3331 778 3407 potest,
812 3325 839 3388 si
868 3330 926 3388 aut
954 3323 1034 3387 nihil
1062 3321 1129 3387 tale
1154 3323 1194 3387 de
1217 3344 1256 3387 eo
1280 3322 1374 3406 quis·

222 3453 319 3515 quam
349 3434 507 3516 suspicari
537 3455 633 3516 posse
663 3433 781 3496 dicitur
810 3440 868 3496 aut
891 3431 1091 3515 exspectatio
1115 3431 1147 3494 in
1171 3452 1209 3494 eo
1233 3452 1374 3514 prorsus

222 3540 327 3624 decipi
356 3543 430 3621 (aut
456 3539 518 3605 hoc
546 3542 658 3604 modo:
693 3563 768 3605 narn
797 3539 953 3624 populum
983 3539 1113 3623 quidem
1144 3574 1182 3583 —
1212 3538 1253 3604 ab
1281 3541 1374 3606 omni

221 3650 271 3713 ira
293 3648 477 3725 abhorrrre,
501 3656 558 3713 aut
580 3648 650 3727 hoc,
674 3649 838 3713 translata
860 3647 955 3712 simul
979 3647 1043 3711 alio
1061 3647 1270 3727 gradatione:
1293 3669 1375 3714 nam

222 3758 335 3841 populi
359 3758 491 3840 quidem
512 3759 594 3822 iram
616 3780 657 3822 ne
680 3759 713 3820 in
736 3780 792 3821 eos
816 3756 961 3843 quidem,
990 3756 1047 3839 qui
1070 3756 1256 3820 temeritate
1279 3777 1375 3822 exer·

222 3867 306 3931 citus
340 3866 541 3945 amisissent,
575 3888 639 3930 non
673 3867 779 3930 minus
809 3865 935 3947 aliquid
959 3864 1189 3946 deliquissent,
1223 3871 1375 3931 atrocem

222 3974 347 4055 luisse).
407 3974 444 4037 ln
478 3975 543 4052 ira,
578 3974 617 4038 de
651 3976 743 4038 cuius
776 3973 1000 4037 moderatione
1034 3973 1140 4037 omnis
1175 3972 1281 4037 oratio
1311 3981 1376 4054 est,

222 4081 314 4144 nulla
336 4082 513 4163 significari
536 4083 686 4164 gradatio
710 4088 828 4164 potest,
852 4082 914 4145 nisi
937 4081 1021 4145 forte
1045 4080 1113 4145 haec
1136 4080 1236 4145 alieni
1260 4080 1376 4165 placet

222 4190 396 4267 sententia,
436 4190 547 4271 populi
586 4211 627 4254 ne
666 4190 748 4254 iram
787 4189 934 4273 quidem,
973 4188 1092 4253 nedum
1132 4189 1273 4272 gratiam
1313 4197 1377 4257 ant

223 4295 459 4360 humanitatem
493 4298 644 4362 saeviisse.
700 4297 763 4362 Sed
797 4297 1008 4362 temerarium
1038 4297 1166 4362 videtur
1195 4298 1374 4381 suspicari,

221 4401 347 4467 bivium
370 4404 555 4486 scripsisse:
584 4405 638 4469 Ne
661 4405 803 4490 populi
826 4406 984 4489 quidem
1007 4441 1049 4451 —
1072 4405 1172 4471 iram
1197 4425 1378 4492 unquam
