3000 5116
710 465 773 526 uso
1138 461 1200 533 11.
1219 479 1320 536 xxxi

158 658 315 728 cesset,
350 649 468 714 enixe
498 655 574 727 oet,
609 646 756 713 subie'oto
785 647 819 712 in
849 647 959 730 priore
990 649 1154 714 sententia
1182 650 1317 733 posito.)

161 756 228 824 Sed
258 779 395 841 prorsus
423 758 578 822 vitiosum
607 763 676 819 tum
707 757 742 819 ei
771 776 830 838 pro
860 754 956 834 sibi;
990 756 1103 840 itaque
1126 759 1316 825 necessario

159 867 373 933 scribendum
396 871 461 930 est:
497 865 530 929 si
561 863 658 948 quid
686 862 740 924 eis
765 862 913 946 (legatis)
937 862 1252 930 adfirmandum
1277 902 1314 911 -

156 997 325 1060 regnum
348 994 449 1058 opus
473 993 560 1036 esse
583 970 826 1050 indicasset,
850 971 968 1036 enixe
993 977 1054 1036 oet.

246 1081 326 1166 Cap.
352 1086 391 1147 16
415 1088 495 1145 extr.
521 1089 555 1145 et
579 1083 617 1143 17
640 1079 711 1144 init.
761 1077 909 1144 Eodem
932 1078 1123 1160 (Tenedum,
1147 1080 1203 1145 ubi
1227 1081 1315 1146 Rho·

154 1191 214 1257 die
236 1191 353 1257 elassis
377 1188 504 1270 stabnt)
527 1194 682 1272 postea,
707 1208 824 1270 quum
841 1185 1019 1270 (Abydeni)
1042 1189 1118 1252 iarn
1141 1189 1207 1253 rix
1230 1210 1314 1257 sus·

156 1299 343 1364 tinerent
365 1295 636 1374 obsidionem,
671 1301 709 1359 et
736 1295 823 1378 ipse
846 1293 1015 1360 Attalus
1044 1288 1161 1379 qnn'm
1184 1300 1313 1362 traie-

152 1408 294 1485 oisset,
317 1425 426 1488 spem
447 1409 604 1468 tantum
627 1403 775 1468 auxilii
799 1424 845 1467 ex
863 1402 1099 1486 propinquo
1117 1407 1311 1487 ostendit,

152 1534 284 1596 neque
313 1520 426 1578 terra
454 1532 585 1593 neque
615 1511 714 1574 mari
743 1510 901 1575 adiutis
932 1510 1069 1574 sociis.
1126 1511 1312 1596 Abydeni

153 1623 300 1706 primo,
328 1619 546 1685 tormentis
575 1640 647 1701 per
674 1639 809 1682 muros
833 1617 1068 1701 dispositis,
1098 1641 1174 1684 non
1197 1627 1333 1706 terre⁴

152 1727 269 1795 modo
315 1728 512 1792 adeuntes
553 1724 669 1790 aditu
703 1724 915 1803 arcebant,
962 1725 1029 1790 sed
1065 1734 1126 1792 eet.
1182 1729 1309 1795 Ablati-

151 1857 211 1901 ros
249 1835 419 1901 absolutos
447 1834 586 1916 perfecti
612 1834 771 1916 temporis
800 1856 820 1898 a
848 1834 938 1898 Livio
970 1835 1048 1918 poni
1077 1836 1176 1900 etiem
1206 1838 1245 1902 de
1274 1860 1309 1903 re

132 1935 219 2009 'non
248 1943 471 2027 praeeedente,
505 1942 563 2006 sed
585 1942 777 2024 primariam
805 1944 968 2008 actionem
992 1945 1185 2020 comitante,
1221 1966 1308 2010 oom-

125 2029 330 2116 ’memoravi
355 2048 396 2113 ad
422 2050 460 2128 V,
483 2055 532 2126 11,
551 2053 587 2129 23
610 2069 717 2132 neque
740 2057 855 2114 tamen*
873 2050 974 2114 ullum
998 2051 1068 2115 eius
1091 2050 1200 2116 locurn
1225 2073 1306 2135 pree-

147 2166 202 2223 ter
229 2159 318 2223 hune
348 2156 420 2223 esse
448 2164 543 2241 puto,
582 2155 638 2221 ubi
672 2177 746 2222 eum
780 2159 955 2240 negatione
991 2158 1215 2241 adiungentur
1249 2160 1306 2225 ab·

144 2265 242 2331 latini
282 2265 445 2331 eiusmodi
485 2263 528 2329 ad
568 2263 834 2347 significandum,
873 2287 939 2330 non
979 2272 1193 2331 consecutum
1233 2289 1305 2333 esse

148 2373 198 2452 id,
238 2372 327 2456 quod
367 2373 553 2456 exspectari
589 2373 745 2454 potuerit.
807 2370 894 2436 lllnd
923 2379 1034 2438 tamen
1064 2375 1187 2439 certius
1216 2375 1305 2441 vide-

142 2486 215 2562 tur,
255 2486 293 2546 ut
325 2501 412 2546 nuno
440 2479 639 2544 describitur
669 2480 792 2556 oratio,
833 2501 898 2544 non
927 2488 1016 2546 reote
1048 2483 1304 2564 commemorari,

141 2599 263 2655 terra
285 2610 350 2654 non
374 2588 504 2652 adiutos
527 2609 547 2652 a
570 2607 647 2669 rege
670 2587 862 2670 Abydenos3
890 2609 967 2653 nam
990 2588 1132 2671 Tenedo,
1156 2612 1221 2672 quo
1245 2615 1302 2658 rex

142 2697 285 2765 navibus
313 2700 463 2773 venerat,
497 2700 627 2758 tantum
660 2696 860 2759 maritimum
894 2697 1052 2761 auxilium
1087 2699 1216 2764 ostendi
1244 2721 1302 2784 po·

143 2811 244 2871 terat.
296 2803 333 2866 In
356 2803 383 2866 B
406 2803 523 2867 ultima
551 2800 664 2867 littera
687 2802 778 2867 verbi
802 2803 961 2869 adiutis
985 2825 1081 2869 erasa
1104 2813 1163 2871 est.
1215 2807 1301 2874 Puto

139 2913 191 2978 sio
215 2912 299 2976 Livii
329 2909 430 2975 verba
458 2910 633 2974 scribenda
662 2918 695 2975 et
724 2912 986 2994 interpungenda
1016 2933 1102 2978 esse:
1126 2897 1169 2958 '-
1191 2937 1302 2996 spem

141 3025 305 3085 tanturn
328 3018 476 3084 auxilii
500 3039 544 3081 ex
562 3019 789 3100 propinquo
808 3020 1000 3084 ostendit.
1035 3021 1172 3101 Neque
1190 3028 1301 3110 terre

140 3148 272 3209 neque
301 3127 401 3189 muri
424 3125 557 3189 adiuti
581 3146 601 3188 a
624 3127 747 3191 sociis
771 3126 953 3209 Abydeni
977 3129 1103 3210 primo
1128 3136 1188 3194 oet.
1240 3128 1300 3194 Ce-

139 3242 250 3301 terum
268 3233 393 3312 dubito,
417 3254 459 3296 an
475 3232 587 3296 Livius
605 3259 670 3300 non
689 3235 809 3300 dixerit
833 3240 943 3299 terra
961 3235 1158 3301 adeuntes
1178 3237 1294 3302 aditu
1315 3254 1385 3324 (370)

137 3364 291 3422 arcere,
316 3362 417 3422 quum
441 3361 577 3423 prorsus
601 3338 766 3403 sufficeret
789 3338 988 3407 adeuntes
1012 3364 1160 3409 arcere.

143 3528 149 3533 ,
228 3449 307 3532 Cap.
334 3452 389 3526 17,
419 3453 453 3511 5:
489 3446 665 3531 (Abydeni)
688 3455 897 3514 matronas
927 3473 1061 3515 omnes
1084 3453 1122 3515 in
1147 3456 1296 3538 tonrplo

138 3559 290 3638 Dianio,
313 3576 461 3639 pueros
483 3591 527 3600 —
548 3555 811 3638 virginesque
832 3593 877 3601 -
898 3559 936 3621 in
965 3561 1214 3642 gymnasium
1237 3564 1296 3627 in-

135 3665 252 3732 oludi
275 3662 472 3728 iuberent.
523 3663 636 3728 Donec
659 3663 820 3743 didicere,
857 3687 929 3748 quoe
953 3667 997 3730 sit
1019 3667 1085 3730 ulia
1106 3668 1140 3731 in
1162 3669 1294 3755 templo,

136 3775 207 3840 ulia
234 3775 269 3837 in
297 3771 467 3854 gymnasio
497 3777 555 3835 aut
582 3770 648 3834 alia
676 3778 917 3853 matronarum,
952 3773 1018 3838 alia
1046 3795 1224 3856 puerorum
1246 3777 1295 3839 in-

137 3881 254 3960 clusio,
278 3901 344 3943 nou
366 3877 499 3943 credam
516 3876 644 3942 Livium
667 3878 773 3943 eidem
796 3882 1022 3963 praepositioni
1045 3883 1092 3945 sio
1110 3882 1160 3946 bis
1178 3882 1294 3949 eodem

136 3990 235 4055 modo
264 3987 381 4070 positae
411 3984 557 4051 diversos
588 4006 684 4051 cesus
708 3986 901 4068 subiecisse,
937 3988 1210 4072 scribendumque
1233 4013 1293 4074 pu·

137 4098 215 4163 tabo
240 4094 362 4161 autin
385 4092 576 4175 templum
600 4095 719 4158 autin
742 4096 960 4177 gymnasio

222 4203 300 4285 Cap.
328 4204 381 4278 18,
410 4205 429 4262 4
453 4199 524 4281 (ubi
551 4200 722 4284 Philippus
751 4224 808 4265 rex
838 4203 947 4286 legato
977 4205 1126 4269 Romano
1156 4227 1291 4290 respon·

135 4312 222 4395 det):
264 4313 326 4375 sin
355 4306 464 4373 bello
492 4308 718 4388 lacessitis,
753 4309 849 4373 mihi
879 4332 1038 4395 quoque
1066 4315 1198 4380 animo
1230 4322 1291 4381 est

1249 4614 1457 4776 fl
