2994 5108
218 491 281 547 Lib.
298 492 345 547 1v.
770 479 830 542 122

219 666 260 732 de
293 666 335 731 iis
363 664 461 745 locis,
494 664 529 730 in
557 665 678 749 quibus
707 665 856 749 possit,
890 671 1038 750 posset
1065 664 1269 749 similiaque,
1303 679 1376 744 qua

219 795 288 841 nna
314 774 429 840 littera
450 771 593 854 distant,
621 779 866 859 permutantur,
894 774 1030 841 liberius
1051 772 1246 840 iudicemus,
1296 767 1380 854 (of-

218 882 401 949 fenderit
434 902 494 967 pro
530 879 768 948 offenderet
802 884 961 968 scriptum
987 883 1149 949 hactenus
1176 880 1241 948 fuit
1265 877 1315 960 11,
1349 881 1379 958 2,

221 990 302 1075 3.)¹)
353 990 508 1074 [Prorsus
532 989 678 1056 eiusdem
699 993 829 1074 generis
852 998 912 1072 est,
941 991 1033 1076 quod
1055 1012 1082 1057 c.
1106 994 1157 1073 20,
1185 994 1204 1057 9
1228 987 1272 1055 ad
1292 987 1378 1054 hac:

220 1121 306 1166 nam
340 1100 465 1165 etiam
497 1097 602 1164 illud
635 1099 809 1181 acoedlt,
842 1120 891 1165 ne
923 1107 1004 1167 tam
1037 1100 1151 1167 clara
1178 1118 1313 1186 pugna
1338 1097 1380 1164 in

220 1230 306 1275 eum
328 1229 472 1273 annum
494 1207 715 1273 transferri
737 1214 876 1293 posset
892 1208 1106 1276 adscribitur:
1133 1205 1375 1291 ,conditionalz

220 1337 312 1382 wenn
344 1337 422 1382 man
455 1323 548 1382 sonst
580 1315 689 1383 diirfte
711 1317 791 1383 oder
811 1318 950 1385 wollte.“
1008 1316 1075 1384 Cur
1095 1339 1163 1385 non
1184 1317 1380 1384 Germanice

220 1425 373 1491 vertitur:
410 1423 474 1504 ,Es
497 1423 623 1491 kommt
646 1426 699 1491 ein
722 1427 862 1493 anderer
884 1427 1015 1508 Grund,
1043 1448 1167 1493 warum
1187 1446 1265 1491 man
1287 1424 1381 1491 nicht

220 1533 386 1600 kdnnte?“
416 1533 530 1600 Pudor
552 1534 676 1615 obstat,
698 1557 740 1601 ne
762 1536 846 1602 talia
867 1535 1007 1603 refutari
1028 1541 1212 1622 possent.
1257 1534 1376 1619 Itaque

222 1641 310 1725 (cum
332 1642 409 1709 Lov.
434 1641 468 1725 2)
492 1643 610 1727 scripsi
632 1642 793 1728 possit]

133 1759 206 1828 (102)
311 1749 389 1837 Cap.
414 1755 470 1832 41,
504 1754 523 1814 3
551 1750 600 1834 (in
622 1750 653 1817 S.
677 1751 862 1835 Tempauii,
897 1753 1083 1820 decurionis
1106 1753 1271 1838 equitum,
1306 1772 1382 1819 ora·

222 1861 330 1940 tione,
365 1881 466 1944 quum
496 1859 654 1926 adversus
686 1858 722 1926 Ο.
747 1859 978 1946 Sempronium
1005 1863 1083 1927 tetis
1111 1863 1236 1927 citatus
1258 1860 1380 1944 esset):

222 1968 368 2053 Itaque
397 1988 444 2034 ne
472 1967 520 2034 ab
550 1990 592 2036 se
620 1970 889 2054 imperatoria
917 1970 1098 2037 consilia
1124 1990 1202 2036 neu
1230 1989 1382 2035 consu-

222 2077 332 2143 lares
366 2083 480 2144 artes
514 2079 796 2160 exquirerent,
836 2099 922 2162 quae
950 2077 1200 2163 pensitanda
1221 2098 1383 2164 quoque

222 2186 379 2269 maguis
417 2186 563 2251 animis
604 2193 726 2270 atque
759 2186 938 2269 ingeniis
971 2193 1118 2253 essent.
1180 2185 1383 2253 Particulam

223 2315 382 2380 quoque
409 2315 475 2362 non
504 2300 594 2361 recte
616 2296 760 2380 positam
783 2316 870 2376 esse,
903 2295 939 2361 F.
963 2294 1013 2360 W.
1036 2295 1168 2362 Reiaius
1192 2293 1300 2378 (cuius
1321 2316 1383 2363 no·

222 2402 301 2468 tulae
335 2402 463 2485 aliquot
492 2404 637 2471 Livianae
671 2411 748 2470 ante
776 2405 904 2488 aliquot
933 2424 1035 2471 annos
1063 2404 1106 2469 ab
1135 2403 1281 2489 Hauptic
1309 2403 1383 2471 vul-

223 2517 308 2594 gata
332 2511 422 2595 sunt)
445 2512 540 2593 vidit,
570 2534 675 2597 nequo
698 2513 985 2580 Weissenbomius
1008 2519 1125 2579 contra
1147 2511 1256 2578 dicere
1278 2514 1382 2579 susti·

222 2623 305 2688 nuit.
362 2622 427 2688 Sed
459 2627 552 2689 totus
586 2622 762 2689 verborum
795 2621 875 2688 ordo
908 2621 1087 2688 mutandus
1119 2627 1206 2702 erat,
1240 2622 1270 2688 si
1296 2621 1382 2688 nibil

223 2730 315 2796 aliud
343 2731 414 2797 vitii
442 2737 544 2798 esset:
578 2753 663 2815 qnae
696 2732 853 2814 magnis
887 2751 1050 2816 quoque
1083 2730 1227 2796 animis
1256 2736 1381 2814 atque

223 2840 403 2923 ingeniis
437 2840 684 2926 pensitanda
717 2846 853 2906 essent
887 2840 980 2922 (nont
1015 2861 1099 2923 qua
1132 2839 1380 2924 pensitanda

222 2950 377 3035 magnis
412 2948 593 3035 quoque).
654 2948 719 3015 Sed
757 2969 864 3030 neque
902 2950 1116 3034 pensitare
1155 2969 1215 3032 per
1248 2968 1284 3013 se
1318 2955 1379 3028 est,

224 3058 388 3142 quomodo
419 3064 589 3139 enarrant,
624 3058 799 3140 diligenter
829 3063 961 3142 sumpto
984 3064 1134 3142 tempore
1157 3055 1380 3137 considerare,

252 3332 275 3399 ¹)
293 3331 359 3403 Cap.
378 3335 426 3401 37,
453 3334 471 3387 9
491 3331 595 3385 nusae
618 3330 738 3386 artificia
759 3330 940 3398 adhibentur,
967 3333 1000 3385 ut
1021 3330 1181 3385 occultetur
1202 3335 1232 3386 et
1253 3330 1381 3386 colorem

292 3419 413 3488 aliquem
435 3417 557 3487 accipiat
578 3434 637 3471 non
654 3417 799 3487 inelegans
817 3416 950 3472 vocabuli
967 3416 1114 3486 repetitio,
1141 3414 1192 3469 sed
1212 3413 1295 3470 foeda
1314 3431 1378 3472 sen·

291 3505 389 3559 tentiae
419 3508 448 3559 et
474 3503 610 3558 orationis
639 3504 819 3573 perversitas:
851 3503 1035 3557 clamor-
1053 3502 1233 3570 dissonus,
1260 3502 1379 3572 imper,

292 3590 433 3659 segnius
465 3606 555 3660 rape
582 3589 730 3643 iteratus
757 3589 892 3644 incerto
920 3588 1067 3644 clamore
1093 3588 1254 3656 prodidit
1279 3605 1380 3659 pavo·

292 3694 362 3731 rem
386 3677 592 3743 animorum3
616 3673 705 3741 (velut
722 3674 967 3729 Weissenbornius
985 3676 1167 3730 obscuratam
1185 3674 1305 3730 subiecti
1323 3691 1379 3729 me·

290 3764 408 3817 moriam
434 3761 529 3832 tingit,
556 3778 640 3831 quarn
666 3760 697 3815 in
723 3760 801 3814 brevi
828 3760 954 3829 alioquin
980 3766 1010 3816 et
1032 3760 1109 3815 facili
1131 3759 1268 3816 orationis
1292 3777 1380 3816 cursu

290 3849 353 3920 ipsa
375 3849 517 3905 adiectiva
538 3845 699 3913 renovant3)
724 3862 816 3914 neque
838 3847 939 3915 exigua
961 3846 1077 3902 offensio
1104 3845 1195 3901 estin
1213 3845 1323 3916 impar
1345 3874 1380 3885 -

291 3935 436 4004 incerto,
454 3934 498 4004 (X,
517 3935 559 4001 36,
578 3936 594 3988 3
612 3932 720 4003 impar
737 3935 770 3986 et
787 3932 943 3986 incertus
962 3933 1095 3987 clamor
1110 3929 1310 4000 coniungitur),
1330 3930 1381 3986 sed

290 4022 404 4090 gravior
429 4021 460 4075 in
486 4021 608 4076 clamore
636 4017 773 4088 segnius
800 4033 888 4087 sape
914 4016 1061 4084 iterato,
1089 4016 1223 4087 qnoniam
1246 4016 1380 4086 segnitiei

290 4107 435 4162 contraria
452 4111 495 4160 est
511 4104 642 4174 frequens
659 4103 818 4169 renovati03
837 4103 971 4172 (debebat
988 4104 1088 4158 saltem
1106 4103 1175 4157 dici:
1203 4118 1300 4171 sape,
1320 4101 1381 4157 ssd

291 4192 466 4262 segniter3)
494 4192 589 4260 itaque
612 4189 712 4244 vitium
735 4189 849 4244 subesse
867 4194 976 4245 certum
994 4194 1051 4257 est,
1079 4187 1238 4244 emendatio
1257 4187 1379 4255 incerta,

290 4279 345 4333 nisi
372 4279 447 4348 quod
474 4278 534 4334 scio
561 4276 632 4331 nihil
657 4273 758 4344 profici
784 4275 840 4329 alio
863 4275 926 4330 soni
950 4276 1065 4330 nomine
1090 4272 1181 4342 (velut
1201 4270 1378 4344 clangore)

290 4381 342 4434 pro
361 4364 509 4418 clamore
527 4363 616 4418 altero
633 4362 697 4416 loco
716 4360 879 4417 substituto.
