2994 5108
219 468 282 522 Lib.
300 467 333 522 V.
768 455 829 516 144

220 639 346 705 Deinde
377 641 463 706 eius
492 661 557 705 non
586 645 696 724 potest
724 640 788 705 nisi
817 638 861 704 ad
883 637 1090 704 Bellovesum
1116 638 1249 720 referri3
1283 639 1380 723 atqui

133 758 204 828 (122)
225 749 294 814 eius
317 747 400 813 nulli
424 756 519 814 erant
541 747 670 833 populi,
698 748 757 813 sed
780 748 976 831 permissum
1000 747 1030 812 ei
1053 746 1096 812 ab
1119 746 1310 832 Ambigato‚
1340 753 1380 813 ut

220 879 260 922 ex
282 858 421 942 imperio
445 878 504 922 suo
527 857 676 921 homines
700 856 831 921 erubet.
883 853 1010 939 Opinor
1030 854 1159 921 Livium
1187 856 1378 941 scripsisse:

219 966 273 1045 Is,
314 966 422 1050 quod
463 965 500 1027 ln
538 984 598 1027 scr
642 964 808 1048 populis
853 962 1108 1044 abundabat,
1152 963 1379 1049 Bituriges,

220 1074 440 1154 Arvernos,
474 1073 637 1153 AEduos,
671 1072 724 1152 A.‚
760 1069 813 1151 C.,
843 1070 927 1136 Aul.
957 1072 1111 1137 excivit
1142 1071 1216 1154 (aut
1248 1074 1377 1157 potius:

220 1181 328 1264 quod
362 1201 378 1244 c
411 1201 481 1246 scr.
531 1180 647 1263 1861).
711 1181 814 1246 Recte
854 1184 965 1245 autem
997 1201 1135 1265 prorsus
1167 1181 1378 1249 accusativus

220 1291 368 1374 ponitur3
408 1290 527 1355 excivit
566 1290 654 1353 enim
685 1287 851 1372 Bituriges
890 1295 1101 1371 ceterosque,
1140 1288 1231 1372 quod
1264 1310 1379 1357 eorum

220 1396 423 1463 abundabat.

260 1586 262 1590 μ
307 1504 464 1590 Sequitur
492 1506 607 1571 eodem
636 1506 745 1590 capite
773 1502 790 1588 ξ
818 1509 838 1569 8
861 1510 895 1570 et
918 1508 952 1568 9:
986 1502 1031 1568 Id
1059 1503 1169 1571 Galli
1197 1503 1379 1573 fortuna

220 1635 297 1680 suae
321 1635 434 1679 omen
455 1615 547 1695 rati,
572 1613 782 1693 adiuvere,
811 1617 870 1693 ut,
900 1632 1014 1697 quem
1036 1611 1207 1696 primum
1229 1614 1270 1679 in
1293 1620 1378 1681 ter-

219 1743 302 1786 ram
325 1723 481 1804 egressi
505 1727 808 1805 occupaverant
829 1720 970 1800 locum,
992 1720 1235 1804 patentibus
1258 1722 1378 1790 silvis

221 1831 527 1896 communirent.
578 1828 664 1914 Ipsi
691 1850 762 1913 per
784 1828 988 1894 Taurinos
1018 1827 1237 1914 saltusque
1260 1828 1379 1897 Iulia

220 1938 333 2022 Alpis
369 1938 717 2003 transcenderunt
755 1944 817 2003 oet.
874 1935 960 2014 Quid
987 1935 1031 2001 sit
1058 1937 1193 2002 locum
1220 1940 1378 2006 munire

220 2045 466 2130 patentibus
489 2046 615 2126 silvis,
645 2067 782 2130 prorsus
804 2046 930 2129 ignoro,
958 2045 1087 2110 etiamsi
1110 2043 1264 2126 addatur,
1287 2046 1378 2131 quod

221 2154 337 2219 abesse
365 2177 431 2220 non
459 2160 585 2238 potest,
619 2155 674 2234 in;
708 2175 784 2218 nam
812 2153 918 2237 campi
945 2157 1060 2237 patere
1088 2151 1258 2234 dicuntur,
1293 2175 1377 2238 quos

221 2284 286 2327 non
304 2268 432 2327 montes
449 2283 510 2328 nec
529 2263 617 2328 silvae
631 2263 890 2346 interrumpunt;
908 2260 1005 2343 silva,
1022 2266 1061 2326 ut
1071 2281 1183 2346 rupes,
1201 2260 1375 2345 claudunt3

221 2369 310 2454 quod
348 2371 635 2435 Weissenbomius
675 2370 927 2454 interpretatur:
975 2369 1028 2450 „in
1068 2367 1213 2451 offensu,
1256 2368 1377 2439 kainon

220 2477 339 2543 Schutz
367 2478 606 2562 gewtihrenden
627 2477 820 2558 thdern“‚
854 2497 914 2542 neo
942 2477 989 2543 sic
1017 2482 1163 2560 patere
1191 2477 1281 2544 silvas
1310 2479 1376 2546 dici

220 2592 390 2670 poterant,
420 2593 452 2652 et
481 2586 561 2670 quid
585 2607 667 2670 opus
691 2590 763 2650 erat
786 2585 851 2650 dici
874 2591 933 2651 aut
955 2585 1086 2650 omnino
1110 2584 1211 2652 silvas
1234 2607 1376 2655 comme-

219 2694 365 2758 morari?
398 2694 483 2758 Nam
516 2694 664 2774 Graecos,
698 2694 950 2758 muniendarum
983 2692 1115 2758 urbium
1147 2688 1377 2779 peritissimos,

218 2822 279 2885 pro
312 2804 514 2868 munimento
549 2802 648 2866 silvas
677 2800 850 2867 habituros
878 2801 995 2880 fuisse,
1029 2801 1153 2866 nemini
1174 2802 1209 2867 in
1231 2808 1376 2871 mentem

219 2911 328 2975 venire
351 2916 496 2995 poterat.
553 2907 747 2976 Certissima
776 2910 1006 2976 emendatione
1034 2929 1146 2974 veram
1175 2906 1376 2995 scripturam

218 3019 251 3082 in
290 3020 421 3085 nomine
460 3019 594 3103 proprio
635 3024 826 3102 corruptam
859 3018 1007 3082 restituit
1040 3023 1117 3083 ante
1152 3017 1216 3084 duo
1251 3019 1376 3086 seeum

217 3126 407 3192 Hadrianus
430 3126 596 3192 Valesius:
631 3126 888 3210 patientibus
913 3124 1046 3210 Salyis
1071 3123 1250 3208 (Saluis).
1300 3127 1377 3195 Hoc

219 3232 329 3299 Livius
364 3235 459 3314 dicit,
495 3233 625 3317 Salyos,
659 3236 715 3318 qui
743 3234 835 3300 initio
859 3234 990 3299 Graecos
1014 3254 1160 3317 egressos
1184 3256 1376 3320 oppugnas·

216 3348 305 3421 sent,
345 3361 445 3423 quum
480 3342 566 3408 Galli
604 3342 665 3407 hos
700 3342 906 3416 adiuvarent,
950 3341 1060 3407 locum
1100 3344 1297 3409 communiri
1340 3351 1376 3411 et

216 3448 397 3514 Massiliam
421 3451 519 3515 condi
541 3471 657 3534 passos
681 3471 761 3516 esse.
793 3449 924 3535 (Salyos
941 3448 1056 3514 eadem
1076 3449 1294 3517 declinatione
1306 3451 1376 3519 Pli-

215 3557 287 3620 nius
306 3557 401 3639 dicit3
419 3558 508 3641 apud
521 3558 646 3623 Livium
660 3559 774 3625 codem
787 3560 952 3642 pertinent
965 3557 1161 3640 Salluvii.)
1191 3556 1256 3624 Sed
1266 3566 1376 3629 restat

216 3663 381 3730 dubitatio
404 3666 437 3730 in
460 3668 590 3731 nomine
612 3666 686 3746 loci,
710 3687 775 3750 quo
798 3667 897 3750 Alpes
922 3666 1010 3732 Galli
1032 3668 1245 3733 transierunt.
1285 3668 1376 3737 Nam

215 3793 321 3858 neque
344 3775 484 3858 Alpem
506 3775 663 3857 singulari
686 3796 823 3841 numero
848 3775 959 3840 Livius
982 3782 1041 3840 aut
1063 3776 1240 3858 quisquam
1261 3799 1375 3861 prosto

216 3883 376 3948 orationis
400 3884 543 3966 scriptor
565 3883 655 3961 dixit,
684 3903 810 3965 exque
835 3884 985 3967 sequitur
1007 3882 1119 3968 Alpis
1143 3885 1375 3953 accusativum

214 4011 302 4070 esse,
338 3997 371 4056 et
399 3991 512 4056 Iulia
533 3990 657 4075 Alpes
685 3990 875 4074 longissime
904 3991 946 4055 ab
977 3992 1018 4057 iis
1047 3993 1144 4069 locis,
1179 3990 1219 4057 de
1248 3994 1373 4076 quibus

214 4099 342 4182 agitur,
378 4100 511 4164 distant.
568 4099 684 4183 Itaque
714 4099 819 4164 multa
846 4100 1033 4181 excogitata
1063 4106 1154 4179 sunt,
1188 4121 1262 4183 quae
1291 4103 1372 4169 sub·

214 4207 445 4287 stituerentu13
480 4206 538 4271 sed
567 4228 607 4271 ea
634 4209 743 4272 omnia
765 4214 824 4272 aut
846 4207 913 4272 alia
933 4206 1059 4273 habent
1080 4208 1290 4275 incommoda
1313 4210 1373 4293 (-

214 4313 303 4379 volut
336 4315 451 4378 inviae
479 4315 622 4395 regionis
651 4315 848 4397 significatio
878 4322 911 4380 et
940 4336 1074 4398 prorsus
1103 4322 1179 4400 post
1206 4336 1260 4400 ea,
1293 4339 1372 4403 quse
