<?xml version="1.0" encoding="UTF-8"?>
<!DOCTYPE html PUBLIC "-//W3C//DTD XHTML 1.0 Transitional//EN"
    "http://www.w3.org/TR/xhtml1/DTD/xhtml1-transitional.dtd">
<html xmlns="http://www.w3.org/1999/xhtml" xml:lang="en" lang="en">
 <head>
  <title>
</title>
<meta http-equiv="Content-Type" content="text/html;charset=utf-8" />
  <meta name='ocr-system' content='tesseract 3.04.00' />
  <meta name='ocr-capabilities' content='ocr_page ocr_carea ocr_par ocr_line ocrx_word'/>
</head>
<body>
  <div class='ocr_page' id='page_1' title='image "./emendationesliv00madvgoog_0363.png"; bbox 0 0 2994 5108; ppageno 0'>
   <div class='ocr_carea' id='block_1_1' title="bbox 172 461 781 530">
    <p class='ocr_par' dir='ltr' id='par_1_1' title="bbox 172 461 781 530">
     <span class='ocr_line' id='line_1_1' title="bbox 172 461 781 530; baseline -0.013 0"><span class='ocrx_word' id='word_1_1' title='bbox 172 475 234 530; x_wconf 88' lang='lat' dir='ltr'>Lib.</span> <span class='ocrx_word' id='word_1_2' title='bbox 252 474 338 530; x_wconf 86' lang='lat' dir='ltr'><strong>XXV.</strong></span> <span class='ocrx_word' id='word_1_3' title='bbox 719 461 781 522; x_wconf 84' lang='grc'>354</span> 
     </span>
    </p>
   </div>
   <div class='ocr_carea' id='block_1_2' title="bbox 55 641 1347 4289">
    <p class='ocr_par' dir='ltr' id='par_1_2' title="bbox 171 641 1333 1271">
     <span class='ocr_line' id='line_1_2' title="bbox 259 641 1333 731; baseline -0.005 -19"><span class='ocrx_word' id='word_1_4' title='bbox 259 646 339 731; x_wconf 89' lang='lat' dir='ltr'>Cap.</span> <span class='ocrx_word' id='word_1_5' title='bbox 362 651 397 726; x_wconf 89' lang='grc'>6,</span> <span class='ocrx_word' id='word_1_6' title='bbox 427 650 448 711; x_wconf 76' lang='lat'><strong>2</strong></span> <span class='ocrx_word' id='word_1_7' title='bbox 470 647 517 727; x_wconf 92' lang='lat' dir='ltr'>(in</span> <span class='ocrx_word' id='word_1_8' title='bbox 545 647 695 712; x_wconf 91' lang='lat' dir='ltr'>oratione</span> <span class='ocrx_word' id='word_1_9' title='bbox 717 644 861 710; x_wconf 90' lang='lat' dir='ltr'>militum</span> <span class='ocrx_word' id='word_1_10' title='bbox 884 641 1105 709; x_wconf 82' lang='lat' dir='ltr'>Cannensium</span> <span class='ocrx_word' id='word_1_11' title='bbox 1127 643 1216 728; x_wconf 90' lang='lat' dir='ltr'>apud</span> <span class='ocrx_word' id='word_1_12' title='bbox 1238 641 1333 708; x_wconf 87' lang='lat' dir='ltr'>Mar·</span> 
     </span>
     <span class='ocr_line' id='line_1_3' title="bbox 173 750 1332 836; baseline -0.003 -15"><span class='ocrx_word' id='word_1_13' title='bbox 173 756 320 836; x_wconf 88' lang='lat' dir='ltr'>cellum):</span> <span class='ocrx_word' id='word_1_14' title='bbox 357 753 570 821; x_wconf 86' lang='lat' dir='ltr'>Consulem</span> <span class='ocrx_word' id='word_1_15' title='bbox 592 760 641 832; x_wconf 95' lang='lat' dir='ltr'>te,</span> <span class='ocrx_word' id='word_1_16' title='bbox 669 752 712 817; x_wconf 86' lang='lat' dir='ltr'>M.</span> <span class='ocrx_word' id='word_1_17' title='bbox 736 751 939 832; x_wconf 82' lang='lat' dir='ltr'>Marcelle,</span> <span class='ocrx_word' id='word_1_18' title='bbox 967 753 1008 817; x_wconf 94' lang='lat' dir='ltr'>in</span> <span class='ocrx_word' id='word_1_19' title='bbox 1030 751 1198 818; x_wconf 89' lang='lat' dir='ltr'>Italiam</span> <span class='ocrx_word' id='word_1_20' title='bbox 1220 750 1332 817; x_wconf 87' lang='lat' dir='ltr'>adis·</span> 
     </span>
     <span class='ocr_line' id='line_1_4' title="bbox 174 857 1332 956; baseline -0.003 -27"><span class='ocrx_word' id='word_1_21' title='bbox 174 885 320 943; x_wconf 91' lang='lat' dir='ltr'>semus,</span> <span class='ocrx_word' id='word_1_22' title='bbox 349 885 465 947; x_wconf 90' lang='lat' dir='ltr'>quum</span> <span class='ocrx_word' id='word_1_23' title='bbox 494 863 664 946; x_wconf 88' lang='lat' dir='ltr'>primum</span> <span class='ocrx_word' id='word_1_24' title='bbox 695 860 741 926; x_wconf 92' lang='lat' dir='ltr'>de</span> <span class='ocrx_word' id='word_1_25' title='bbox 771 860 892 925; x_wconf 91' lang='lat' dir='ltr'>nobis</span> <span class='ocrx_word' id='word_1_26' title='bbox 913 896 957 908; x_wconf 89' lang='lat'><strong>—</strong></span> <span class='ocrx_word' id='word_1_27' title='bbox 978 861 1102 927; x_wconf 91' lang='lat' dir='ltr'>triste</span> <span class='ocrx_word' id='word_1_28' title='bbox 1125 859 1158 926; x_wconf 85' lang='lat' dir='ltr'>S.</span> <span class='ocrx_word' id='word_1_29' title='bbox 1182 857 1218 925; x_wconf 92' lang='lat' dir='ltr'>C.</span> <span class='ocrx_word' id='word_1_30' title='bbox 1233 858 1332 956; x_wconf 29' lang='lat' dir='ltr'>&#39;Iac‘</span> 
     </span>
     <span class='ocr_line' id='line_1_5' title="bbox 172 968 1328 1037; baseline -0.003 0"><span class='ocrx_word' id='word_1_31' title='bbox 172 979 253 1037; x_wconf 87' lang='lat' dir='ltr'>tum</span> <span class='ocrx_word' id='word_1_32' title='bbox 283 977 354 1036; x_wconf 91' lang='lat' dir='ltr'>est.</span> <span class='ocrx_word' id='word_1_33' title='bbox 410 971 453 1035; x_wconf 94' lang='lat' dir='ltr'>In</span> <span class='ocrx_word' id='word_1_34' title='bbox 481 970 647 1035; x_wconf 87' lang='lat' dir='ltr'>Italiam</span> <span class='ocrx_word' id='word_1_35' title='bbox 676 968 959 1035; x_wconf 88' lang='lat' dir='ltr'>Weissenbornius</span> <span class='ocrx_word' id='word_1_36' title='bbox 994 990 1032 1035; x_wconf 90' lang='lat' dir='ltr'>eo</span> <span class='ocrx_word' id='word_1_37' title='bbox 1067 969 1165 1035; x_wconf 91' lang='lat' dir='ltr'>modo</span> <span class='ocrx_word' id='word_1_38' title='bbox 1200 968 1328 1035; x_wconf 89' lang='lat' dir='ltr'>dictum</span> 
     </span>
     <span class='ocr_line' id='line_1_6' title="bbox 171 1076 1330 1164; baseline -0.002 -21"><span class='ocrx_word' id='word_1_39' title='bbox 171 1084 279 1164; x_wconf 86' lang='lat' dir='ltr'>putat,</span> <span class='ocrx_word' id='word_1_40' title='bbox 302 1100 365 1161; x_wconf 92' lang='lat' dir='ltr'>quo</span> <span class='ocrx_word' id='word_1_41' title='bbox 389 1079 523 1142; x_wconf 90' lang='lat' dir='ltr'>dicitur:</span> <span class='ocrx_word' id='word_1_42' title='bbox 554 1079 681 1161; x_wconf 83' lang='lat' dir='ltr'>Arpos</span> <span class='ocrx_word' id='word_1_43' title='bbox 704 1078 742 1142; x_wconf 94' lang='lat' dir='ltr'>in</span> <span class='ocrx_word' id='word_1_44' title='bbox 765 1077 955 1161; x_wconf 82' lang='lat' dir='ltr'>Apuliam</span> <span class='ocrx_word' id='word_1_45' title='bbox 977 1079 1114 1144; x_wconf 88' lang='lat' dir='ltr'>venire</span> <span class='ocrx_word' id='word_1_46' title='bbox 1137 1085 1171 1144; x_wconf 89' lang='lat' dir='ltr'>et</span> <span class='ocrx_word' id='word_1_47' title='bbox 1193 1076 1330 1143; x_wconf 74' lang='lat' dir='ltr'>similia,</span> 
     </span>
     <span class='ocr_line' id='line_1_7' title="bbox 172 1185 1327 1271; baseline -0.002 -19"><span class='ocrx_word' id='word_1_48' title='bbox 172 1188 273 1271; x_wconf 81' lang='lat' dir='ltr'>Atqui</span> <span class='ocrx_word' id='word_1_49' title='bbox 300 1193 385 1266; x_wconf 90' lang='lat' dir='ltr'>tum,</span> <span class='ocrx_word' id='word_1_50' title='bbox 420 1208 520 1268; x_wconf 89' lang='lat' dir='ltr'>quum</span> <span class='ocrx_word' id='word_1_51' title='bbox 542 1187 573 1251; x_wconf 82' lang='lat' dir='ltr'>S.</span> <span class='ocrx_word' id='word_1_52' title='bbox 598 1185 631 1250; x_wconf 92' lang='lat' dir='ltr'>C.</span> <span class='ocrx_word' id='word_1_53' title='bbox 657 1187 697 1251; x_wconf 91' lang='lat' dir='ltr'>de</span> <span class='ocrx_word' id='word_1_54' title='bbox 721 1185 903 1251; x_wconf 82' lang='lat' dir='ltr'>Cannensis</span> <span class='ocrx_word' id='word_1_55' title='bbox 932 1187 1096 1253; x_wconf 83' lang='lat' dir='ltr'>exercitus</span> <span class='ocrx_word' id='word_1_56' title='bbox 1118 1187 1268 1269; x_wconf 90' lang='lat' dir='ltr'>reliquiis</span> <span class='ocrx_word' id='word_1_57' title='bbox 1292 1187 1327 1251; x_wconf 95' lang='lat' dir='ltr'>in</span> 
     </span>
    </p>

    <p class='ocr_par' dir='ltr' id='par_1_3' title="bbox 147 1287 1331 1377">
     <span class='ocr_line' id='line_1_8' title="bbox 147 1287 1331 1377; baseline -0.001 -17"><span class='ocrx_word' id='word_1_58' title='bbox 147 1287 319 1360; x_wconf 51' lang='lat' dir='ltr'>¹Siciliam</span> <span class='ocrx_word' id='word_1_59' title='bbox 351 1294 521 1360; x_wconf 79' lang='lat' dir='ltr'>mittendis</span> <span class='ocrx_word' id='word_1_60' title='bbox 556 1294 679 1359; x_wconf 88' lang='lat' dir='ltr'>factum</span> <span class='ocrx_word' id='word_1_61' title='bbox 710 1299 761 1359; x_wconf 90' lang='lat' dir='ltr'>est</span> <span class='ocrx_word' id='word_1_62' title='bbox 789 1293 929 1376; x_wconf 88' lang='lat' dir='ltr'>(XXIII,</span> <span class='ocrx_word' id='word_1_63' title='bbox 959 1298 1014 1375; x_wconf 81' lang='lat'>25,</span> <span class='ocrx_word' id='word_1_64' title='bbox 1046 1296 1095 1377; x_wconf 81' lang='lat'>7),</span> <span class='ocrx_word' id='word_1_65' title='bbox 1127 1295 1248 1361; x_wconf 88' lang='lat' dir='ltr'>milites</span> <span class='ocrx_word' id='word_1_66' title='bbox 1277 1293 1331 1360; x_wconf 86' lang='lat' dir='ltr'>illi</span> 
     </span>
    </p>

    <p class='ocr_par' dir='ltr' id='par_1_4' title="bbox 55 1401 1331 1701">
     <span class='ocr_line' id='line_1_9' title="bbox 55 1401 1331 1486; baseline 0.002 -19"><span class='ocrx_word' id='word_1_67' title='bbox 55 1477 57 1481; x_wconf 89' lang='lat'>.</span> <span class='ocrx_word' id='word_1_68' title='bbox 170 1404 204 1467; x_wconf 92' lang='lat' dir='ltr'>in</span> <span class='ocrx_word' id='word_1_69' title='bbox 226 1402 326 1468; x_wconf 92' lang='lat' dir='ltr'>Italia</span> <span class='ocrx_word' id='word_1_70' title='bbox 356 1409 450 1467; x_wconf 87' lang='lat' dir='ltr'>erant</span> <span class='ocrx_word' id='word_1_71' title='bbox 478 1424 539 1468; x_wconf 90' lang='lat' dir='ltr'>nec</span> <span class='ocrx_word' id='word_1_72' title='bbox 566 1408 723 1486; x_wconf 88' lang='lat' dir='ltr'>poterant</span> <span class='ocrx_word' id='word_1_73' title='bbox 752 1402 791 1465; x_wconf 92' lang='lat' dir='ltr'>in</span> <span class='ocrx_word' id='word_1_74' title='bbox 813 1401 979 1468; x_wconf 86' lang='lat' dir='ltr'>ltaliam</span> <span class='ocrx_word' id='word_1_75' title='bbox 1007 1403 1144 1469; x_wconf 88' lang='lat' dir='ltr'>venire</span> <span class='ocrx_word' id='word_1_76' title='bbox 1172 1409 1231 1469; x_wconf 91' lang='lat' dir='ltr'>ant</span> <span class='ocrx_word' id='word_1_77' title='bbox 1253 1403 1331 1469; x_wconf 89' lang='lat' dir='ltr'>ali·</span> 
     </span>
     <span class='ocr_line' id='line_1_10' title="bbox 171 1509 1328 1595; baseline 0.001 -19"><span class='ocrx_word' id='word_1_78' title='bbox 171 1533 285 1595; x_wconf 91' lang='lat' dir='ltr'>quem</span> <span class='ocrx_word' id='word_1_79' title='bbox 317 1510 442 1576; x_wconf 90' lang='lat' dir='ltr'>adire.</span> <span class='ocrx_word' id='word_1_80' title='bbox 498 1510 714 1576; x_wconf 89' lang='lat' dir='ltr'>Scribendum</span> <span class='ocrx_word' id='word_1_81' title='bbox 748 1511 861 1592; x_wconf 90' lang='lat' dir='ltr'>itaque</span> <span class='ocrx_word' id='word_1_82' title='bbox 895 1511 934 1574; x_wconf 94' lang='lat' dir='ltr'>in</span> <span class='ocrx_word' id='word_1_83' title='bbox 968 1509 1106 1577; x_wconf 89' lang='lat' dir='ltr'>Italia.</span> <span class='ocrx_word' id='word_1_84' title='bbox 1162 1510 1251 1593; x_wconf 86' lang='lat' dir='ltr'>(vid.</span> <span class='ocrx_word' id='word_1_85' title='bbox 1281 1511 1328 1577; x_wconf 81' lang='lat' dir='ltr'>ad</span> 
     </span>
     <span class='ocr_line' id='line_1_11' title="bbox 173 1618 418 1701; baseline 0 -18"><span class='ocrx_word' id='word_1_86' title='bbox 173 1619 295 1700; x_wconf 87' lang='lat' dir='ltr'>XXIII,</span> <span class='ocrx_word' id='word_1_87' title='bbox 320 1624 348 1700; x_wconf 88' lang='lat'>3,</span> <span class='ocrx_word' id='word_1_88' title='bbox 374 1618 418 1701; x_wconf 84' lang='grc'>2,)</span> 
     </span>
    </p>

    <p class='ocr_par' dir='ltr' id='par_1_5' title="bbox 169 1715 1332 2242">
     <span class='ocr_line' id='line_1_12' title="bbox 257 1715 1330 1811; baseline 0 -19"><span class='ocrx_word' id='word_1_89' title='bbox 257 1725 335 1811; x_wconf 78' lang='lat' dir='ltr'>Cap,</span> <span class='ocrx_word' id='word_1_90' title='bbox 365 1732 400 1806; x_wconf 88' lang='grc'>8,</span> <span class='ocrx_word' id='word_1_91' title='bbox 434 1731 453 1790; x_wconf 83' lang='grc'>8</span> <span class='ocrx_word' id='word_1_92' title='bbox 488 1725 535 1808; x_wconf 85' lang='lat' dir='ltr'>(in</span> <span class='ocrx_word' id='word_1_93' title='bbox 570 1727 820 1792; x_wconf 82' lang='lat' dir='ltr'>condicionibus</span> <span class='ocrx_word' id='word_1_94' title='bbox 854 1726 1015 1809; x_wconf 89' lang='lat' dir='ltr'>prodendi</span> <span class='ocrx_word' id='word_1_95' title='bbox 1048 1715 1229 1792; x_wconf 86' lang='lat' dir='ltr'>Hannibali</span> <span class='ocrx_word' id='word_1_96' title='bbox 1262 1725 1330 1792; x_wconf 88' lang='lat' dir='ltr'>Ta·</span> 
     </span>
     <span class='ocr_line' id='line_1_13' title="bbox 170 1833 1326 1919; baseline 0 -19"><span class='ocrx_word' id='word_1_97' title='bbox 170 1835 285 1917; x_wconf 91' lang='lat' dir='ltr'>renti):</span> <span class='ocrx_word' id='word_1_98' title='bbox 329 1835 496 1919; x_wconf 86' lang='lat' dir='ltr'>prodita</span> <span class='ocrx_word' id='word_1_99' title='bbox 540 1835 734 1916; x_wconf 74' lang='lat' dir='ltr'>presidia</span> <span class='ocrx_word' id='word_1_100' title='bbox 773 1833 1180 1918; x_wconf 83' lang='lat' dir='ltr'>Carthaginiensium</span> <span class='ocrx_word' id='word_1_101' title='bbox 1223 1833 1326 1900; x_wconf 84' lang='lat' dir='ltr'>fore.</span> 
     </span>
     <span class='ocr_line' id='line_1_14' title="bbox 170 1940 1332 2027; baseline 0 -21"><span class='ocrx_word' id='word_1_102' title='bbox 170 1942 360 2008; x_wconf 82' lang='lat' dir='ltr'>Praesidium</span> <span class='ocrx_word' id='word_1_103' title='bbox 384 1941 703 2025; x_wconf 85' lang='lat' dir='ltr'>Carthaginiensium</span> <span class='ocrx_word' id='word_1_104' title='bbox 736 1941 821 2021; x_wconf 92' lang='lat' dir='ltr'>fieri,</span> <span class='ocrx_word' id='word_1_105' title='bbox 855 1964 956 2026; x_wconf 91' lang='lat' dir='ltr'>quum</span> <span class='ocrx_word' id='word_1_106' title='bbox 990 1943 1111 2027; x_wconf 78' lang='lat' dir='ltr'>captIvi</span> <span class='ocrx_word' id='word_1_107' title='bbox 1139 1940 1332 2023; x_wconf 78' lang='lat' dir='ltr'>significen-</span> 
     </span>
     <span class='ocr_line' id='line_1_15' title="bbox 169 2049 1330 2131; baseline 0 -15"><span class='ocrx_word' id='word_1_108' title='bbox 169 2057 233 2131; x_wconf 89' lang='lat' dir='ltr'>tur,</span> <span class='ocrx_word' id='word_1_109' title='bbox 256 2052 413 2116; x_wconf 88' lang='lat' dir='ltr'>inusitate</span> <span class='ocrx_word' id='word_1_110' title='bbox 436 2051 501 2114; x_wconf 91' lang='lat' dir='ltr'>dici</span> <span class='ocrx_word' id='word_1_111' title='bbox 524 2051 703 2115; x_wconf 88' lang='lat' dir='ltr'>Weissenb.</span> <span class='ocrx_word' id='word_1_112' title='bbox 718 2051 836 2130; x_wconf 73' lang='lat' dir='ltr'>sensit,</span> <span class='ocrx_word' id='word_1_113' title='bbox 860 2050 1067 2116; x_wconf 87' lang='lat' dir='ltr'>manifestius</span> <span class='ocrx_word' id='word_1_114' title='bbox 1090 2051 1193 2116; x_wconf 88' lang='lat' dir='ltr'>etiam</span> <span class='ocrx_word' id='word_1_115' title='bbox 1214 2049 1330 2116; x_wconf 88' lang='lat' dir='ltr'>mendi</span> 
     </span>
     <span class='ocr_line' id='line_1_16' title="bbox 170 2157 1327 2242; baseline 0 -20"><span class='ocrx_word' id='word_1_116' title='bbox 170 2159 328 2224; x_wconf 91' lang='lat' dir='ltr'>indicium</span> <span class='ocrx_word' id='word_1_117' title='bbox 358 2165 423 2239; x_wconf 91' lang='lat' dir='ltr'>est,</span> <span class='ocrx_word' id='word_1_118' title='bbox 458 2159 546 2241; x_wconf 92' lang='lat' dir='ltr'>quod</span> <span class='ocrx_word' id='word_1_119' title='bbox 575 2158 772 2242; x_wconf 88' lang='lat' dir='ltr'>praesidia</span> <span class='ocrx_word' id='word_1_120' title='bbox 799 2157 969 2237; x_wconf 85' lang='lat' dir='ltr'>dicuntur3</span> <span class='ocrx_word' id='word_1_121' title='bbox 1002 2179 1080 2223; x_wconf 90' lang='lat' dir='ltr'>uam</span> <span class='ocrx_word' id='word_1_122' title='bbox 1108 2179 1210 2223; x_wconf 91' lang='lat' dir='ltr'>unum</span> <span class='ocrx_word' id='word_1_123' title='bbox 1242 2163 1327 2224; x_wconf 85' lang='lat' dir='ltr'>erat.</span> 
     </span>
    </p>

    <p class='ocr_par' dir='ltr' id='par_1_6' title="bbox 80 2266 1347 4289">
     <span class='ocr_line' id='line_1_17' title="bbox 80 2266 1331 2353; baseline 0.001 -22"><span class='ocrx_word' id='word_1_124' title='bbox 80 2284 153 2353; x_wconf 82' lang='lat'><strong>(290)</strong></span> <span class='ocrx_word' id='word_1_125' title='bbox 172 2267 210 2331; x_wconf 90' lang='lat' dir='ltr'>ln</span> <span class='ocrx_word' id='word_1_126' title='bbox 251 2267 275 2332; x_wconf 91' lang='lat' dir='ltr'>P</span> <span class='ocrx_word' id='word_1_127' title='bbox 310 2272 359 2331; x_wconf 89' lang='lat' dir='ltr'>est</span> <span class='ocrx_word' id='word_1_128' title='bbox 398 2268 564 2351; x_wconf 89' lang='lat' dir='ltr'>prodita</span> <span class='ocrx_word' id='word_1_129' title='bbox 603 2266 812 2350; x_wconf 72' lang='lat' dir='ltr'>praesidio,</span> <span class='ocrx_word' id='word_1_130' title='bbox 852 2271 932 2349; x_wconf 87' lang='lat' dir='ltr'>puto</span> <span class='ocrx_word' id='word_1_131' title='bbox 970 2267 1099 2331; x_wconf 87' lang='lat' dir='ltr'>Livium</span> <span class='ocrx_word' id='word_1_132' title='bbox 1138 2266 1331 2349; x_wconf 78' lang='lat' dir='ltr'>scripsisse:</span> 
     </span>
     <span class='ocr_line' id='line_1_18' title="bbox 170 2372 1330 2459; baseline -0.001 -20"><span class='ocrx_word' id='word_1_133' title='bbox 170 2375 342 2459; x_wconf 87' lang='lat' dir='ltr'>praebita</span> <span class='ocrx_word' id='word_1_134' title='bbox 370 2375 578 2458; x_wconf 84' lang='lat' dir='ltr'>praesidi0,</span> <span class='ocrx_word' id='word_1_135' title='bbox 608 2372 847 2457; x_wconf 86' lang='lat' dir='ltr'>significantem</span> <span class='ocrx_word' id='word_1_136' title='bbox 872 2395 928 2438; x_wconf 91' lang='lat' dir='ltr'>eas</span> <span class='ocrx_word' id='word_1_137' title='bbox 951 2395 1018 2452; x_wconf 91' lang='lat' dir='ltr'>res,</span> <span class='ocrx_word' id='word_1_138' title='bbox 1047 2395 1130 2457; x_wconf 89' lang='lat' dir='ltr'>quas</span> <span class='ocrx_word' id='word_1_139' title='bbox 1152 2372 1330 2439; x_wconf 83' lang='lat' dir='ltr'>Tarentini</span> 
     </span>
     <span class='ocr_line' id='line_1_19' title="bbox 171 2480 1332 2566; baseline 0.001 -20"><span class='ocrx_word' id='word_1_140' title='bbox 171 2483 318 2546; x_wconf 88' lang='lat' dir='ltr'>Romano</span> <span class='ocrx_word' id='word_1_141' title='bbox 359 2482 513 2566; x_wconf 89' lang='lat' dir='ltr'>praesidio</span> <span class='ocrx_word' id='word_1_142' title='bbox 549 2483 638 2561; x_wconf 88' lang='lat' dir='ltr'>dare,</span> <span class='ocrx_word' id='word_1_143' title='bbox 679 2482 825 2565; x_wconf 87' lang='lat' dir='ltr'>praebere</span> <span class='ocrx_word' id='word_1_144' title='bbox 860 2483 967 2548; x_wconf 90' lang='lat' dir='ltr'>coacti</span> <span class='ocrx_word' id='word_1_145' title='bbox 1006 2480 1161 2560; x_wconf 87' lang='lat' dir='ltr'>fuissent,</span> <span class='ocrx_word' id='word_1_146' title='bbox 1201 2501 1332 2547; x_wconf 82' lang='lat' dir='ltr'>vacuas</span> 
     </span>
     <span class='ocr_line' id='line_1_20' title="bbox 171 2588 1332 2674; baseline 0 -20"><span class='ocrx_word' id='word_1_147' title='bbox 171 2589 286 2654; x_wconf 90' lang='lat' dir='ltr'>domos</span> <span class='ocrx_word' id='word_1_148' title='bbox 316 2588 355 2670; x_wconf 90' lang='lat' dir='ltr'>(o.</span> <span class='ocrx_word' id='word_1_149' title='bbox 383 2594 430 2669; x_wconf 88' lang='lat'>10,</span> <span class='ocrx_word' id='word_1_150' title='bbox 455 2589 487 2671; x_wconf 81' lang='grc'>9)</span> <span class='ocrx_word' id='word_1_151' title='bbox 511 2611 585 2653; x_wconf 88' lang='lat' dir='ltr'>cum</span> <span class='ocrx_word' id='word_1_152' title='bbox 613 2588 825 2673; x_wconf 75' lang='lat' dir='ltr'>supellectili,</span> <span class='ocrx_word' id='word_1_153' title='bbox 860 2591 907 2654; x_wconf 89' lang='lat' dir='ltr'>ita</span> <span class='ocrx_word' id='word_1_154' title='bbox 935 2592 1021 2654; x_wconf 93' lang='lat' dir='ltr'>enim</span> <span class='ocrx_word' id='word_1_155' title='bbox 1043 2588 1199 2674; x_wconf 81' lang='lat' dir='ltr'>Polybius</span> <span class='ocrx_word' id='word_1_156' title='bbox 1221 2588 1332 2671; x_wconf 86' lang='lat' dir='ltr'>(VIII,</span> 
     </span>
     <span class='ocr_line' id='line_1_21' title="bbox 171 2696 1328 2780; baseline 0.001 -19"><span class='ocrx_word' id='word_1_157' title='bbox 171 2702 221 2777; x_wconf 78' lang='lat'>27,</span> <span class='ocrx_word' id='word_1_158' title='bbox 244 2699 277 2778; x_wconf 81' lang='lat'>2)</span> <span class='ocrx_word' id='word_1_159' title='bbox 302 2698 490 2762; x_wconf 83' lang='lat' dir='ltr'>convenisse</span> <span class='ocrx_word' id='word_1_160' title='bbox 515 2697 637 2776; x_wconf 85' lang='lat' dir='ltr'>scribit,</span> <span class='ocrx_word' id='word_1_161' title='bbox 660 2702 705 2776; x_wconf 92' lang='lat' dir='ltr'>nt,</span> <span class='ocrx_word' id='word_1_162' title='bbox 730 2696 854 2761; x_wconf 89' lang='lat' dir='ltr'>tradita</span> <span class='ocrx_word' id='word_1_163' title='bbox 877 2698 969 2775; x_wconf 91' lang='lat' dir='ltr'>urbe,</span> <span class='ocrx_word' id='word_1_164' title='bbox 994 2697 1328 2780; x_wconf 83' lang='lat' dir='ltr'>Carthaginiensibus</span> 
     </span>
     <span class='ocr_line' id='line_1_22' title="bbox 170 2804 1347 2888; baseline 0 -18"><span class='ocrx_word' id='word_1_165' title='bbox 170 2806 284 2870; x_wconf 75' lang='lat' dir='ltr'>liceret</span> <span class='ocrx_word' id='word_1_166' title='bbox 312 2813 359 2876; x_wconf 82' lang='grc' dir='ltr'>τὰς</span> <span class='ocrx_word' id='word_1_167' title='bbox 386 2815 440 2867; x_wconf 81' lang='grc' dir='ltr'>τῶν</span> <span class='ocrx_word' id='word_1_168' title='bbox 466 2812 604 2885; x_wconf 77' lang='grc' dir='ltr'><em>Ῥωμα’ων</em></span> <span class='ocrx_word' id='word_1_169' title='bbox 633 2809 717 2875; x_wconf 73' lang='grc' dir='ltr'><strong><em>οἰκίας</em></strong></span> <span class='ocrx_word' id='word_1_170' title='bbox 745 2811 790 2866; x_wconf 79' lang='grc' dir='ltr'>καὶ</span> <span class='ocrx_word' id='word_1_171' title='bbox 820 2814 976 2877; x_wconf 74' lang='grc' dir='ltr'><strong><em>καταλύσεις</em></strong></span> <span class='ocrx_word' id='word_1_172' title='bbox 1000 2812 1163 2888; x_wconf 75' lang='grc' dir='ltr'><strong><em>διαρπάζειν.</em></strong></span> <span class='ocrx_word' id='word_1_173' title='bbox 1214 2804 1347 2886; x_wconf 70' lang='lat' dir='ltr'>(Plo-⁴</span> 
     </span>
     <span class='ocr_line' id='line_1_23' title="bbox 171 2912 1331 2997; baseline 0.002 -21"><span class='ocrx_word' id='word_1_174' title='bbox 171 2913 257 2977; x_wconf 87' lang='lat' dir='ltr'>dits</span> <span class='ocrx_word' id='word_1_175' title='bbox 284 2936 368 2978; x_wconf 91' lang='lat' dir='ltr'>cum</span> <span class='ocrx_word' id='word_1_176' title='bbox 396 2914 585 2997; x_wconf 82' lang='lat' dir='ltr'>praesidio</span> <span class='ocrx_word' id='word_1_177' title='bbox 617 2914 723 2977; x_wconf 90' lang='lat' dir='ltr'>rninns</span> <span class='ocrx_word' id='word_1_178' title='bbox 752 2912 834 2977; x_wconf 89' lang='lat' dir='ltr'>bene</span> <span class='ocrx_word' id='word_1_179' title='bbox 864 2913 1066 2994; x_wconf 83' lang='lat' dir='ltr'>dicerentur3</span> <span class='ocrx_word' id='word_1_180' title='bbox 1100 2933 1208 2996; x_wconf 87' lang='lat' dir='ltr'>neque</span> <span class='ocrx_word' id='word_1_181' title='bbox 1239 2913 1331 2978; x_wconf 87' lang='lat' dir='ltr'>enim</span> 
     </span>
     <span class='ocr_line' id='line_1_24' title="bbox 169 3019 1330 3106; baseline 0.001 -21"><span class='ocrx_word' id='word_1_182' title='bbox 169 3021 219 3086; x_wconf 84' lang='lat' dir='ltr'>hae</span> <span class='ocrx_word' id='word_1_183' title='bbox 247 3044 300 3087; x_wconf 89' lang='lat' dir='ltr'>res</span> <span class='ocrx_word' id='word_1_184' title='bbox 329 3021 569 3105; x_wconf 77' lang='lat' dir='ltr'>prodebantur,</span> <span class='ocrx_word' id='word_1_185' title='bbox 605 3021 722 3084; x_wconf 87' lang='lat' dir='ltr'>saltem</span> <span class='ocrx_word' id='word_1_186' title='bbox 757 3043 821 3085; x_wconf 91' lang='lat' dir='ltr'>non</span> <span class='ocrx_word' id='word_1_187' title='bbox 856 3023 960 3105; x_wconf 90' lang='lat' dir='ltr'>magis</span> <span class='ocrx_word' id='word_1_188' title='bbox 990 3042 1089 3106; x_wconf 85' lang='lat' dir='ltr'>qnam</span> <span class='ocrx_word' id='word_1_189' title='bbox 1116 3027 1191 3086; x_wconf 89' lang='lat' dir='ltr'>tota</span> <span class='ocrx_word' id='word_1_190' title='bbox 1218 3019 1330 3102; x_wconf 83' lang='lat' dir='ltr'>urbs.)</span> 
     </span>
     <span class='ocr_line' id='line_1_25' title="bbox 170 3126 1328 3214; baseline -0.002 -20"><span class='ocrx_word' id='word_1_191' title='bbox 170 3128 327 3214; x_wconf 81' lang='lat' dir='ltr'>SequItur</span> <span class='ocrx_word' id='word_1_192' title='bbox 350 3129 366 3212; x_wconf 65' lang='grc' dir='ltr'>ξ</span> <span class='ocrx_word' id='word_1_193' title='bbox 392 3135 431 3193; x_wconf 83' lang='grc'>10</span> <span class='ocrx_word' id='word_1_194' title='bbox 453 3129 493 3193; x_wconf 92' lang='lat' dir='ltr'>de</span> <span class='ocrx_word' id='word_1_195' title='bbox 516 3128 704 3192; x_wconf 89' lang='lat' dir='ltr'>Philerneno</span> <span class='ocrx_word' id='word_1_196' title='bbox 734 3130 877 3193; x_wconf 86' lang='lat' dir='ltr'>venandi</span> <span class='ocrx_word' id='word_1_197' title='bbox 906 3132 1015 3214; x_wconf 87' lang='lat' dir='ltr'>specie</span> <span class='ocrx_word' id='word_1_198' title='bbox 1039 3130 1080 3194; x_wconf 93' lang='lat' dir='ltr'>ad</span> <span class='ocrx_word' id='word_1_199' title='bbox 1103 3126 1328 3193; x_wconf 88' lang='lat' dir='ltr'>Hannibalem</span> 
     </span>
     <span class='ocr_line' id='line_1_26' title="bbox 169 3234 1328 3321; baseline 0 -21"><span class='ocrx_word' id='word_1_200' title='bbox 169 3244 385 3302; x_wconf 89' lang='lat' dir='ltr'>commeante:</span> <span class='ocrx_word' id='word_1_201' title='bbox 422 3244 660 3320; x_wconf 87' lang='lat' dir='ltr'>captumque</span> <span class='ocrx_word' id='word_1_202' title='bbox 689 3234 810 3300; x_wconf 85' lang='lat' dir='ltr'>ferme</span> <span class='ocrx_word' id='word_1_203' title='bbox 839 3236 1001 3321; x_wconf 88' lang='lat' dir='ltr'>aliquid</span> <span class='ocrx_word' id='word_1_204' title='bbox 1031 3243 1100 3301; x_wconf 89' lang='lat' dir='ltr'>aut</span> <span class='ocrx_word' id='word_1_205' title='bbox 1130 3235 1179 3301; x_wconf 88' lang='lat' dir='ltr'>ab</span> <span class='ocrx_word' id='word_1_206' title='bbox 1202 3234 1328 3301; x_wconf 86' lang='lat' dir='ltr'>hoste</span> 
     </span>
     <span class='ocr_line' id='line_1_27' title="bbox 169 3344 1328 3428; baseline 0 -20"><span class='ocrx_word' id='word_1_207' title='bbox 169 3366 213 3408; x_wconf 87' lang='lat' dir='ltr'>ex</span> <span class='ocrx_word' id='word_1_208' title='bbox 231 3351 461 3428; x_wconf 87' lang='lat' dir='ltr'>praeparato</span> <span class='ocrx_word' id='word_1_209' title='bbox 481 3344 661 3408; x_wconf 88' lang='lat' dir='ltr'>adlatum</span> <span class='ocrx_word' id='word_1_210' title='bbox 680 3345 932 3427; x_wconf 92' lang='lat' dir='ltr'>reportando</span> <span class='ocrx_word' id='word_1_211' title='bbox 952 3345 1132 3410; x_wconf 86' lang='lat' dir='ltr'>donabat</span> <span class='ocrx_word' id='word_1_212' title='bbox 1150 3350 1328 3427; x_wconf 80' lang='lat' dir='ltr'>autprae·</span> 
     </span>
     <span class='ocr_line' id='line_1_28' title="bbox 168 3451 1326 3535; baseline 0.002 -20"><span class='ocrx_word' id='word_1_213' title='bbox 168 3451 276 3516; x_wconf 87' lang='lat' dir='ltr'>fecto</span> <span class='ocrx_word' id='word_1_214' title='bbox 312 3458 382 3517; x_wconf 90' lang='lat' dir='ltr'>aut</span> <span class='ocrx_word' id='word_1_215' title='bbox 422 3451 664 3516; x_wconf 87' lang='lat' dir='ltr'>custodibus</span> <span class='ocrx_word' id='word_1_216' title='bbox 699 3460 919 3534; x_wconf 89' lang='lat' dir='ltr'>portarum.</span> <span class='ocrx_word' id='word_1_217' title='bbox 981 3453 1054 3518; x_wconf 89' lang='lat' dir='ltr'>Etsi</span> <span class='ocrx_word' id='word_1_218' title='bbox 1082 3458 1149 3531; x_wconf 89' lang='lat' dir='ltr'>est,</span> <span class='ocrx_word' id='word_1_219' title='bbox 1184 3451 1244 3516; x_wconf 92' lang='lat' dir='ltr'>ubi</span> <span class='ocrx_word' id='word_1_220' title='bbox 1271 3471 1326 3535; x_wconf 84' lang='lat' dir='ltr'>ge-</span> 
     </span>
     <span class='ocr_line' id='line_1_29' title="bbox 167 3559 1326 3644; baseline 0.002 -23"><span class='ocrx_word' id='word_1_221' title='bbox 167 3559 277 3622; x_wconf 91' lang='lat' dir='ltr'>rundii</span> <span class='ocrx_word' id='word_1_222' title='bbox 306 3559 468 3625; x_wconf 83' lang='lat' dir='ltr'>ablativus</span> <span class='ocrx_word' id='word_1_223' title='bbox 497 3562 537 3625; x_wconf 87' lang='lat' dir='ltr'>de</span> <span class='ocrx_word' id='word_1_224' title='bbox 567 3561 662 3624; x_wconf 90' lang='lat' dir='ltr'>modo</span> <span class='ocrx_word' id='word_1_225' title='bbox 691 3560 809 3641; x_wconf 88' lang='lat' dir='ltr'>agendi</span> <span class='ocrx_word' id='word_1_226' title='bbox 838 3562 967 3644; x_wconf 89' lang='lat' dir='ltr'>positus</span> <span class='ocrx_word' id='word_1_227' title='bbox 997 3584 1017 3625; x_wconf 89' lang='lat' dir='ltr'>a</span> <span class='ocrx_word' id='word_1_228' title='bbox 1039 3559 1214 3644; x_wconf 85' lang='lat' dir='ltr'>praesentis</span> <span class='ocrx_word' id='word_1_229' title='bbox 1243 3565 1326 3625; x_wconf 88' lang='lat' dir='ltr'>tem·</span> 
     </span>
     <span class='ocr_line' id='line_1_30' title="bbox 167 3666 1329 3752; baseline 0.003 -24"><span class='ocrx_word' id='word_1_230' title='bbox 167 3666 257 3749; x_wconf 90' lang='lat' dir='ltr'>poris</span> <span class='ocrx_word' id='word_1_231' title='bbox 286 3668 452 3750; x_wconf 88' lang='lat' dir='ltr'>participii</span> <span class='ocrx_word' id='word_1_232' title='bbox 481 3666 720 3750; x_wconf 87' lang='lat' dir='ltr'>significatione</span> <span class='ocrx_word' id='word_1_233' title='bbox 751 3689 814 3731; x_wconf 91' lang='lat' dir='ltr'>non</span> <span class='ocrx_word' id='word_1_234' title='bbox 843 3669 891 3731; x_wconf 88' lang='lat' dir='ltr'>ita</span> <span class='ocrx_word' id='word_1_235' title='bbox 919 3669 1059 3732; x_wconf 88' lang='lat' dir='ltr'>multum</span> <span class='ocrx_word' id='word_1_236' title='bbox 1087 3668 1190 3733; x_wconf 83' lang='lat' dir='ltr'>distet</span> <span class='ocrx_word' id='word_1_237' title='bbox 1219 3667 1329 3752; x_wconf 85' lang='lat' dir='ltr'>(quod</span> 
     </span>
     <span class='ocr_line' id='line_1_31' title="bbox 167 3774 1330 3857; baseline 0.003 -19"><span class='ocrx_word' id='word_1_238' title='bbox 167 3796 269 3857; x_wconf 90' lang='lat' dir='ltr'>genus</span> <span class='ocrx_word' id='word_1_239' title='bbox 292 3775 434 3840; x_wconf 84' lang='lat' dir='ltr'>breviter</span> <span class='ocrx_word' id='word_1_240' title='bbox 457 3776 567 3839; x_wconf 88' lang='lat' dir='ltr'>notavi</span> <span class='ocrx_word' id='word_1_241' title='bbox 591 3775 645 3838; x_wconf 87' lang='lat' dir='ltr'>Gr.</span> <span class='ocrx_word' id='word_1_242' title='bbox 671 3774 743 3839; x_wconf 89' lang='lat' dir='ltr'>Lat.</span> <span class='ocrx_word' id='word_1_243' title='bbox 767 3774 783 3857; x_wconf 65' lang='grc' dir='ltr'><strong>ἓ</strong></span> <span class='ocrx_word' id='word_1_244' title='bbox 807 3780 869 3838; x_wconf 83' lang='grc'>416</span> <span class='ocrx_word' id='word_1_245' title='bbox 893 3782 959 3840; x_wconf 91' lang='lat' dir='ltr'>not.</span> <span class='ocrx_word' id='word_1_246' title='bbox 987 3775 1029 3857; x_wconf 90' lang='lat' dir='ltr'>l),</span> <span class='ocrx_word' id='word_1_247' title='bbox 1060 3782 1172 3841; x_wconf 90' lang='lat' dir='ltr'>tamen</span> <span class='ocrx_word' id='word_1_248' title='bbox 1194 3776 1223 3840; x_wconf 91' lang='lat' dir='ltr'>is</span> <span class='ocrx_word' id='word_1_249' title='bbox 1247 3797 1330 3841; x_wconf 88' lang='lat' dir='ltr'>usus</span> 
     </span>
     <span class='ocr_line' id='line_1_32' title="bbox 167 3882 1327 3967; baseline 0.002 -21"><span class='ocrx_word' id='word_1_250' title='bbox 167 3882 209 3946; x_wconf 90' lang='lat' dir='ltr'>ab</span> <span class='ocrx_word' id='word_1_251' title='bbox 233 3882 296 3948; x_wconf 90' lang='lat' dir='ltr'>hoc</span> <span class='ocrx_word' id='word_1_252' title='bbox 317 3882 399 3963; x_wconf 83' lang='lat'>1000,</span> <span class='ocrx_word' id='word_1_253' title='bbox 427 3885 460 3946; x_wconf 90' lang='lat' dir='ltr'>in</span> <span class='ocrx_word' id='word_1_254' title='bbox 484 3904 548 3964; x_wconf 86' lang='lat' dir='ltr'>quo</span> <span class='ocrx_word' id='word_1_255' title='bbox 572 3882 663 3945; x_wconf 89' lang='lat' dir='ltr'>nulla</span> <span class='ocrx_word' id='word_1_256' title='bbox 686 3882 774 3946; x_wconf 92' lang='lat' dir='ltr'>modi</span> <span class='ocrx_word' id='word_1_257' title='bbox 798 3882 995 3965; x_wconf 88' lang='lat' dir='ltr'>significatio</span> <span class='ocrx_word' id='word_1_258' title='bbox 1021 3889 1081 3963; x_wconf 89' lang='lat' dir='ltr'>est,</span> <span class='ocrx_word' id='word_1_259' title='bbox 1112 3904 1251 3967; x_wconf 90' lang='lat' dir='ltr'>prorsus</span> <span class='ocrx_word' id='word_1_260' title='bbox 1274 3889 1327 3948; x_wconf 88' lang='lat' dir='ltr'>est</span> 
     </span>
     <span class='ocr_line' id='line_1_33' title="bbox 167 3987 1326 4075; baseline 0 -23"><span class='ocrx_word' id='word_1_261' title='bbox 167 3989 296 4054; x_wconf 91' lang='lat' dir='ltr'>alienus</span> <span class='ocrx_word' id='word_1_262' title='bbox 326 3990 496 4075; x_wconf 90' lang='lat' dir='ltr'>(semper</span> <span class='ocrx_word' id='word_1_263' title='bbox 524 3989 680 4071; x_wconf 88' lang='lat' dir='ltr'>aliquid</span> <span class='ocrx_word' id='word_1_264' title='bbox 709 3991 954 4072; x_wconf 86' lang='lat' dir='ltr'>reportabat</span> <span class='ocrx_word' id='word_1_265' title='bbox 984 3997 1023 4055; x_wconf 83' lang='lat' dir='ltr'>et</span> <span class='ocrx_word' id='word_1_266' title='bbox 1052 3990 1093 4055; x_wconf 91' lang='lat' dir='ltr'>id</span> <span class='ocrx_word' id='word_1_267' title='bbox 1116 3987 1326 4071; x_wconf 89' lang='lat' dir='ltr'>donabat).</span> 
     </span>
     <span class='ocr_line' id='line_1_34' title="bbox 166 4096 1328 4181; baseline -0.001 -20"><span class='ocrx_word' id='word_1_268' title='bbox 166 4097 204 4161; x_wconf 93' lang='lat' dir='ltr'>ln</span> <span class='ocrx_word' id='word_1_269' title='bbox 238 4099 263 4162; x_wconf 92' lang='lat' dir='ltr'>P</span> <span class='ocrx_word' id='word_1_270' title='bbox 296 4099 467 4163; x_wconf 92' lang='lat' dir='ltr'>scribitur:</span> <span class='ocrx_word' id='word_1_271' title='bbox 508 4096 778 4180; x_wconf 89' lang='lat' dir='ltr'>reportandos</span> <span class='ocrx_word' id='word_1_272' title='bbox 812 4096 1006 4163; x_wconf 89' lang='lat' dir='ltr'>donabat.</span> <span class='ocrx_word' id='word_1_273' title='bbox 1069 4098 1196 4163; x_wconf 81' lang='lat' dir='ltr'>Fuerat</span> <span class='ocrx_word' id='word_1_274' title='bbox 1231 4117 1328 4181; x_wconf 84' lang='lat' dir='ltr'>ergo:</span> 
     </span>
     <span class='ocr_line' id='line_1_35' title="bbox 165 4202 1329 4289; baseline 0.001 -20"><span class='ocrx_word' id='word_1_275' title='bbox 165 4213 383 4288; x_wconf 86' lang='lat' dir='ltr'>reportans</span> <span class='ocrx_word' id='word_1_276' title='bbox 414 4205 604 4284; x_wconf 75' lang='lat' dir='ltr'>donabat,</span> <span class='ocrx_word' id='word_1_277' title='bbox 638 4202 758 4268; x_wconf 87' lang='lat' dir='ltr'>litterae</span> <span class='ocrx_word' id='word_1_278' title='bbox 788 4204 834 4269; x_wconf 92' lang='lat' dir='ltr'>do</span> <span class='ocrx_word' id='word_1_279' title='bbox 865 4207 1006 4289; x_wconf 91' lang='lat' dir='ltr'>primum</span> <span class='ocrx_word' id='word_1_280' title='bbox 1035 4211 1113 4272; x_wconf 85' lang='lat' dir='ltr'>ante</span> <span class='ocrx_word' id='word_1_281' title='bbox 1143 4226 1173 4287; x_wconf 86' lang='lat' dir='ltr'>s,</span> <span class='ocrx_word' id='word_1_282' title='bbox 1204 4204 1329 4272; x_wconf 85' lang='lat' dir='ltr'>deiude</span> 
     </span>
    </p>
   </div>
   <div class='ocr_carea' id='block_1_3' title="bbox 0 0 1502 5108">
    <p class='ocr_par' dir='ltr' id='par_1_7' title="bbox 0 0 1502 5108">
     <span class='ocr_line' id='line_1_36' title="bbox 0 0 1502 5108; baseline 0 2"><span class='ocrx_word' id='word_1_283' title='bbox 0 0 1502 5108; x_wconf 95' lang='lat' dir='ltr'> </span> 
     </span>
    </p>
   </div>
  </div>
 </body>
</html>
