2994 5108
682 462 744 522 427
1122 474 1185 529 Lib.
1203 474 1288 528 XXX.

135 646 225 731 gine
259 647 445 730 conspici
480 652 519 710 et
552 646 735 730 praebere
769 648 855 730 ipse
889 652 1150 730 conspectum
1185 668 1288 710 cum-

133 752 267 819 fusum
293 776 402 820 mare
424 754 515 819 urbi
537 759 687 838 posset.
742 753 795 818 Sic
818 753 961 833 codices,
991 774 1130 838 quornm
1153 754 1289 837 aliquod

134 867 185 927 est
212 869 431 942 momentum,
465 884 592 941 omnes,
628 884 712 946 quos
741 862 1045 941 Weissenbornius,
1079 862 1210 927 adscita
1233 863 1288 928 Al-

133 969 290 1037 schefslrii
307 972 513 1036 coniectura:
537 975 800 1054 conspectum
816 971 854 1035 in
872 969 1156 1034 circumfusum
1172 992 1288 1051 mare,

133 1086 284 1159 secutus,
324 1079 449 1163 expulit
489 1080 695 1162 superiorum
728 1078 962 1161 interpolatam
997 1079 1210 1161 scripturam:
1251 1084 1289 1143 et

134 1187 315 1271 praebere
345 1189 432 1270 ipse
460 1193 718 1270 prospectum
749 1208 865 1269 quum
893 1186 942 1251 ad
969 1186 1109 1251 urbem
1136 1192 1218 1250 tum
1240 1187 1288 1250 ad

134 1294 421 1361 circumfusum
444 1316 486 1359 m.
509 1316 540 1359 u.
564 1300 712 1377 posset.
764 1293 828 1358 Sed
851 1296 921 1377 ipse
945 1294 1190 1373 animadvertit,
1218 1315 1284 1358 non
1301 1301 1374 1370 (sla)

134 1403 200 1469 dici
221 1402 339 1468 Latine
361 1409 626 1486 conspectum
651 1403 690 1466 in
713 1422 819 1466 mare
844 1424 904 1486 pro
928 1409 1163 1486 prospectu3
1188 1410 1222 1467 et
1238 1408 1288 1467 ta·

134 1531 209 1576 men
233 1510 475 1576 substantivum
493 1532 566 1575 cum
585 1509 868 1593 conspiciendi
887 1511 986 1575 verbo
1005 1511 1214 1593 coniugatum
1231 1533 1289 1595 po-

134 1617 241 1683 stulat
264 1619 404 1702 quaesita
428 1619 587 1683 orationis
611 1619 826 1682 concinnitas.
874 1618 1089 1683 Scribendum
1114 1624 1194 1697 erat,
1222 1641 1289 1683 una

133 1726 248 1791 littera
268 1732 412 1791 mutata:
444 1734 481 1791 et
509 1726 690 1810 praebere
713 1727 802 1809 ipse
825 1725 1049 1805 conspectui
1073 1726 1288 1791 circumfu-

133 1854 220 1900 snm
240 1855 346 1898 mare
369 1834 460 1899 urbi
485 1840 634 1917 posset.
665 1833 856 1899 Subiectum
879 1835 1069 1917 conspectui
1091 1854 1181 1897 mare
1204 1842 1287 1898 erat.

220 1941 299 2026 Cap.
326 1947 379 2019 10,
410 1946 429 2005 7
452 1940 506 2021 (de
535 1941 671 2034 navibus
694 1942 736 2006 ad
759 1941 888 2006 Uticam
912 1963 932 2005 a
955 1941 1107 2024 Scipione
1130 1941 1288 2007 adversus

134 2049 455 2134 Carthaginiensium
494 2051 653 2133 impetum
692 2048 892 2130 instructis):
937 2049 1110 2114 telorum
1156 2050 1288 2114 missi·

133 2157 247 2237 lium,
276 2164 321 2222 ut
344 2158 528 2240 quamvis
551 2158 669 2240 longo
692 2159 916 2223 certamine
939 2156 1201 2235 sufficerent,
1229 2160 1288 2222 vis

133 2266 278 2349 ingens
302 2267 549 2348 congeritur.
605 2265 650 2330 Ut
681 2266 809 2330 dicatur
836 2272 928 2330 recte
957 2267 1141 2348 quamvis
1164 2266 1287 2351 longo

134 2374 359 2438 certamine
381 2395 442 2458 pro
466 2396 520 2451 eo,
550 2374 639 2457 quod
663 2380 728 2438 est:
763 2373 1121 2466 etiamsilongum
1150 2384 1287 2443 certa-

136 2500 221 2546 men
243 2480 385 2559 lieret,
416 2481 546 2565 dequo
570 2482 779 2546 vehementer
802 2481 933 2559 dubito,
961 2487 1160 2547 tamennon
1185 2487 1288 2550 credi·

137 2588 241 2654 derim
263 2588 388 2653 Livium
412 2596 481 2654 tam
503 2590 640 2654 moleste
664 2589 794 2667 dixisse,
824 2610 923 2673 quum
945 2588 1042 2653 facilc
1066 2595 1098 2654 et
1121 2592 1289 2674 eleganter

136 2703 266 2781 posset:
300 2704 344 2762 ut
376 2699 559 2779 quamvis
591 2698 717 2781 longo
748 2698 963 2762 certamini
993 2696 1287 2783 sufficerent.¹)

137 2802 278 2870 Inferius
301 2804 333 2867 in
357 2804 419 2869 hoc
442 2807 550 2889 capite
574 2803 605 2888 (ἓ
631 2807 698 2883 19),
729 2805 786 2869 ubi
815 2826 940 2869 summa
968 2810 1104 2870 eventus
1131 2807 1289 2889 longioris

138 2913 328 2977 certaminis
352 2913 518 2994 colligitur
547 2912 634 2993 (hoc
665 2914 835 2977 maxime
864 2912 977 2975 modo
1001 2912 1177 2978 lacerati
1200 2918 1288 2998 qui-

138 3018 223 3084 dem
251 3015 385 3086 omnes
413 3021 588 3104 pontes),
622 3020 786 3103 particula
822 3021 980 3104 quidem
1008 3028 1075 3084 tam
1103 3042 1202 3103 prave
1230 3043 1289 3106 po·

136 3126 241 3207 nitur,
275 3149 377 3211 quum
409 3128 502 3192 nulla
534 3129 667 3192 minima
701 3130 745 3192 sit
778 3149 879 3192 causa
914 3127 1004 3192 verbi
1038 3128 1213 3192 lacerati
1242 3131 1289 3194 sic

137 3234 324 3311 extollendi,
347 3244 384 3301 ut
407 3236 559 3300 mendum
582 3236 792 3301 manifestum
815 3241 977 3300 teneatur.
1022 3235 1159 3300 Videtur
1181 3236 1289 3301 Livius

167 3451 195 3518 ¹)
213 3450 242 3521 [ἦ
258 3455 276 3506 4
292 3454 389 3508 nescio
408 3471 444 3509 an
460 3472 514 3525 pro
533 3460 703 3525 poterant
720 3456 898 3509 scribendum
918 3457 955 3510 sit
971 3462 1169 3525 potuerant.
1203 3455 1288 3524 1863]

207 3536 224 3607 S
241 3539 377 3593 duellem
394 3540 436 3593 W.
455 3542 605 3607 tenuisset,
630 3541 705 3608 quod
729 3542 869 3609 inpriore
889 3542 1011 3596 editione
1029 3548 1172 3610 posuerat:
1197 3543 1254 3596 tab
1262 3561 1290 3595 u·

208 3623 330 3693 lssque
358 3628 643 3694 superinstravit,
677 3632 715 3680 ut
741 3627 855 3695 pervii
883 3626 1026 3681 ordines
1054 3634 1183 3693 essent,
1214 3628 1290 3696 quod

206 3708 279 3778 ipss,
302 3710 398 3763 recisis
422 3712 451 3765 in
469 3712 602 3766 Gronovii
621 3711 817 3766 emendatione
836 3711 944 3765 duabus
964 3713 1083 3779 voculis,
1108 3714 1216 3782 pridem
1239 3713 1288 3766 ad·

206 3798 341 3848 notarum.
384 3794 455 3849 Nam
481 3796 557 3864 quod
579 3814 654 3850 nunc
677 3797 785 3866 posuit:
813 3797 864 3850 ita
885 3815 958 3850 cum
981 3797 1044 3866 (pro
1068 3797 1117 3864 ut)
1136 3799 1291 3867 pervium

206 3878 360 3934 ordinem
399 3878 563 3947 fecisset,
596 3881 702 3935 nullam
734 3882 821 3936 habet
853 3883 1019 3936 mutationis
1053 3882 1290 3951 probabilitatem.

206 3962 251 4017 Ex
282 3964 553 4021 ordinesessent
585 3972 678 4020 ortum
710 3967 999 4033 ordinefecissst‚
1033 3968 1098 4021 dein
1126 3968 1290 4035 ordinem,

208 4054 268 4102 tum
285 4051 447 4119 pervium.
476 4048 617 4118 [Fortasse
635 4052 682 4107 hic
701 4070 812 4121 quoque
831 4051 997 4121 simpliciter
1010 4052 1133 4106 tenenda
1148 4058 1191 4106 est
1206 4054 1291 4121 scrip·

207 4140 272 4189 tura
289 4135 351 4190 cod,
371 4134 442 4206 Spin.
461 4142 499 4190 ut
520 4138 678 4206 pervium
702 4138 735 4191 in
755 4142 863 4191 totum
883 4137 1037 4190 ordinem
1056 4142 1160 4207 esset,
1185 4143 1218 4191 ut
1237 4139 1290 4206 sig·

206 4217 336 4274 nificstur
359 4222 506 4275 transitum
531 4223 656 4291 patuisse
675 4241 709 4277 ex
726 4224 883 4293 posteriore
901 4239 1013 4290 quaque
1031 4222 1149 4276 nasein
1167 4223 1290 4291 priorem

208 4321 245 4359 ex
262 4305 305 4371 iis,
331 4322 395 4374 quse
413 4324 470 4361 una
487 4309 558 4362 serie
577 4324 607 4362 se
626 4309 812 4378 excipiebant
853 4307 1012 4362 Persium
1030 4312 1082 4361 est
1099 4307 1139 4360 sic
1157 4307 1291 4376 imperso-

206 4389 310 4444 naliter
327 4390 459 4446 dixerunt
477 4391 583 4447 Seneca
602 4393 636 4447 de
654 4392 733 4447 Prov.
753 4396 778 4463 6,
798 4396 815 4448 9
834 4400 862 4448 st
880 4392 987 4446 Plinius
1005 4391 1039 4445 Η.
1057 4390 1090 4445 N.
1109 4391 1142 4459 V,
1163 4390 1214 4461 la]
