2994 5108
220 500 284 556 Lrh.
302 499 400 567 XXV„
770 484 832 546 360

223 677 324 737 esset:
360 668 515 735 armato
545 676 607 735 set
635 688 799 753 capere,
829 669 970 735 licenter
996 670 1121 737 factum
1144 690 1315 751 armare,
1343 676 1384 736 ut

221 780 328 846 simile
363 785 453 845 essct
486 779 531 858 ei,
564 777 654 861 quod
689 783 898 862 sequeretur,
932 799 1080 864 capere
1112 780 1166 863 (ut
1198 779 1271 859 illa,
1307 799 1383 864 quac

222 889 319 973 posui
342 910 374 972 p.
398 890 476 967 207,
506 892 544 950 ut
572 886 699 968 magis
726 906 821 951 uere
848 907 911 970 pro
938 894 1099 955 mature
1121 887 1226 968 XXII,
1256 891 1383 968 34,11‚

222 995 326 1078 al.).¹)
382 994 446 1061 Sed
481 995 579 1079 plura
612 1001 789 1077 supersunt
815 996 850 1059 in
878 994 942 1061 hoo
970 998 1078 1081 capite
1108 995 1303 1079 corrigenda
1329 993 1384 1077 (ut

221 1111 415 1189 praeteream
430 1101 564 1168 foedum
581 1102 749 1168 mendum:
767 1103 814 1168 ad
833 1126 949 1188 quam
965 1105 1278 1189 perficiendum,
1289 1105 1380 1190 qnod

220 1215 385 1279 invectum
423 1233 529 1295 nuper
567 1212 602 1275 in
635 1209 652 1293 ἓ
688 1216 727 1276 10
761 1211 888 1295 explosi
925 1212 960 1277 in
993 1215 1217 1296 grammaticae
1250 1214 1382 1282 Latina

134 1332 207 1401 (295)
226 1320 379 1386 editionis
395 1321 508 1400 ,tertia
530 1319 733 1386 Germanicae
755 1318 948 1404 praefatione
970 1343 1002 1405 p.
1026 1322 1098 1404 XI).
1131 1323 1216 1388 Nam
1237 1324 1381 1408 primum

223 1429 240 1514 g
266 1434 304 1494 13
329 1429 376 1511 (in
397 1427 567 1494 reddenda
589 1427 681 1492 Flaui
709 1428 797 1512 apud
820 1427 1004 1494 Gracchum
1032 1429 1194 1513 oratione)
1222 1431 1380 1501 sio'acri·

191 1542 193 1548 ’
222 1538 327 1604 bitur:
362 1545 540 1603 ceterum
569 1536 616 1602 ab
645 1537 735 1620 ipso
759 1535 946 1604 Graccho
971 1539 1109 1605 eadam
1131 1539 1213 1604 haec
1236 1539 1380 1606 audire

222 1647 340 1713 malle
381 1667 449 1711 eos
488 1645 708 1726 (Lucanorum
746 1651 906 1728 praetores
940 1647 1035 1727 dicit)
1074 1648 1380 1731 presentiaque

128 1824 135 1841 ,
223 1757 459 1839 contingere
493 1740 692 1834 dextram,
719 1752 765 1817 id
792 1755 937 1837 pignus
964 1754 1068 1820 fidei
1097 1755 1377 1821 secumiorre.

222 1863 257 1930 Si
279 1864 342 1930 hoc
364 1863 381 1928 i
386 1884 475 1928 erre
498 1884 518 1927 a
540 1861 660 1926 malla
682 1861 827 1945 pendere
848 1860 1014 1942 volumus,
1043 1864 1232 1929 necessario
1254 1863 1379 1930 adden·

91 1969 94 1975 ’
221 1973 301 2037 dum
323 1962 374 2039 est
397 1978 436 2036 et
458 1971 511 2053 (at
533 1970 573 2036 id
595 1969 774 2053 pignus);
809 1970 957 2053 alioquin
984 1970 1047 2036 hoc
1075 1992 1116 2037 ex
1143 1971 1380 2057 aequoadiun·

220 2081 505 2164 gitursuperiori
540 2079 723 2160 (malunt3
756 2113 800 2123 —
833 2099 966 2144 secum
1001 2079 1170 2161 ferunt),
1204 2080 1276 2144 aine
1308 2078 1381 2144 nlla

221 2191 394 2256 sententia.
450 2188 573 2253 Varum
605 2187 791 2271 perinepte,
826 2188 883 2268 qui
912 2188 1050 2253 alicuius
1079 2189 1230 2253 dextram
1258 2187 1379 2272 attige-

220 2304 312 2379 runt,
350 2296 384 2362 id
421 2297 541 2381 pignus
576 2316 710 2360 aecum
742 2293 850 2361 ferre
885 2295 1055 2377 dicuntum
1093 2317 1170 2361 nam
1203 2296 1378 2363 nobiscum

220 2407 354 2472 ferimus
383 2426 423 2471 aa
445 2404 517 2469 sola
539 2404 690 2488 pignora,
718 2424 790 2485 quae
814 2405 847 2467 in
870 2426 1003 2470 manum
1025 2404 1113 2469 tradi
1136 2410 1285 2489 possunt.
1334 2404 1379 2470 Ni

220 2514 331 2593 fallor,
366 2513 477 2577 Livius
507 2513 698 2595 scripserat:
733 2512 771 2576 id
805 2514 953 2594 pignus
987 2511 1091 2578 fidei
1119 2532 1254 2578 secum
1282 2512 1377 2578 iera.

220 2623 331 2704 (Fere
358 2642 418 2705 pro
445 2620 531 2685 fore
553 2620 579 2683 P
600 2619 721 2706 XXVI,
752 2624 807 2702 32,
838 2621 881 2704 6.)
933 2619 1046 2703 [Initio
1070 2620 1289 2705 paragraphi,
1318 2620 1378 2687 ubi

221 2730 395 2796 edebatur:
442 2729 522 2794 haeo
558 2730 604 2794 ab
634 2750 673 2793 se
711 2729 837 2810 dicta,
866 2751 883 2795 e
917 2729 1065 2812 vestigiis
1101 2729 1141 2793 P:
1187 2729 1378 2794 absesin-

221 2840 333 2904 dicta
366 2838 511 2903 efficitur
545 2839 591 2901 ab
626 2858 665 2901 se
699 2839 783 2902 suis
817 2838 948 2917 dicta,
984 2837 1102 2902 saltem
1136 2838 1247 2921 aptius
1277 2858 1378 2921 quam

221 2949 278 3013 sic
307 2948 430 3012 dicta.
479 2945 583 3029 1872]
635 2944 719 3010 Tum
748 2952 893 3011 extremo
918 2948 1027 3029 capite
1051 2945 1082 3028 (ᾖ
1107 2949 1146 3010 25
1170 2981 1213 2990 -
1235 2937 1377 3011 nam'de

221 3056 460 3139 praecipitat
492 3056 525 3118 in
559 3053 575 3136 ξ
612 3058 649 3117 15
684 3053 890 3118 restituendo
925 3054 992 3118 dixi
1026 3054 1069 3118 ad
1102 3054 1179 3133 VH,
1220 3059 1255 3134 6,
1282 3058 1310 3118 '9
1344 3077 1376 3138 p.

223 3170 281 3228 143
317 3165 386 3246 -),
425 3164 481 3229 ubi
518 3163 643 3240 Livius,
685 3162 726 3226 ad
766 3160 864 3225 finem
903 3163 1064 3245 perducta
1104 3164 1296 3229 narratione
1335 3163 1377 3229 de

221 3272 371 3337 Graccho
393 3294 453 3355 per
474 3271 611 3336 insidias
634 3269 818 3349 interfecto,
840 3270 929 3334 varie
952 3269 992 3335 de
1016 3277 1120 3335 morte
1145 3270 1287 3336 Gracchi
1308 3277 1377 3336 tra·

1085 3378 1101 3442 f

222 3488 327 3551 ditum
350 3508 422 3551 esse
446 3488 594 3570 exponit,
622 3488 670 3551 sic
693 3486 862 3550 scribitur:
898 3486 990 3550 Haec
1013 3507 1164 3567 quaera
1188 3485 1249 3567 (sic
1272 3486 1315 3567 P3
1343 3487 1377 3552 M

219 3595 310 3659 Haec
344 3595 446 3675 fera,
483 3595 539 3659 alii
569 3595 659 3658 Hauc
689 3615 794 3673 sera,
829 3595 903 3659 edd.
934 3595 1119 3676 superiores
1150 3593 1242 3658 Haeo
1272 3616 1376 3674 vera,

220 3703 336 3768 Weiss.
360 3703 452 3767 Haec
480 3702 579 3784 fere)
603 3703 710 3767 fama
733 3710 811 3767 cst:
836 3702 1043 3768 Gracchus
1065 3704 1106 3767 in
1129 3702 1305 3769 Lucanis
1328 3703 1376 3769 ad

221 3833 395 3894 campos,
436 3813 502 3894 qui
538 3811 705 3875 Veteres
739 3816 954 3890 vocantur,
996 3812 1129 3894 periit.
1180 3809 1275 3894 (Gap.
1313 3811 1376 3893 17.)

249 4085 271 4147 ¹)
291 4082 354 4136 Non
380 4088 493 4151 poterat
515 4081 624 4136 infinite
649 4082 716 4136 dici:
745 4081 890 4135 deducit
920 4083 954 4135 in
982 4083 1108 4150 locum,
1135 4100 1194 4137 non
1217 4081 1317 4138 addito
1342 4082 1377 4138 ad

289 4166 480 4223 definiendum
512 4169 640 4222 relativo.
691 4168 825 4222 Suadeo
858 4167 1000 4236 Magoni
1033 4184 1160 4237 capere
1186 4166 1286 4222 Livius
1319 4185 1377 4223 non

288 4255 377 4323 magis
401 4254 504 4306 dixisse
522 4254 634 4307 videtur
652 4270 747 4321 quam:
776 4269 862 4321 rogo
885 4252 1064 4322 Magonem
1087 4253 1214 4307 facere.
1261 4253 1378 4308 Tacitus

288 4344 436 4406 utrumque
456 4338 534 4392 dixit.
572 4338 639 4407 [Sed
658 4344 752 4392 tamen
770 4339 939 4407 permitto
958 4339 1070 4393 facere
1089 4338 1189 4407 xxlv,
1211 4340 1251 4406 16,
1273 4337 1325 4408 la]
