2994 5108
696 480 753 541 131
1174 497 1238 551 nib,
1257 497 1302 551 rv.

145 667 276 726 tantum
299 663 344 728 ad
367 662 449 729 duos
471 664 639 746 genetivos
661 665 702 729 iis
725 665 893 732 subiectos
911 667 1105 748 rettulisset,
1128 668 1304 734 colonia·

145 790 231 835 rum
254 771 325 836 sine
349 771 471 856 copula
492 773 605 854 vagari
626 772 741 839 noluit.
793 774 1106 855 (Weissenbomius‚
1136 797 1208 860 quae
1231 798 1302 841 sen-

145 878 251 944 tentia
273 879 412 945 subesse
435 878 579 961 deberet,
603 882 715 961 sensit,
738 882 794 947 sed
817 890 946 948 retento
970 883 1302 967 coloniarumque

146 986 302 1071 expedire
325 1009 391 1054 non
412 987 582 1073 potuit.)¹)
661 986 665 993 ’

233 1093 313 1180 Cap.
338 1101 395 1177 60,
430 1100 448 1161 3
482 1095 554 1179 (ubi
578 1097 689 1162 Livius
718 1098 984 1163 commemoravit
1012 1100 1168 1182 gaudium
1195 1100 1302 1184 plebis

145 1201 188 1267 ob
223 1204 426 1288 stipendium
460 1205 500 1270 de
529 1205 663 1289 publico
692 1205 920 1290 promissum):
954 1206 1125 1272 Tribuni
1158 1208 1302 1292 plebis,

145 1314 367 1377 communis
396 1311 584 1379 ordinum
612 1314 770 1379 laetitiae
799 1314 1112 1398 concordiaeque
1142 1316 1217 1381 soli
1242 1339 1301 1382 ex-

144 1424 303 1503 pertes,
338 1441 502 1504 negare,
537 1427 618 1486 tam
650 1421 690 1486 id
720 1421 857 1487 laetum
880 1423 1072 1506 patribus
1096 1425 1302 1490 universis

143 1546 218 1592 nec
239 1548 487 1612 prosperum
508 1530 611 1609 fore,
640 1551 758 1614 quam
786 1532 866 1615 ipsi
890 1531 1113 1596 crederent.
1164 1531 1302 1597 Tribuni

143 1655 260 1719 parum
284 1635 462 1716 emebant,
492 1638 572 1722 quid
594 1639 756 1721 patribus,
785 1639 946 1704 universis
969 1640 1161 1722 praesertim,
1190 1639 1302 1704 laetum

143 1741 293 1808 futurum
327 1751 428 1824 esset;
466 1745 606 1829 plebeiis
641 1744 726 1828 (qui,
766 1752 805 1811 ut
836 1767 924 1812 nunc
958 1747 1128 1825 scribitur,
1164 1769 1300 1830 prorsus

144 1851 356 1934 omittuntur)
386 1853 602 1919 consulebant
630 1861 689 1919 aut
712 1855 880 1919 consulere
904 1876 938 1920 se
963 1854 1157 1920 simulantes
1181 1855 1300 1920 donum

143 1966 277 2043 patrum
308 1967 501 2045 suspectum
523 1961 722 2043 reddebant;
757 1963 870 2047 itaque
894 1962 1064 2046 (proximis
1087 1961 1209 2044 verbis)
1231 1963 1300 2047 ple·
1345 2030 1348 2035 ,

143 2065 235 2133 beios
263 2069 356 2152 ipsos
386 2069 512 2135 tributo
542 2069 738 2136 conferendo
766 2072 940 2154 pecuniam
963 2071 1127 2154 stipendio
1149 2091 1299 2159 necesss-

143 2176 227 2241 riam
269 2175 432 2243 conficere
473 2184 625 2243 coactum
663 2179 704 2243 iri
745 2177 868 2243 dicunt.
932 2178 1067 2243 Sublato
1107 2179 1299 2262 patribus

143 2285 253 2351 omnia
275 2291 371 2351 recta
393 2293 470 2351 sunt
491 2306 552 2351 nec
574 2287 756 2372 quidquam
778 2287 948 2351 minimum
971 2286 1187 2352 desideratur.
1238 2285 1300 2363 Qui

143 2390 179 2456 id
199 2414 320 2459 nomen
343 2393 490 2476 addidit,
522 2395 652 2460 videtur
680 2395 888 2460 universis
917 2395 1042 2459 nudum
1065 2415 1104 2459 ac
1129 2395 1198 2460 sine
1222 2394 1298 2459 sub·

144 2502 288 2567 stautivo
328 2523 393 2567 non
431 2503 550 2569 tulisse
591 2509 625 2569 et
656 2504 690 2567 in
723 2503 931 2568 tribunorum
960 2503 1114 2568 oratione
1148 2503 1299 2586 patribus

142 2611 355 2693 potissimum
381 2611 533 2677 letitiam
562 2612 730 2695 demptum
752 2612 793 2675 iri
816 2610 995 2692 significari
1018 2611 1171 2677 voluisse.
1223 2611 1300 2692 (Ne-

141 2719 308 2800 gationem
332 2740 372 2784 ex
394 2719 494 2785 verbo
516 2721 700 2805 repetitam,
730 2726 768 2784 ut
792 2740 863 2785 nec
884 2740 1124 2804 prosperum
1147 2741 1207 2804 pro
1231 2726 1300 2785 aut

140 2823 287 2906 dicatur,
315 2848 382 2893 non
404 2847 702 2907 commemorarem,
734 2829 797 2893 nisi
819 2827 995 2906 Dobreum‚
1025 2828 1114 2893 acuti
1137 2827 1300 2892 hominem

140 2932 271 3016 iudicii,
307 2934 366 3000 sed
389 2934 503 3000 Graece
534 2957 634 3020 quam
656 2936 774 3001 Latine
803 2935 999 3016 doctiorem,
1033 2937 1066 2999 in
1094 2956 1134 3000 ea
1163 2935 1299 3000 haesisse

139 3039 302 3124 viderem3
333 3042 539 3109 satisfacient
568 3044 598 3109 ei
622 3044 836 3123 dubitationi,
867 3065 939 3127 quae
962 3043 1005 3108 ad
1028 3043 1093 3108 Cic.
1120 3045 1159 3107 de
1181 3042 1251 3107 Fin.
1276 3043 1299 3123 1,

144 3153 163 3214 9
196 3173 230 3234 p.
266 3155 307 3215 66
342 3150 525 3236 disputavi3
559 3150 616 3216 cfr.
650 3152 718 3216 Liv.
754 3152 801 3232 Π,
836 3156 893 3230 45,
928 3157 956 3215 5.
1013 3151 1301 3216 Weissenbornius

165 3412 190 3481 ι)
211 3409 326 3481 [Postea
352 3413 407 3467 alia
429 3414 500 3468 mire
523 3415 670 3469 cavillatus
695 3421 746 3470 est.
782 3415 866 3469 Plebs
889 3413 1029 3467 libertatis
1053 3431 1161 3469 memor
1183 3414 1300 3469 consilis

206 3514 305 3552 aarum
329 3515 424 3554 rerum
448 3499 589 3568 agitatum
607 3505 682 3569 erat,
709 3501 740 3554 in
767 3501 869 3569 quibus
894 3516 955 3552 earn
980 3499 1101 3554 maxime
1125 3500 1246 3568 spectari
1271 3505 1300 3553 et

204 3585 336 3653 usurpari
353 3583 492 3654 putabat]
533 3585 629 3653 (Initio
652 3585 753 3654 capitis
772 3584 848 3654 quod
866 3584 969 3639 vitiose
988 3583 1140 3639 edebatur:
1161 3585 1298 3653 legatio

279 3670 416 3725 obviam
443 3668 522 3737 fuit,
556 3688 580 3725 a
606 3671 671 3725 1861
699 3670 799 3725 sustuli
827 3669 961 3725 restituto
990 3686 1005 3722 e
1032 3670 1177 3725 codicibus
1206 3686 1300 3724 recen-

207 3754 331 3809 tioribus
358 3755 448 3809 uibus
474 3755 583 3810 obvia.
632 3754 705 3809 Nam
738 3757 870 3810 obviam
904 3772 975 3809 sum
1002 3755 1032 3808 in
1058 3772 1143 3823 prosa
1170 3755 1300 3808 oratione

207 3840 285 3895 bona
306 3845 392 3896 atate
415 3858 499 3895 nemo
523 3840 626 3895 dixisse
648 3841 801 3911 reperitur3
825 3841 920 3894 Livius
943 3857 978 3894 ne
1002 3840 1137 3895 obviam
1160 3840 1208 3893 fio
1234 3840 1295 3908 qui·

207 3926 282 3994 dam,
300 3924 378 3995 quod
395 3925 493 3981 Cicero
511 3925 591 3981 Verr.
610 3926 673 3981 Act
692 3926 714 3995 I,
735 3929 775 3994 18,
793 3944 845 3996 pro
864 3925 923 3980 Mil.
943 3929 976 3980 28
994 3926 1098 3997 posuit.
1140 3925 1214 3978 Livii
1232 3941 1298 3977 usus

205 4012 369 4067 constantia
400 4012 570 4082 perspicitur
602 4011 632 4066 in
662 4011 707 4066 his
738 4012 861 4081 quinque
887 4013 1041 4081 primorum
1059 4010 1196 4064 librorum
1214 4009 1298 4062 locis:

206 4096 229 4165 I,
250 4099 289 4164 10,
308 4099 337 4164 4;
361 4097 403 4164 26,
421 4099 438 4150 2
456 4096 533 4163 [mali
552 4097 662 4166 aliquot
679 4096 761 4152 codd.
782 4097 939 4165 obviam),
964 4099 1006 4162 32,
1029 4098 1059 4161 8;
1081 4097 1124 4163 60,
1151 4098 1177 4160 1,
1201 4093 1237 4161 Π,
1255 4094 1298 4160 68,

203 4185 237 4248 43
259 4180 313 4250 ΠΙ,
335 4183 366 4250 6,
388 4183 453 4236 'let
470 4184 500 4250 7,
522 4184 586 4237 bet
605 4185 650 4251 11,
673 4185 703 4249 83
726 4182 765 4251 V,
788 4186 835 4252 28,
862 4185 900 4236 10.
943 4182 976 4235 In
997 4180 1097 4250 XXIV,
1121 4182 1162 4247 36,
1185 4181 1202 4232 9
1222 4183 1299 4232 reete

202 4267 370 4322 Putaanens.
413 4267 448 4321 In
470 4268 574 4322 obvia
595 4268 701 4322 lineola
718 4268 784 4323 addi
801 4269 908 4338 potuit,
935 4268 965 4321 in
984 4266 1119 4331 obvius,
1148 4265 1292 4332 obvium,

203 4352 309 4421 obvii,
328 4353 449 4408 obvios
467 4352 546 4408 nulia
564 4358 608 4408 est
625 4353 764 4420 varietas.)

1027 4453 1061 4508 9*
