2994 5108
630 483 691 548 663
1060 499 1123 556 Lib.
1141 500 1241 558 XLIII.

84 666 328 754 quamperfecti
349 651 507 754 temporis
529 668 665 735 verbum
688 669 975 756 scribendumque:
1002 707 1046 718 -
1073 693 1156 739 eam
1179 696 1242 760 op-

84 797 272 872 pugnare
295 776 546 861 aggreditur.
591 776 717 843 Primi
740 780 914 844 omnium
936 779 1177 848 Macedones
1199 817 1243 829 -

87 891 196 950 metu
219 893 486 951 excesserunt
515 883 600 967 (cod.
624 892 658 951 et
680 886 754 952 edd.
778 879 1075 972 excesserant);
1110 890 1241 974 aqui·

87 991 160 1058 bus
200 992 343 1059 relicti
383 992 578 1077 oppidani
617 995 656 1058 in
696 994 950 1062 deditionem
989 1032 1032 1044 -
1063 998 1240 1064 veniunt.

82 1099 191 1185 [§12‚
214 1102 271 1167 ubi
294 1101 417 1166 editur:
442 1101 495 1165 Ad
520 1099 658 1166 horum
680 1123 824 1187 preces
847 1105 943 1189 quia
964 1104 1150 1172 hibernis
1173 1127 1241 1191 ap·

82 1212 170 1275 tior
191 1211 298 1293 regis
322 1216 393 1291 cet,
416 1211 449 1274 in
473 1209 543 1275 cod.
568 1216 632 1275 est:
656 1209 857 1278 ethorum
884 1232 1035 1296 praeces
1059 1214 1155 1296 quia
1178 1221 1241 1280 cet.

87 1317 236 1403 Apparet
259 1316 422 1402 duplicem
445 1337 579 1383 causam
602 1318 789 1402 significari,
807 1340 880 1404 quae
896 1320 1057 1386 Licinium
1074 1321 1242 1388 consulem

85 1426 121 1491 in
142 1425 304 1492 Boeotiam
326 1427 533 1504 converterit,
561 1446 677 1509 preces
699 1412 889 1493 Boeotorum
912 1434 954 1509 et,
977 1449 1050 1512 quae
1073 1450 1146 1495 cum
1167 1451 1241 1515 pre-

82 1533 182 1600 cibus
204 1534 270 1600 illis
294 1535 471 1600 coniuncta
492 1554 557 1598 non
581 1540 640 1615 est,
663 1536 806 1618 regionis
831 1535 873 1601 ad
890 1535 1132 1603 hibernandum
1154 1560 1240 1605 com·

84 1642 288 1708 moditatem.
334 1642 451 1724 Itaque
477 1641 686 1707 scribendum
710 1649 775 1708 est:
804 1650 842 1709 et
865 1643 913 1710 ob
935 1645 1077 1711 horum
1098 1667 1239 1732 preces

82 1757 126 1816 et
149 1752 248 1834 quia
270 1757 349 1830 oet.;
372 1749 562 1834 praepositio
586 1751 634 1815 ad
658 1750 766 1816 aliena
788 1758 847 1817 θεῖ.
884 1749 991 1834 1864]

528 1944 619 2026 Lib.
653 1942 797 2026 XLIII.

112 2136 113 2146 ,
173 2071 251 2159 (lap.
278 2080 306 2154 1,
332 2080 358 2139 1.
403 2076 442 2141 In
470 2076 533 2143 hoc
555 2076 640 2141 libro
669 2075 858 2159 incipienda
886 2075 967 2141 mihi
989 2076 1095 2141 oratio
1119 2096 1139 2141 a
1162 2097 1238 2143 con·

80 2181 230 2248 fossione
264 2182 368 2267 culpae
396 2191 429 2250 et
452 2187 573 2250 erroris
602 2190 660 2250 θεῖ.
706 2183 790 2249 Nam
818 2204 920 2266 quum
949 2183 1096 2255 codicem
1118 2183 1239 2251 Vindo-

82 2288 262 2355 bonensem
286 2310 315 2355 a.
342 2296 421 2357 1846
449 2293 646 2365 festinanter
673 2292 852 2375 inspiciens
881 2298 914 2357 et
941 2313 1049 2377 pauca
1078 2292 1154 2358 inde
1182 2313 1237 2358 ex-

82 2417 222 2483 corpeus
246 2399 279 2463 in
303 2420 375 2465 earn
398 2402 586 2485 opinionem
609 2401 782 2480 venissem,
806 2401 915 2484 ipsum
937 2401 1069 2466 initium
1091 2394 1167 2468 libri
1191 2401 1239 2467 sic

84 2506 131 2572 ibi
168 2506 281 2573 scribi:
316 2508 462 2575 Eadem
497 2516 639 2576 aestate
672 2509 714 2573 in
748 2507 965 2574 Thessalia
997 2508 1239 2592 legatusin

85 2613 297 2700 Illyricum
320 2615 490 2697 (scribitur
507 2623 618 2684 autem
639 2637 714 2682 vere
738 2617 799 2682 sio:
822 2616 971 2683 Eadem
993 2622 1135 2683 astate
1158 2639 1235 2703 qua
1254 2626 1324 2696 (oto)

83 2723 124 2788 in
149 2722 361 2790 Thessalia
394 2725 555 2809 legatus
584 2727 622 2790 in
651 2724 885 2809 illyricum),
910 2732 942 2791 et
972 2745 1072 2809 quum
1094 2725 1240 2792 nondum

81 2832 167 2897 satis
200 2834 456 2917 perspexissem,
491 2855 589 2916 quam
622 2832 812 2917 frequenter
846 2834 878 2897 in
907 2832 970 2899 hoc
999 2833 1112 2899 codice
1139 2834 1240 2900 uerba

81 2939 213 3022 aliquot
245 2942 491 3021 omitterentur,
526 2943 560 3005 in
590 2941 701 3006 libello
732 2939 933 3019 academico,
969 2961 1066 3026 quem
1094 2962 1123 3007 a.
1156 2947 1238 3007 1852

80 3046 174 3113 edidi
198 3047 251 3129 (de
273 3047 356 3113 Livii
379 3048 452 3112 libr.
477 3048 583 3113 XLIII
606 3050 698 3113 initio
722 3069 739 3113 e
762 3047 833 3113 cod.
857 3046 1106 3114 vindobonensi
1128 3070 1237 3115 emen·

81 3155 225 3238 dando),
248 3157 469 3222 coniecturam
493 3157 533 3222 de
556 3155 712 3222 hocloco
736 3152 1105 3239 restituendonrodidi
1127 3164 1160 3223 et
1183 3179 1237 3223 ex-

81 3265 208 3345 ornavi,
234 3284 333 3346 quam
356 3266 510 3331 oblivioni
534 3285 668 3348 prorsus
691 3262 779 3328 tradi
802 3264 908 3347 cupio.
955 3261 1180 3348 Cetera‚'‘qnae
1203 3268 1237 3330 in

82 3369 142 3455 §1
169 3377 243 3438 θῖ3
272 3380 363 3438 recte
397 3374 443 3437 ibi
478 3374 656 3451 emendavi,
690 3378 808 3456 postea
830 3371 897 3437 vidi
929 3372 997 3437 iam
1025 3394 1045 3438 a
1073 3372 1237 3440 Weissen-

81 3480 199 3547 bornio
223 3482 256 3546 in
278 3481 458 3547 lectionum
482 3482 690 3546 Livianarum
717 3487 812 3564 parte
835 3481 946 3563 priore
970 3486 1131 3565 occupata
1153 3501 1235 3563 esse,

80 3590 145 3654 nisi
168 3588 258 3672 quod
281 3611 321 3654 ex
342 3589 464 3655 litteris
488 3591 681 3655 eremium·
700 3595 758 3653 aut
780 3589 999 3654 ceremiam
1016 3582 1230 3674 (oppugna-

81 3676 381 3780 idiceremiam)‚
416 3700 448 3762 in
477 3699 595 3780 quibus
625 3718 684 3781 ego
713 3697 850 3762 alterius
881 3718 920 3762 ex
943 3696 1072 3763 duobus
1096 3697 1234 3783 oppidis

79 3825 156 3889 quae
190 3804 301 3871 Liuius
336 3814 584 3887 commemorat,
617 3826 735 3871 nomen
757 3805 863 3870 latere
891 3806 1011 3890 putavi,
1041 3806 1069 3871 is
1100 3827 1235 3871 eorum

79 3933 201 3978 unum
229 3913 343 3995 eflicit,
370 3936 488 3999 parum
516 3923 553 3980 ut
575 3914 720 3993 videtur,
754 3912 981 3997 probabiliter.
1027 3913 1078 3979 Ad
1104 3914 1234 3997 reliqua

81 4041 196 4105 pergo,
231 4022 350 4107 quibus
383 4023 470 4088 illius
505 4024 625 4089 erroris
659 4022 788 4106 culpam
815 4020 1020 4105 redemptum
1052 4022 1093 4086 iri
1126 4043 1232 4106 spero.

81 4127 290 4213 Quamquam
322 4132 463 4215 primum
497 4133 629 4217 quidem
663 4129 824 4195 minutula
858 4126 915 4195 ‘res
948 4129 1140 4212 attingenda
1172 4136 1232 4210 est,

79 4258 146 4303 non
170 4258 268 4322 posse
297 4241 331 4303 in
354 4239 371 4321 ἓ
397 4245 435 4304 10
459 4247 491 4305 et
516 4244 552 4303 ll
577 4239 656 4304 serni
678 4237 906 4321 imperfectum
933 4243 1062 4321 tempus
1090 4237 1124 4302 in
1146 4237 1231 4302 hanc

77 4346 274 4411 continuam
297 4349 509 4431 praesentium
531 4349 648 4414 seriem
672 4347 768 4431 quasi
789 4346 933 4412 ludendo
956 4345 1132 4411 inclusum:
1156 4346 1231 4412 De·
