2994 5108
221 481 282 537 Lib.
301 480 347 536 1v.
768 469 829 531 130

222 654 457 738 presidium
486 654 691 720 occiditur
719 660 758 720 et
786 653 918 738 (postea
944 651 1126 737 receptum)
1148 651 1380 718 retinetur?

221 763 347 846 Nugasl
383 763 429 828 Ac
456 784 497 829 ne
525 762 755 828 retinebantur
783 761 916 846 quidem
945 760 1011 828 duo
1034 761 1093 826 illa
1116 759 1268 842 castella3
1300 780 1379 825 nam

221 892 326 954 neque
360 893 469 936 arcem
499 868 740 937 Carventanam
767 891 874 954 neque
896 870 1126 954 Verruginem,
1158 873 1336 954 postquam
1358 888 1380 933 a

221 979 349 1045 Volscis
383 986 490 1064 captae
522 985 648 1060 essent,
681 978 793 1043 Livius
827 984 979 1062 receptas
1014 998 1035 1042 a
1063 977 1220 1045 Romanis
1253 974 1378 1061 signifi-

222 1089 324 1168 cavit3
353 1086 501 1166 Volscos,
531 1088 587 1170 qui
610 1094 686 1171 post
708 1086 924 1170 Verruginem
947 1092 1081 1171 captam
1102 1086 1207 1171 palati
1228 1084 1273 1151 ad
1295 1104 1379 1169 pra-

222 1195 366 1261 dandum
389 1202 514 1272 essent,
543 1216 720 1279 oppressos
743 1194 792 1276 (in
814 1193 915 1278 agris)
941 1194 1032 1260 dixit.
1087 1195 1261 1262 Postremo
1284 1198 1324 1259 et
1345 1193 1379 1257 in

221 1302 342 1387 ΜΒΝ]
363 1310 423 1384 est,
447 1301 880 1385 aPLl(dete1ioribusque)
904 1302 1009 1381 abest,
1033 1308 1080 1383 ut,
1103 1300 1245 1368 fueritne
1267 1302 1303 1366 in
1325 1321 1379 1366 ar·

222 1412 360 1497 chetypo
400 1433 442 1477 an
481 1411 630 1477 additum
670 1418 787 1494 postea
826 1411 870 1476 sit
903 1410 946 1475 ad
979 1409 1045 1475 duo
1078 1409 1179 1476 verba
1210 1415 1380 1493 utcunque

221 1520 422 1604 copulanda,
462 1519 597 1585 dubium
637 1520 690 1584 sit.
758 1519 869 1584 Livius
908 1519 1103 1602 scripserat:
1147 1517 1261 1583 modo
1301 1516 1379 1583 duo

220 1628 416 1712 praesidia
460 1627 671 1693 occidione
716 1627 873 1707 occisa3
926 1626 1006 1688 alla
1056 1647 1141 1691 cum
1190 1624 1378 1710 periculo

215 1731 409 1801 retineri.
475 1735 512 1799 In
551 1735 615 1799 hac
658 1733 763 1799 forma
800 1735 922 1800 variari
962 1733 1160 1818 significatio
1197 1730 1380 1818 poterat.¹)

222 1843 325 1909 Venio
354 1845 397 1909 ad
424 1844 559 1908 tertium
581 1842 706 1922 locum,
740 1844 833 1908 cuius
857 1841 1133 1922 emendationem,
1168 1841 1381 1907 aveteribns

221 1952 405 2018 editoribus
428 1958 637 2035 praeceptam,
660 1958 737 2021 ante
760 1950 882 2016 multos
906 1971 1009 2016 annos
1031 1949 1176 2015 breviter
1196 1947 1381 2033 significavi

221 2061 255 2124 iu
288 2059 409 2143 Opusc.
438 2058 540 2123 Acad.
570 2057 585 2121 l
614 2081 646 2142 p.
670 2063 741 2124 246.
797 2058 883 2124 Nam
913 2056 930 2141 ἓ
961 2061 1000 2122 12
1034 2058 1082 2122 sic
1101 2042 1276 2142 'scriptum
1309 2064 1380 2123 est:

222 2188 304 2232 eam
328 2165 484 2250 (plebem)
507 2165 649 2250 procul
671 2166 768 2231 urbe
790 2166 933 2231 haberi
957 2172 1079 2248 atque
1101 2164 1306 2248 ablegari,
1329 2185 1379 2231 ne

222 2274 326 2339 domi
361 2294 432 2358 per
465 2274 591 2338 otium
619 2295 766 2339 memor
793 2274 1009 2339 libertatis
1038 2273 1381 2357 coloniarumque

222 2388 294 2447 aut
323 2379 412 2462 agri
439 2380 598 2464 publici
626 2387 696 2446 aut
724 2379 916 2465 suffragii
944 2380 1074 2447 libere
1097 2380 1259 2446 ferendi
1282 2401 1381 2447 con·

223 2490 321 2555 silia
354 2488 491 2571 agitet.
551 2487 690 2553 Prorsus
724 2510 875 2572 perverse
913 2488 1092 2555 libertas
1130 2494 1166 2554 et
1205 2488 1381 2555 coloniae

222 2597 435 2681 copulantur,
470 2616 543 2679 qum
576 2595 665 2661 nullo
698 2596 795 2661 modo
829 2596 944 2664 eodem
978 2597 1051 2662 loco
1084 2603 1118 2662 et
1147 2596 1261 2663 ordine
1289 2604 1383 2678 sunt,

222 2703 340 2771 deinde
364 2703 429 2769 duo
451 2704 676 2783 nominantur,
709 2725 782 2786 quae
809 2705 937 2788 legibus
964 2704 1151 2771 tribuniciis
1178 2710 1250 2771 tum
1272 2705 1384 2789 agita·

221 2814 361 2891 bantur,
396 2832 474 2892 ager
506 2811 659 2895 publicus
683 2818 716 2877 et
751 2811 908 2896 suffragia
942 2811 989 2893 (in
1022 2812 1174 2878 creandis
1201 2814 1384 2897 magistra·

220 2922 319 2995 tibus,
348 2941 431 3003 quos
454 2926 549 2984 etex
572 2926 648 2983 utro
673 2919 788 2984 ordine
812 2919 957 3001 uellent),
986 2921 1149 3002 aquibus
1172 2920 1383 2987 coloniarum

220 3028 374 3095 deductio
408 3028 554 3109 separari
589 3047 654 3091 uon
688 3035 828 3110 poterat.
890 3027 1100 3093 Manifestum
1134 3034 1198 3108 est,
1234 3029 1382 3113 primum

133 3157 205 3225 (110)
223 3138 371 3202 universe
405 3134 569 3199 libertatis
602 3135 792 3199 memoriam
814 3156 874 3218 per
896 3137 999 3200 otium
1022 3143 1249 3217 renascentem
1271 3137 1380 3202 nomi·

219 3244 362 3311 nondam
395 3241 510 3321 fuisse,
547 3240 664 3306 deinde
698 3263 739 3307 ea
770 3263 880 3307 rerum
913 3262 1034 3324 genera
1067 3251 1101 3309 et
1133 3243 1243 3327 legum
1276 3264 1381 3328 argu·

221 3358 345 3419 menta.
378 3351 413 3413 iu
446 3349 567 3430 quibus
600 3349 807 3433 postulandis
835 3357 869 3414 et
898 3351 1094 3415 adiuuandis
1122 3350 1181 3415 illa
1206 3351 1381 3419 libertatis

220 3458 377 3523 rueruoria
400 3464 584 3538 appareret.
642 3457 758 3539 ltaque
783 3458 893 3523 Livius
923 3460 1071 3543 scripsit:
1105 3481 1153 3524 ne
1176 3459 1282 3525 domi
1304 3480 1381 3544 per

219 3566 345 3631 otium
379 3584 525 3628 memor
552 3563 768 3629 libertatis
796 3565 1055 3632 coloniarum
1084 3573 1156 3631 aut
1185 3568 1274 3650 agri
1300 3588 1379 3652 pu·

217 3673 319 3738 blici
351 3677 421 3736 aut
449 3670 642 3754 suffragii
664 3671 685 3735 l.
708 3670 729 3736 f.
754 3672 935 3738 consilia
959 3675 1100 3757 agitet.
1156 3675 1257 3741 Recte
1286 3673 1378 3743 libro

217 3781 272 3847 l'l,
291 3784 342 3849 at,
362 3784 380 3842 7
399 3799 501 3860 geuus
519 3780 661 3861 puuritur.
687 3781 814 3845 omissis
832 3780 983 3864 singulis:
1010 3803 1080 3864 per
1103 3782 1232 3846 otium
1249 3754 1379 3849 lilrer·

215 3889 317 3953 tatis
345 3887 586 3951 meminisse.
640 3886 747 3963 Quium
775 3888 896 3973 aliquis
927 3896 998 3954 aut
1024 3925 1067 3933 —
1089 3894 1159 3954 aut
1188 3888 1378 3974 particulas

244 4162 267 4217 'l
287 4158 508 4229 [Mseyffertum
528 4164 651 4228 occisa,
670 4162 696 4215 ll
710 4180 779 4216 eum
799 4170 852 4218 eet
879 4164 997 4233 Eorum,
1015 4183 1077 4235 quas
1095 4183 1161 4220 cum
1177 4165 1309 4235 periculo
1325 4183 1376 4224 re·

283 4246 455 4313 tiuomntur,
485 4254 578 4301 certus
609 4264 742 4302 nummus
768 4265 860 4317 neque
886 4251 955 4319 poni
982 4256 1095 4319 poterat
1119 4267 1214 4320 neque
1241 4269 1329 4322 supra
1359 4270 1379 4308 a

283 4328 365 4385 lairio
383 4329 559 4399 significatus
577 4330 639 4399 eet]
