2994 5108
637 490 698 551 617
1089 500 1151 557 Lib.
1169 501 1240 557 XLI.

93 672 424 754 circumibantur‚
448 680 614 758 possent
637 675 685 757 (in
704 675 774 740 cod.
792 672 938 739 additur:
962 680 1006 738 nt
1024 681 1138 740 extra
1159 674 1240 740 ual-

96 779 177 845 lum
200 788 241 846 ut
264 781 444 866 pandere
467 783 593 848 aciem
621 788 659 847 et
682 783 871 865 exequari
894 780 1087 848 cornibus
1110 781 1241 847 hosti-

92 886 166 954 bus
189 890 511 956 circumibantur
527 897 704 974 possent,
723 892 845 956 omisso
858 891 892 955 in
904 889 1052 973 repetitis
1071 889 1241 974 quibus),

93 997 153 1061 ita
175 1004 346 1081 repente
368 999 606 1081 irruperunt
639 999 698 1079 (sic
721 998 888 1064 Walchius
917 1004 950 1063 et
979 997 1049 1076 alii3
1083 997 1152 1063 cod.
1175 1020 1241 1063 ru·

90 1104 265 1188 parunt),
290 1114 331 1170 ut
353 1114 414 1171 cet.
448 1105 588 1171 Pravnm
610 1128 680 1172 esse
704 1107 846 1184 secuti,
871 1105 966 1170 multi
990 1106 1157 1185 dixerunt3
1181 1106 1239 1171 sed

89 1232 196 1294 neque
229 1212 360 1278 sicubi
389 1221 503 1297 aptum
537 1222 601 1293 est,
632 1214 720 1296 qnod
743 1213 942 1298 significaret
965 1215 1128 1279 Romanos
1151 1215 1240 1279 uario

92 1329 210 1385 eventu
232 1329 302 1385 tum
325 1323 474 1400 evasisse,
497 1329 568 1387 tum
589 1344 652 1387 non
671 1324 822 1400 evasisse,
844 1342 950 1403 neque
968 1324 1098 1387 scutis
1121 1322 1240 1406 (neque

92 1430 181 1493 enim
204 1451 305 1493 unum
322 1450 425 1512 genus
447 1429 584 1512 urgendi
606 1429 840 1495 nominandum
862 1435 934 1495 erat
956 1437 990 1494 et
1012 1431 1113 1495 scutis
1136 1432 1240 1512 magis

94 1536 208 1602 hostes
220 1539 382 1603 irruentes
394 1538 501 1603 obnisi
513 1536 683 1621 urgebant,
697 1537 753 1602 cfr.
766 1537 822 1602 lib.
835 1534 978 1616 XXXIV,
992 1537 1063 1618 46);
1078 1538 1241 1603 sententia

92 1653 128 1710 et
151 1647 257 1710 oratio
280 1645 361 1709 nihil
382 1647 522 1730 requirit
545 1646 624 1711 nisi:
648 1653 690 1710 ut
712 1651 948 1723 evaserunt3
973 1653 1006 1710 et
1028 1645 1098 1710 fieri
1120 1652 1240 1730 potest,

88 1762 128 1819 ut
151 1762 294 1819 secute
318 1752 408 1837 (post
429 1753 546 1834 alios)
570 1763 677 1820 ortum
700 1755 743 1818 sit
767 1775 865 1837 prava
887 1752 1074 1819 litterarum
1096 1754 1240 1836 gemina·

87 1863 189 1933 tione,
219 1861 495 1944 quemadmodum
524 1863 671 1947 proximo
699 1861 783 1926 libro
807 1882 832 1925 o.
858 1865 908 1940 26,
931 1865 949 1924 2
974 1882 1014 1926 ex
1037 1882 1129 1926 suos
1153 1883 1241 1927 eum

90 1968 385 2054 depopulatum
418 1969 540 2034 factum
574 1976 638 2034 est:
673 1990 744 2034 suo
778 1968 951 2034 secundo
987 1969 1239 2053 populatum,

87 2079 284 2161 interposito
307 2099 332 2140 c.
356 2075 547 2160 [Biittnerus
570 2074 662 2159 ubi]
720 2076 783 2142 Sed
805 2098 871 2143 non
893 2077 1001 2141 minus
1029 2085 1153 2143 certum
1181 2085 1239 2158 est,

90 2206 228 2271 pravum
252 2207 323 2251 esse
347 2186 551 2269 exaequari
569 2185 760 2250 cornibus
778 2185 979 2263 hostibus,
1003 2185 1150 2269 quibus
1168 2188 1239 2252 cir·

88 2293 364 2371 cumibcntur‚
399 2293 456 2358 nbi
485 2314 606 2358 cornua
635 2295 743 2377 priore
770 2293 844 2359 looo
879 2292 1036 2375 (ablativo
1060 2293 1151 2375 casu)
1175 2294 1239 2359 Ro·

87 2421 260 2466 manorum
283 2401 502 2482 intellegenda
525 2409 611 2481 sunt,
634 2401 738 2466 altero
760 2401 913 2466 hostium.
955 2401 1132 2467 Verissime
1157 2402 1239 2468 Gro-

88 2509 206 2573 novius
235 2508 427 2573 cornibus
454 2509 630 2575 hostium
658 2509 758 2574 scribi
781 2508 893 2586 voluit,
916 2510 949 2573 in
985 2531 1083 2594 quam
1112 2512 1239 2575 coniec-

87 2622 198 2682 turam
231 2624 264 2681 et
296 2618 366 2700 ipse
401 2616 478 2682 olim
513 2617 621 2683 incidi.
666 2617 834 2683 Facillime
863 2619 949 2682 inter
982 2618 1172 2684 cornibus
1207 2628 1239 2684 et

88 2723 236 2809 quibus
260 2723 416 2790 librarius
440 2727 573 2791 tertium
597 2726 741 2792 dativum
765 2724 882 2791 effecit.
917 2724 1031 2810 Neque
1054 2727 1234 2811 quidquam
1252 2750 1322 2820 (508)

85 2841 250 2917 praterea
273 2833 464 2898 mutandum
487 2842 538 2900 est
561 2842 618 2899 aut
641 2833 824 2900 Gronovius
847 2834 968 2897 mutari
992 2833 1109 2912 voluit;
1144 2856 1235 2899 narn:

85 2960 107 3005 a
132 2939 284 3023 quibn's
324 2950 422 3006 antea
460 2949 658 3015 tentaverat,
697 2941 841 3005 nondum
881 2942 1012 3005 invento
1045 2941 1235 3007 hostium.

83 3046 306 3129 Sequitur'de
328 3051 421 3114 victis
444 3048 618 3114 Celtiberis
642 3048 672 3131 (ἓ
692 3048 724 3128 5)
747 3051 780 3113 in
803 3049 927 3114 codice:
953 3048 1002 3112 ad
1021 3047 1085 3112 XV
1108 3049 1236 3113 millia

79 3162 207 3240 capta
240 3158 356 3239 signa
389 3157 572 3242 adempti
606 3158 679 3239 (sic)
710 3157 784 3221 duo
820 3154 992 3222 etXXX.
1037 3155 1111 3221 Non
1134 3177 1236 3224 caesa

77 3269 158 3330 aut
181 3271 300 3348 capta
322 3264 528 3330 scribendum
551 3272 631 3343 erat,
662 3265 735 3330 sed:
770 3265 817 3329 ad
851 3263 916 3328 XV
949 3264 1079 3329 millia
1112 3265 1235 3345 oasa*

75 3379 214 3456 capta.
259 3372 390 3437 Excidit
413 3374 498 3438 enim
522 3374 721 3457 captivorum
745 3371 910 3454 (millium)
934 3393 1099 3437 numerus.

173 3476 251 3564 Cap.
287 3485 336 3559 27,
373 3485 405 3543 3:
440 3478 637 3546 Consules
672 3479 714 3562 (a.
740 3485 800 3544 174
834 3501 862 3544 a.
893 3478 981 3559 Chr.)
1008 3515 1052 3526 —
1079 3482 1118 3546 in
1139 3503 1233 3565 pro·

66 3588 242 3655 vincias
276 3587 456 3672 proiecti
491 3596 593 3653 sunt.
639 3587 693 3651 Ex
727 3589 778 3654 iis
807 3588 849 3653 M.
872 3588 1031 3654 AEmilio
1063 3596 1231 3655 senatus

64 3697 288 3779 negotium
317 3694 446 3775 dedit,
480 3703 522 3760 ut
549 3695 837 3761 Patavinorum
859 3696 898 3760 in
920 3696 1094 3762 Venetia
1124 3698 1231 3762 sedi·

61 3807 238 3873 tionem
261 3805 552 3887 comprimeret.
597 3802 739 3868 Pravum
767 3804 829 3869 hoo
851 3825 932 3884 esse,
955 3803 1106 3887 Sigonius
1129 3807 1231 3869 anim-

62 3912 240 3990 advertit3
270 3932 346 3976 nam
367 3910 410 3974 M.
436 3911 599 3976 AEmilium
622 3914 789 3996 superiore
818 3933 902 3977 anno
926 3912 1090 3977 consulem
1119 3912 1228 3990 fuisse,

60 4016 145 4088 lice
168 4040 252 4083 anno
276 4017 331 4103 Sp.
355 4018 566 4099 Postumium,
590 4017 791 4097 Q.Mucium.
826 4019 942 4104 Itaque
960 4019 1227 4087 Drakenborchio

59 4125 110 4194 in
135 4133 278 4191 mentem
300 4128 403 4191 venit:
427 4127 527 4192 Exin
549 4127 592 4193 M.
613 4126 777 4207 AEmilio,
802 4128 891 4211 qnod
908 4135 1037 4193 secutus
1054 4135 1106 4193 est
1124 4128 1228 4194 Weis-

63 4232 284 4303 senbornius.
329 4233 393 4299 Sed
424 4244 645 4320 praeterquam
678 4236 767 4320 quod
801 4255 916 4319 parum
957 4243 1037 4319 apta
1070 4242 1121 4301 est
1152 4237 1228 4320 ipsa

61 4338 149 4411 haec
171 4363 234 4407 vox
256 4343 363 4422 exin,
385 4351 474 4407 recte
496 4342 783 4409 Drakenborohius
811 4343 952 4423 viderat,
974 4345 1159 4410 necessario
1182 4345 1225 4409 si-
