2994 5108
166 131 228 185 Lib.
247 130 346 184 xm
715 121 777 182 372

165 303 286 367 timos
320 304 601 370 vincebantur.
659 305 728 389 [Sic
756 304 940 370 Gronovius
967 300 1182 386 dubitanter]
1238 301 1324 384 (lbd

166 408 183 493 §
207 415 313 476 9-10
336 411 507 495 Ussiugius
529 415 719 498 suspicatur
741 411 951 479 scribendum
972 432 1062 478 esse:
1088 410 1188 476 lude
1216 410 1320 495 equi·

165 524 256 584 tatu
283 541 446 604 quoque
470 523 664 604 superior
685 522 868 586 Romana
888 541 952 585 res
971 518 1070 601 fuit,
1096 525 1135 582 ct
1158 519 1324 583 institu-

165 633 256 705 tum,
280 635 324 692 ut
345 629 495 694 velites
517 630 557 693 iu
579 629 816 714 legionibus
839 634 993 693 essent.
1040 626 1147 709 1863.)
1278 666 1283 674 ·

252 733 390 819 Capti,
422 744 435 800 l
470 737 541 818 (ubi
568 744 681 803 castra
709 738 859 802 Romana
886 736 928 801 ad
951 734 1100 820 Capuam
1127 733 1171 799 ab
1198 732 1324 799 Hanni-

165 841 241 906 bale
276 851 467 927 oppugnata
499 853 692 924 narrantur,
725 852 802 929 post
829 850 1121 909 commemoratum
1147 840 1246 906 Narii
1272 840 1322 906 la·

166 951 275 1029 cinus,
310 953 368 1034 qui
403 953 538 1019 secundi
571 954 697 1019 hastati
730 954 858 1036 signum
886 950 1042 1034 signifero
1070 949 1261 1034 ademptum
1288 950 1324 1014 in

164 1057 279 1123 hostes
301 1059 443 1142 intulit):
472 1060 522 1126 Et
544 1062 587 1126 M.
610 1061 766 1126 Atilius
788 1060 953 1142 legatus
975 1058 1097 1142 primi
1118 1057 1324 1142 principis

164 1187 210 1230 ex
254 1167 392 1232 eadem
436 1168 597 1250 legione
642 1170 798 1252 siguum
842 1164 994 1231 inferri
1037 1167 1078 1230 in
1116 1163 1325 1231 cohortem

163 1273 436 1357 Hispanorum
470 1279 614 1360 coegit.
673 1275 707 1342 Si
737 1274 851 1342 inferri
878 1274 922 1340 ab
950 1274 1018 1339 alio
1045 1273 1175 1355 siguum
1201 1271 1324 1338 Atilius

164 1385 340 1464 coegisset,
381 1406 448 1449 nou
480 1407 596 1464 unum,
636 1384 695 1450 sed
728 1385 839 1449 omnia
871 1382 1010 1466 legionis
1037 1382 1133 1465 sigua
1161 1380 1325 1465 coegissot

164 1489 293 1570 inferri,
322 1490 384 1556 hoc
407 1501 474 1572 est,
502 1494 669 1573 iussisset;
699 1494 848 1576 ineptum
871 1498 922 1556 est
943 1491 1031 1556 euim
1052 1490 1161 1573 ipsum
1183 1487 1324 1572 cogendi

162 1598 307 1677 verbum,
331 1601 395 1664 uisi
418 1600 611 1666 verberibus
635 1607 789 1667 coactum
812 1598 1007 1683 signiferum
1028 1604 1193 1681 putamus.
1245 1596 1326 1680 Ipsa

162 1707 261 1771 unius
289 1714 324 1772 et
352 1709 435 1773 certi
462 1710 548 1791 signi
575 1710 699 1775 mentio
729 1707 889 1786 ostendit,
916 1705 1054 1771 Atilium
1074 1705 1172 1770 Navii
1193 1704 1325 1771 facinus

152 1803 327 1880 ¹imitatum
363 1837 436 1881 esse
465 1816 657 1900 Liviumque
687 1817 875 1900 scripsisse:
912 1816 1070 1898 signum
1103 1813 1257 1878 lulerre
1283 1813 1324 1877 in

163 1921 375 1988 cohortem
397 1923 668 2007 Hispanorum
691 1924 826 2005 ceoplt.
879 1923 997 1989 Utrum
1019 1923 1063 1988 ab
1084 1921 1234 1986 inferri
1256 1919 1324 2004 (iu)

77 2043 147 2110 (tot)
166 2051 225 2112 pro
254 2029 408 2096 inferre
437 2053 480 2095 an
509 2053 530 2097 a
558 2034 695 2116 coegit
722 2054 783 2116 pro
813 2033 953 2116 coepit
981 2031 1105 2114 scripto
1133 2049 1229 2094 error
1250 2048 1325 2094 coe-

163 2138 259 2232 perit,
281 2159 348 2203 non
370 2139 519 2204 dixerim.
570 2139 795 2219 (Contrarium
817 2138 986 2217 mendum,
1014 2142 1244 2220 coeperunt
1264 2155 1326 2220 pro

163 2254 397 2327 coegerunt,
431 2249 560 2313 correxi
593 2248 699 2328 XXV,
733 2252 789 2329 35,
824 2246 869 2328 8.)
923 2245 993 2329 [Sic
1022 2246 1089 2310 iam
1118 2242 1324 2328 Rupertiua]

163 2352 195 2436 (ἕ
218 2356 247 2434 2,
269 2353 326 2419 ubi
349 2354 473 2420 editur:
507 2357 566 2421 ibi
589 2378 662 2441 per
685 2363 863 2437 stragem
886 2353 1109 2419 iacentium
1131 2352 1325 2436 elephan-

162 2466 296 2526 torum
324 2468 443 2529 atrox
472 2465 586 2553 edita
608 2464 751 2544 caedes,
780 2467 871 2528 recte
894 2462 1069 2544 Ussingius
1090 2460 1193 2527 scribi
1214 2460 1324 2528 iubet:

162 2568 219 2634 ibi
253 2588 367 2652 super
399 2579 589 2656 stragem.
645 2572 732 2636 Nam
760 2569 1062 2635 caedes'hominum
1089 2587 1150 2651 per
1176 2571 1325 2654 stragem

161 2677 413 2760 elephantorum
438 2680 528 2744 edita
550 2679 632 2744 nihil
656 2687 715 2745 est.
765 2678 872 2760 1863.)

249 2784 328 2870 Gap.
353 2792 387 2867 9,
418 2793 437 2852 6
461 2786 516 2867 (de
545 2787 734 2853 Hannibale
763 2786 805 2850 ad
834 2785 949 2850 urbem
973 2786 1110 2850 Romam
1140 2784 1324 2849 exercitum

162 2893 331 2974 ducente):
356 2895 515 2960 Romam
532 2894 802 2978 Fregellanus
824 2894 1001 2971 nuntius,
1023 2892 1127 2956 diem
1148 2897 1324 2957 noctem·

162 3021 237 3082 que
260 3002 412 3067 itinere
437 3005 686 3082 continuato,
709 3005 914 3085 ingentem
933 2999 1088 3065 adtulit
1104 3005 1323 3079 terrorem;

160 3108 468 3190 tumultuosius,
492 3133 611 3195 quam
634 3110 819 3176 adlatum
841 3115 940 3189 erat,
970 3128 1093 3172 cursu
1114 3106 1325 3172 hominum

161 3213 465 3298 adfingentium
506 3241 607 3284 vana
646 3218 804 3283 auditis
845 3222 976 3283 totam
1008 3215 1150 3281 urbem
1184 3217 1325 3281 couci·

160 3328 222 3386 tat
245 3321 352 3404 (codd.
374 3325 459 3390 mell.
479 3327 704 3408 conciliat).
750 3326 828 3391 Haec
855 3345 936 3390 sana
958 3345 1024 3389 uon
1046 3343 1131 3402 esse,
1156 3323 1324 3403 Weissen-

159 3429 311 3512 bornius,
346 3435 402 3516 qui
431 3454 585 3499 enarrare
613 3441 752 3500 conatus
782 3440 847 3513 est,
882 3433 996 3498 sensit.
1047 3431 1162 3512 Neque
1185 3432 1324 3496 nuntius
1450 3430 1497 3460 ⁵¹

160 3538 276 3612 urbem
309 3544 456 3608 concitat
492 3543 631 3608 aliorum
659 3543 925 3619 concursatione,
958 3559 1066 3621 neque
1093 3558 1155 3620 pro
1186 3559 1324 3604 concur·

160 3649 288 3714 satione
319 3670 435 3716 cursus
466 3650 601 3729 dicitur,
635 3672 743 3733 neque
772 3656 863 3714 recte
890 3649 1025 3712 nuntius
1055 3644 1184 3727 (bomo)
1209 3652 1244 3711 et
1271 3666 1324 3711 res
1409 3636 1483 3687 Β

160 3764 395 3839 comparantur
412 3758 540 3841 (quam
558 3757 742 3824 adlatum
766 3757 878 3837 erat).
913 3754 1047 3820 Excidit
1063 3752 1203 3837 aliquid,
1221 3774 1379 3836 quum-r
1438 3755 1462 3782 ⁸
1488 3746 1497 3770 ¹

159 3862 192 3925 iu
215 3864 301 3930 hanc
322 3866 422 3930 ferme
445 3867 585 3931 formam
608 3868 768 3950 scriptum
789 3865 922 3929 fuisset:
944 3898 988 3909 -—
1009 3862 1168 3928 adtulit
1189 3866 1459 3927 terroae‘

158 3990 248 4033 rem.
298 3971 622 4053 TumultuosiuS,
651 3993 769 4057 quam
792 3973 974 4037 adlatum
996 3976 1100 4048 erat,
1129 3970 1462 4051 propugaae‘

1416 3542 1479 3562 ῤ’
