2994 5108
208 490 270 544 Lib.
289 490 376 545 xxlt
759 479 821 540 304

208 664 312 727 traria
334 663 522 728 referuntur
544 683 665 745 neque,
695 661 783 744 quod
806 670 907 747 caput
929 669 989 742 est
1018 663 1087 729 ullo
1111 663 1209 728 modo
1231 662 1369 729 verbum

208 792 392 836 manasse
426 771 558 835 variata
592 777 762 835 structura
792 777 826 834 et
856 771 1098 853 significatione
1127 771 1169 837 ad
1198 771 1263 837 dno
1290 770 1369 837 sub·

209 878 296 942 iecta
328 877 444 943 referri
478 880 512 943 in
547 879 687 943 duorum
719 878 945 962 prodigiorum
978 878 1216 962 significatione
1244 886 1366 963 potest.

209 985 428 1051 Desideratur
450 986 551 1066 igitur
573 985 719 1065 verbum,
742 985 831 1069 quod
854 985 897 1050 ad
920 987 1014 1069 signa
1035 985 1206 1052 referatur.
1251 986 1368 1070 Itaque

208 1093 410 1172 dubitanter,
442 1093 500 1158 sed
523 1095 672 1177 suspicor
694 1101 804 1157 tamen
828 1091 1037 1158 scribendum
1059 1114 1144 1159 esse:
1178 1101 1218 1159 et
1238 1094 1367 1162 multo

81 1213 82 1217 ’
208 1221 350 1266 cruore
379 1203 495 1285 signa
522 1203 562 1266 in
591 1199 754 1267 Sabinis
781 1202 954 1280 sudasse,
996 1209 1033 1263 et
1065 1209 1296 1284 requescet,
1330 1210 1403 1267 ut·

210 1317 384 1393 utrumque
423 1309 610 1394 prodigium
650 1311 684 1373 in
719 1308 849 1374 Sabinis
889 1307 1014 1373 factum
1054 1316 1197 1393 putetur.
1260 1308 1369 1376 Semel

209 1419 334 1500 scripto
368 1438 446 1481 sex
478 1417 671 1482 udasseet
705 1417 783 1481 oriri
816 1422 951 1500 poterat
978 1417 1124 1496 caedes,
1159 1418 1221 1482 etsi
1249 1416 1369 1482 vellem

208 1527 343 1609 propius
366 1525 409 1590 ad
431 1525 561 1590 litteras
586 1524 752 1590 accedere.
799 1523 924 1604 (1872.)

123 1646 192 1714 (ara)
298 1633 396 1716 *Cap
422 1638 477 1705 38,
507 1637 525 1696 3
555 1633 622 1696 dixi
650 1641 725 1697 ante
754 1632 876 1696 multos
900 1652 1003 1697 annos
1026 1631 1159 1716 (Opuso.
1182 1632 1370 1711 Acadalt.

209 1765 240 1825 p.
265 1741 340 1822 360)
363 1741 573 1806 scribendum
596 1762 682 1806 esse:
707 1741 774 1805 ubi
797 1739 845 1803 ad
868 1739 1164 1805 decuriandum
1186 1748 1259 1807 aut
1281 1760 1370 1806 cen-

118 1908 123 1913 .
210 1850 447 1914 turiandum
472 1850 766 1916 convenissent
788 1868 848 1931 pro
873 1869 921 1928 eo,
944 1848 1033 1932 quod
1051 1848 1181 1914 codices
1199 1855 1233 1914 ct
1250 1847 1371 1914 aditio·

209 1977 266 2021 nes
289 1956 426 2021 habent:
451 1957 499 2022 ad
522 1952 777 2023 decuriatum
800 1962 870 2020 aut
896 1956 1183 2035 centuriatum,
1207 1955 1371 2040 gerundio

209 2066 336 2148 passive
354 2073 491 2147 accepto
509 2064 566 2143 (ut
584 2065 828 2129 decuriaren
838 2070 905 2127 tur
922 2071 993 2128 aut
1010 2062 1371 2144 centuriarentur),

209 2193 270 2237 nec
305 2173 503 2237 sententiam
542 2180 643 2237 muto.
708 2171 793 2236 Nam
837 2171 926 2252 quod
942 2168 945 2174 ’
964 2171 1069 2236 multa
1108 2170 1264 2237 dicuntur
1297 2192 1371 2237 esse

209 2279 398 2344 huiusmodi
432 2279 654 2357 substantiva,
695 2300 767 2362 qua
800 2300 865 2344 uno
900 2286 1030 2343 tantum
1063 2286 1122 2344 aut
1155 2278 1259 2344 altero
1292 2278 1371 2344 loco

208 2388 430 2469 reperiantur,
470 2387 504 2450 id
545 2387 584 2451 de
619 2386 762 2451 ablativo
798 2408 871 2451 oum
904 2388 1055 2469 genetivo
1089 2392 1147 2452 aut
1174 2386 1371 2470 pronomine

209 2495 316 2576 posito
345 2515 456 2557 verum
485 2501 550 2572 est3
584 2496 613 2559 si
646 2494 886 2559 decurtatus
921 2502 979 2559 aut
1013 2494 1277 2559 centuriatus
1304 2515 1370 2577 pro

209 2602 293 2665 veris
317 2602 533 2666 substantivis
564 2600 625 2682 (ad
654 2601 735 2666 dec.
759 2601 996 2682 convenire)
1025 2601 1066 2666 de
1088 2601 1230 2666 militum
1251 2602 1286 2667 in
1308 2600 1371 2667 de·

208 2709 317 2773 curias
352 2709 585 2791 centuriasque
619 2707 841 2791 descriptione
876 2708 999 2773 usitata
1032 2708 1188 2783 fuissent,
1221 2709 1275 2773 vix
1302 2708 1372 2775 hoc

209 2838 273 2879 uno
296 2815 369 2881 loco
392 2818 626 2899 reperirentur.
678 2815 791 2896 (Initio
821 2817 940 2899 capitis
964 2816 1140 2882 editiones:
1176 2816 1369 2882 consules

208 2944 361 3005 paucos
390 2925 539 2988 morati
568 2925 669 3002 dies,
705 2923 792 2987 dum
820 2925 923 2988 socii
952 2923 1000 2988 ab
1029 2926 1192 2990 nominc
1217 2923 1369 2989 Latino

207 3033 402 3096 venirent.
437 3031 592 3096 Milites
615 3039 695 3096 tum
719 3029 841 3110 (tuno)
866 3039 939 3109 cet,
963 3032 1096 3110 vitiose3
1120 3052 1197 3095 nam
1223 3038 1258 3096 et
1279 3053 1372 3098 nova

205 3140 369 3203 sententia
392 3161 412 3204 a
434 3147 517 3204 tum
538 3140 683 3221 incipere
707 3138 805 3202 debet
828 3145 862 3202 et
884 3140 985 3203 socii
1004 3159 1024 3202 a
1041 3140 1200 3203 nomine
1217 3138 1370 3207 Latino

206 3266 288 3311 nore
317 3268 377 3328 pro
408 3246 536 3311 Latinis
566 3247 728 3310 dicuntur.
784 3245 857 3309 Put.
887 3245 1002 3309 habet:
1038 3246 1126 3310 dum
1159 3247 1288 3312 sociis
1317 3248 1370 3313 ab

206 3354 363 3417 nomine
387 3354 532 3418 Latino
556 3355 743 3417 venirent
765 3352 918 3417 milites
941 3361 1031 3418 tum.
1084 3352 1250 3418 Efficitur:
1275 3353 1370 3420 dum

205 3461 250 3520 ab
284 3462 410 3524 sociis
440 3480 481 3522 ao
512 3483 608 3525 nom.
633 3461 713 3524 Lat.
738 3462 927 3525 venirent
955 3461 1119 3526 milites.
1175 3461 1271 3525 Tum
1300 3469 1369 3528 cet

207 3565 224 3647 ἓ
252 3565 465 3650 4Ussingius
500 3568 731 3632 animadvertit
764 3569 876 3651 inepte
905 3568 1054 3651 copulari
1084 3568 1165 3632 nisi
1192 3568 1267 3633 teli
1297 3589 1370 3634 su-

205 3673 338 3737 mendi
368 3682 437 3738 aut
466 3675 634 3756 petendi
657 3682 696 3738 et
718 3680 786 3738 aut
808 3675 942 3740 hostis
965 3676 1147 3739 feriendi
1170 3681 1240 3740 aut
1263 3675 1369 3743 civis

78 3816 84 3829 ·
205 3781 394 3845 seruandi
436 3803 559 3870 causa
597 3781 857 3865 particulamque
897 3791 935 3846 et
974 3789 1064 3847 recte
1103 3784 1136 3846 in
1176 3781 1249 3846 edd.
1284 3789 1368 3849 vett.

204 3889 322 3952 omitti.
380 3888 444 3952 Sed
479 3896 638 3969 praterea
667 3897 725 3953 aut
753 3890 995 3954 substantivum
1026 3890 1151 3954 excidit
1177 3891 1267 3973 apud
1295 3912 1368 3974 pe·

204 3995 321 4058 tendi
359 4003 417 4058 aut
452 4016 525 4057 curn
560 3994 713 4059 Creverio
748 3996 957 4060 scribendum
990 3997 1223 4079 repetenda
1263 3998 1368 4066 nimis

203 4101 290 4164 enim
313 4101 429 4182 putida
454 4111 505 4166 est
528 4103 676 4166 sumendi
701 4104 757 4166 teli
782 4110 815 4167 et
838 4103 971 4186 petendi
994 4102 1172 4168 distinctio
1210 4105 1321 4186 1862.)

291 4206 370 4289 Cap.
407 4212 462 4287 39,
503 4212 520 4271 3
556 4210 790 4289 (moratione,
825 4232 890 4294 qua
925 4210 961 4287 Q.
991 4211 1114 4276 Fabius
1137 4210 1302 4276 Maximus
1328 4212 1366 4278 L.

202 4312 371 4378 AEmilium
405 4316 543 4379 Paulum
579 4316 796 4397 adloquitur):
844 4326 978 4382 tecum
1011 4354 1053 4364 —
1086 4340 1200 4400 quern
1240 4319 1365 4387 video
