2994 5108
684 475 744 535 715
1127 484 1189 538 Lib.
1208 481 1291 537 XLV.

136 658 295 724 Persea.
351 658 462 725 Livius
502 660 694 743 scripserat:
736 665 958 741 postquam
993 678 1013 722 a
1045 677 1139 738 rege
1171 654 1292 720 Perse

136 767 301 833 consuli
322 766 449 833 Paulo
473 766 646 832 salutem
669 766 819 850 legit.¹)

226 874 306 959 Cap.
331 881 359 954 5,
392 879 412 937 4
447 875 516 956 (ubi
552 876 587 940 L.
617 874 738 939 Atilius
774 873 1004 940 Samothraces
1036 873 1070 936 in
1102 870 1293 935 Euandrum

134 990 380 1048 sacrosanctam
403 983 543 1049 insulam
561 983 762 1067 polluentem
781 982 953 1063 concitat):
980 981 1102 1059 Quum
1125 977 1292 1044 creditae

136 1092 354 1156 sanctitati
376 1091 687 1156 adsentirentur
710 1112 857 1169 omnes,
881 1087 959 1154 Cur
980 1089 1121 1170 igitur,
1144 1087 1292 1171 inquit,

141 1199 258 1282 polui
281 1221 365 1264 eam
389 1198 452 1281 (sic
474 1200 559 1278 cod.)
577 1198 781 1264 homicida
804 1198 1002 1280 sanguine
1018 1197 1128 1279 regis
1151 1194 1292 1260 Eume-

136 1308 200 1373 nis
218 1307 414 1374 violavit?
432 1316 480 1388 et,
498 1329 614 1389 quum
632 1308 759 1372 omnis
777 1303 964 1389 praiatio
984 1325 1191 1370 sacrorum
1208 1301 1292 1384 (cod.

137 1416 428 1499 praefatiorum)
452 1437 526 1495 eos,
549 1415 698 1501 quibus
721 1436 798 1479 non
820 1415 903 1480 sint
924 1434 1033 1497 purae
1056 1433 1212 1492 manus,
1236 1432 1293 1476 sa·

141 1525 221 1589 cris
261 1533 416 1603 arceat,
460 1546 527 1589 vos
568 1522 802 1608 penetralia
840 1528 979 1587 vestra
1021 1519 1293 1606 contaminari

143 1632 229 1712 (cod.
253 1633 561 1714 contraminari)
590 1640 761 1697 cruento
790 1631 965 1695 latronis
987 1650 1160 1713 corpore
1184 1629 1292 1693 sine-

137 1740 214 1806 tis?
258 1741 321 1806 Pro
355 1740 470 1823 polui
503 1761 586 1805 eam
617 1740 774 1823 Grynaeua
808 1745 966 1821 posuerat
994 1737 1209 1822 pollutam,
1242 1737 1292 1801 in-

136 1847 291 1928 feliciter3
315 1870 421 1933 neque
444 1849 530 1913 enim
551 1848 712 1933 pollutam
729 1848 796 1911 iam
813 1846 953 1911 insulam
970 1846 1124 1911 Euander
1142 1845 1289 1911 iiolabat
1307 1846 1379 1916 (696)

137 1977 245 2041 neque
272 1958 344 2041 ipso
372 1958 529 2040 sauguine
552 1957 707 2022 Eumenis
731 1954 788 2036 (ad
809 1953 955 2037 Delphos
987 1952 1106 2035 effuso)
1128 1966 1202 2018 eam
1223 1953 1294 2038 pol·

137 2063 260 2129 luebat.
302 2064 517 2148 Kreyssigius,
540 2085 641 2148 quum
663 2063 798 2148 pollui
822 2083 905 2128 eam
927 2062 1028 2127 scribi
1052 2070 1084 2127 et
1107 2083 1181 2126 cum
1204 2082 1292 2127 con·

140 2173 340 2237 taminari
363 2174 515 2255 coniungi
548 2172 661 2250 vellet,
695 2173 728 2237 in
762 2171 846 2237 alias
870 2171 987 2236 incidit
1019 2169 1233 2236 difficultates
1260 2177 1293 2236 et

162 2457 186 2525 ¹)
204 2456 239 2512 In
260 2460 342 2514 huius
365 2463 465 2532 capitis
492 2463 572 2516 initio
602 2478 688 2530 quum
717 2457 874 2514 Gronovius
901 2460 1145 2514 animadvertisset
1165 2459 1294 2516 inaudita

206 2547 417 2601 constructione
444 2547 514 2617 legi:
546 2547 586 2601 ad
613 2562 776 2600 summam
803 2545 1006 2600 sestertium
1032 2546 1187 2612 deciens,
1215 2546 1294 2614 quasi

207 2630 296 2685 dicas:
316 2632 357 2685 ad
383 2649 545 2687 summam
568 2631 776 2699 duomilia,
807 2632 1042 2700 scribendumque
1062 2649 1123 2686 esse
1140 2632 1293 2687 iudicasset

207 2718 379 2787 sestertii,
399 2718 523 2773 mirabili
541 2718 684 2772 obdrione
702 2721 732 2771 et
749 2715 913 2771 confusione
931 2717 1119 2788 Kreyssigius,
1139 2718 1184 2772 cni
1202 2717 1291 2772 Weis-

207 2803 372 2857 senbornius
400 2821 430 2858 se
459 2801 595 2871 adiunxit,
624 2804 746 2873 primum
764 2801 893 2857 Tacitum
919 2807 949 2856 et
972 2804 1041 2857 alios
1060 2803 1211 2873 scriptores
1229 2808 1295 2872 post

208 2886 349 2943 Ciceronis
377 2893 490 2943 atatem
517 2889 566 2954 sic,
595 2893 625 2942 ut
653 2887 810 2941 Gronovius
842 2888 928 2941 scribi
954 2888 1059 2956 voluit,
1088 2887 1200 2943 locutos
1232 2905 1294 2942 esse

205 2973 288 3042 dixit,
307 2993 394 3044 quum
412 2976 436 3028 is
454 2991 522 3028 usus
540 2975 584 3041 (nt
602 2973 809 3027 sestertium
832 2989 896 3026 cum
914 2972 1048 3027 adverbio
1065 2973 1182 3028 decies
1201 2978 1230 3028 et
1249 2992 1292 3029 ce·

208 3061 275 3115 teris
293 3077 347 3130 pro
366 3062 480 3116 nomine
499 3060 633 3130 singulari
652 3058 818 3123 declinetur)
838 3064 867 3112 et
884 3057 1027 3113 ciceronis
1051 3063 1081 3112 et
1107 3060 1232 3114 omnium
1255 3060 1294 3115 sit

206 3162 258 3200 nec
286 3146 375 3216 possit
402 3146 485 3200 aliter
512 3146 575 3201 diei.
620 3143 691 3199 Nam
718 3150 747 3199 et
777 3144 978 3199 sestertium
1007 3145 1217 3215 quadragies
1245 3162 1293 3199 re·

205 3229 392 3301 linquitur,
420 3231 593 3285 nominativo
622 3247 697 3296 caan,
717 3235 745 3283 et
767 3229 818 3283 Hs
846 3230 1054 3300 quadragies
1073 3232 1192 3300 accepi
1211 3232 1293 3285 etin

206 3318 370 3372 sestertio
402 3317 513 3373 vicies
545 3334 645 3387 egere
682 3320 711 3370 et
745 3314 944 3385 syngrapha
980 3317 1139 3371 sestertii
1175 3317 1291 3373 decies

206 3401 391 3458 Ciceroniana
409 3407 482 3457 sunt.
520 3401 628 3456 Deinde
651 3401 721 3455 nihil
743 3407 866 3455 mutasse
885 3399 1056 3456 Gronovium
1079 3402 1160 3458 addit
1175 3404 1250 3459 infra
1267 3423 1291 3460 c.

204 3489 247 3555 to,
270 3492 292 3556 1,
311 3489 360 3543 ubi
377 3493 456 3544 recta
473 3488 529 3543 dici
556 3491 664 3558 potest:
691 3505 818 3541 summa
844 3491 898 3543 est
925 3489 1132 3543 sestertium
1157 3491 1291 3544 millies

207 3573 403 3642 ducenties,
423 3579 550 3629 ceterum
568 3573 619 3627 HS
637 3573 667 3627 in
684 3573 782 3627 codice
804 3588 862 3626 non
880 3577 924 3627 eat
941 3573 983 3642 (et
1001 3575 1093 3628 omitti
1116 3577 1291 3630 nominativo

206 3665 235 3714 et
252 3659 411 3714 accusativo
430 3676 497 3713 casu
521 3658 573 3713 HS
599 3658 714 3728 potest),
743 3664 792 3712 aut
815 3675 838 3713 c.
857 3662 899 3727 48,
917 3663 943 3728 8,
965 3661 1013 3714 ubi
1031 3678 1147 3731 prorsus
1165 3678 1291 3716 neeessa-

206 3745 266 3798 rius
293 3750 336 3799 eat
354 3746 541 3802 aecusativus:
570 3745 770 3799 sestertium
797 3745 980 3801 ducenties
1007 3746 1188 3802 redactum
1211 3763 1289 3800 esse.

203 3828 282 3884 Illud
298 3833 433 3885 maiorem
451 3830 536 3885 habet
554 3830 775 3898 dubitationem,
800 3832 961 3899 potueritne
981 3831 1095 3901 obliquo
1114 3850 1182 3886 casu
1199 3833 1290 3886 solnm

144 3934 152 3945 ’
206 3915 371 3971 adverbium
389 3917 466 3986 poni,
487 3915 722 3985 quemadmodum
740 3916 833 3971 editur
856 3919 930 3986 apud
949 3916 1116 3973 Ciceronem
1134 3934 1185 3987 pro
1203 3917 1287 3972 Rose.

204 4000 265 4055 Am.
284 3999 301 4071 ξ
319 4003 336 4056 6
354 4007 382 4056 et
401 4001 474 4072 apud
492 4000 603 4056 Livium
621 4001 775 4071 XXXVIII,
796 4004 838 4071 55,
858 4004 885 4056 9:
905 4003 1120 4073 quadragies
1138 4031 1171 4042 -
1190 4003 1290 4058 litem

205 4087 409 4141 aestimatam
437 4087 477 4155 (id
503 4092 555 4156 est,
584 4089 714 4143 sestertio
734 4088 915 4159 quadragies)
943 4094 972 4143 et
1002 4091 1049 4142 12:
1078 4089 1289 4159 quadragies

205 4173 296 4227 ratio
315 4179 524 4242 posceretur
542 4174 582 4242 (id
600 4179 651 4242 eat,
671 4175 792 4228 sestertii
813 4173 1002 4244 quadragies),
1023 4192 1059 4228 an
1078 4173 1144 4228 addi
1162 4175 1289 4229 substan·

203 4260 256 4313 tivi
273 4265 342 4314 nota
360 4259 474 4327 debeat,
501 4260 576 4329 quod
593 4260 691 4314 eadem
709 4277 743 4314 ex
761 4260 842 4314 Livio
863 4277 979 4315 narrans
997 4260 1041 4313 bis
1061 4259 1141 4314 addit
1159 4260 1288 4315 Valerius

207 4343 347 4398 Maximus
365 4345 419 4414 111,
438 4349 464 4413 7,
487 4350 509 4400 1.
