2994 5108
216 516 278 574 Lib.
296 514 397 572 xum.
749 504 822 568 ‚672

218 711 258 757 66
279 711 316 755 16
340 689 440 755 actio·
456 688 515 770 sit,
549 688 618 753 sine
648 710 714 772 qua
746 711 816 755 mos
850 688 996 773 intellegi
1018 689 1141 772 nequit.
1186 687 1367 754 Admodum

217 819 332 865 vereor
352 819 394 862 ne
416 796 551 862 verbum
574 795 739 862 exciderit.
780 796 848 862 Nec
870 797 953 863 bene
976 796 1088 864 bello
1111 798 1226 881 capti
1249 803 1284 862 et
1304 795 1364 863 ho·

218 915 304 974 stes
326 913 496 990 tamquam
514 903 577 970 duo
595 925 717 988 genera
733 904 940 990 copulantur.
973 903 1107 970 Fuitne:
1132 904 1239 989 quod
1260 904 1363 971 bello

219 1016 356 1100 captis
378 1012 572 1080 hostibus
595 1012 739 1094 ΙιμιΙ
760 1035 841 1079 mos
865 1013 999 1079 esset?

303 1121 382 1207 Gap.
409 1126 456 1201 18,
480 1125 499 1184 2
522 1120 593 1202 (ubi
616 1121 799 1205 exponitur,
824 1142 896 1206 quae
914 1141 1022 1186 causae
1038 1120 1162 1186 Persea
1178 1121 1366 1205 impulerint

217 1231 260 1297 ad
304 1228 546 1314 expeditionem
589 1229 622 1294 in
666 1229 834 1314 Illyricum
873 1226 1144 1314 suscipiendam:
1178 1264 1222 1276 —
1256 1229 1364 1296 fran-

218 1338 337 1424 gendi
358 1336 629 1431 finitimorum
651 1358 741 1420 spes
765 1339 1009 1421 animosque,
1032 1358 1078 1403 ne
1101 1335 1208 1421 quid,
1230 1358 1365 1404 averso

218 1447 303 1530 (eod.
328 1444 660 1531 quidinadverso)
683 1466 721 1511 se
749 1446 788 1510 in
817 1446 1032 1512 Romanum
1060 1444 1225 1526 bellum,
1260 1447 1365 1531 peri-

136 1544 140 1569 '
218 1555 298 1621 culi
326 1552 527 1620 subesset.
574 1550 651 1618 cod.
685 1552 862 1637 periculi
891 1553 1064 1633 abisset,
1094 1573 1134 1619 ex
1157 1574 1225 1637 quo
1247 1553 1366 1620 Foroh·

217 1663 366 1728 hammer
388 1667 477 1727 16616
495 1659 617 1726 effecit:
641 1662 819 1744 periculi
842 1661 890 1727 ab
912 1662 965 1725 iis
988 1667 1107 1727 esset.
1142 1661 1267 1743 (lilinns
1288 1661 1366 1728 bene

218 1771 441 1855 Kreyssigius:
475 1769 649 1853 periculi
676 1769 862 1851 adesset.)
908 1768 1063 1852 Sequitur
1095 1768 1142 1850 (in
1177 1768 1366 1835 6611611161-

219 1876 409 1964 positionel:
444 1875 573 1942 solum
606 1876 800 1943 infestum
840 1899 926 1943 esse
959 1876 1209 1942 Mocedouioe
1241 1877 1365 1957 letus,

220 1986 325 2072 quod
349 1985 397 2051 ab
420 1984 593 2069 Illyrico
622 1993 801 2069 peteret,
832 2006 1018 2065 cernens3
1042 1984 1160 2051 codex:
1194 1986 1207 2050 i
1236 1986 1366 2064 solum,

221 2116 260 2160 ex
282 2117 347 2180 quo
369 2093 421 2160 fit:
445 2093 485 2158 id
508 2091 636 2160 solum
656 2128 700 2138 —
722 2094 838 2158 latus.
875 2093 1067 2177 [Vahlenius
1089 2100 1202 2158 tamen
1219 2091 1232 2154 1
1248 2101 1364 2177 puncto

220 2208 371 2270 notatum
401 2199 538 2284 scribit]
580 2199 611 2284 [ἓ
641 2206 660 2265 7
693 2201 867 2267 videndum
899 2223 940 2268 ne
973 2202 1007 2267 in
1034 2201 1100 2288 his:
1136 2221 1367 2286 oppugnare

221 2318 282 2377 est
314 2311 478 2376 adortus
507 2309 665 2375 exciderit
692 2308 841 2391 urbem,
875 2309 963 2395 quod
991 2310 1204 2394 praecessisse
1228 2309 1366 2377 ostendit

222 2440 305 2483 eam
327 2437 507 2503 pronomen
530 2416 584 2499 (61
607 2437 759 2484 corona
788 2438 871 2483 eum
900 2438 1046 2503 capere
1076 2425 1253 2485 conatus
1288 2416 1363 2499 est).

224 2523 331 2607 1861]
833 2584 837 2588 ,

308 2631 386 2717 Cap.
409 2637 457 2713 19,
483 2637 537 2697 14:
560 2632 616 2698 lis
640 2632 771 2716 (legetis
794 2634 836 2699 ad
854 2633 1009 2701 Gentium
1024 2631 1179 2715 Perseus)
1198 2633 1364 2710 mandat,

222 2749 265 2806 111
288 2747 539 2824 exponerent
561 2740 718 2805 aestatis
737 2741 822 2805 eius
841 2738 1066 2824 hiemisque
1085 2749 1178 2807 acta
1197 2764 1271 2808 sua
1289 2740 1362 2824 (cod.

224 2871 301 2914 suoe
335 2856 426 2913 acta
464 2849 546 2930 sua)
586 2848 782 2912 adversus
822 2849 1021 2914 Romanos
1063 2849 1362 2932 Dardanosque,

222 2958 455 3022 adiicerent
477 2956 662 3021 recentia
685 2955 723 3018 in
745 2955 912 3040 illyrico
935 2957 1114 3039 hibernes
1145 2959 1362 3042 expeditio·

221 3066 283 3129 nis
313 3085 447 3148 opera3
483 3063 751 3128 hortarentur
775 3062 963 3129 Gentium
993 3067 1031 3129 in
1056 3067 1290 3132 amicitiam
1311 3086 1361 3130 se·

133 3169 308 3238 (6571611111
339 3207 376 3216 —
401 3172 651 3252 iungendam.
697 3170 782 3235 llale
806 3193 856 3236 me
879 3171 1002 3237 habent
1024 3172 1081 3237 illa
1104 3176 1268 3239 aestatis
1290 3173 1361 3238 hie·

221 3282 377 3361 misque
406 3286 495 3342 acta
524 3278 680 3343 adversus
703 3279 867 3344 Romanos
891 3280 1129 3364 Dardanosque
1153 3289 1308 3365 separata
1328 3279 1360 3343 ab

220 3387 360 3452 hiberna
383 3387 603 3468 expeditione,
632 3387 683 3449 cui
712 3388 834 3450 rectius
858 3389 983 3453 aestatis
1007 3396 1083 3453 6616
1107 3391 1277 3454 6611116116
1297 3387 1360 3473 poni

220 3495 380 3558 videntur.
426 3493 532 3577 Supra
568 3498 606 3573 (c.
635 3500 672 3558 18
694 3494 781 3575 init.)
807 3495 916 3560 Livius
940 3495 1062 3561 diserte
1091 3499 1220 3579 posuit,
1244 3498 1359 3571 Perses,

221 3602 382 3684 principio
406 3600 520 3665 hiemis
544 3601 737 3666 Macedonia
764 3623 829 3667 non
858 3624 1040 3685 egressum,
1075 3604 1135 3668 sub
1165 3604 1290 3670 brumae
1317 3604 1359 3668 de-

220 3728 308 3771 mum
331 3715 459 3791 tempus
483 3708 723 3791 expeditionem
747 3731 832 3790 eam,
862 3732 960 3793 quam
989 3711 1041 3775 hic
1064 3711 1240 3777 hibernam
1262 3709 1359 3798 appel·

218 3815 276 3894 161,
299 3817 496 3898 suscepisse,
525 3815 700 3882 Dardanos
724 3819 789 3882 iam
812 3826 888 3883 ante
913 3818 991 3899 (ibd.
1011 3818 1026 3902 ξ
1047 3819 1079 3899 2)
1104 3819 1288 3901 domuerat,
1309 3820 1357 3883 hcc

221 3930 280 4000 est,
305 3928 380 3987 61116
404 3924 598 4006 principium
622 3924 747 3989 hiemis.
793 3926 1182 4008 1166116161116161661,
1214 3952 1254 3994 ne
1288 3928 1357 3992 hie·

220 4031 374 4113 misque
408 4051 428 4094 6
460 4031 548 4095 111616
576 4052 675 4096 manu
706 4034 748 4096 sit
770 4033 946 4116 Liviusque
977 4035 1160 4118 scripserit:
1198 4053 1356 4120 expone·

219 4144 310 4200 rent
333 4141 491 4203 aestatis
516 4140 602 4203 eius
626 4146 716 4204 6616
740 4163 810 4205 sua
831 4167 890 4221 -3
926 4142 1161 4209 adiicerent
1184 4143 1356 4210 recentis

220 4279 262 4288 —
285 4243 462 4309 hibernae
487 4246 763 4330 expeditionis
788 4269 920 4331 opera.
956 4249 1106 4331 [Deinde
1131 4253 1195 4315 etsi
1215 4260 1247 4316 et
1264 4240 1355 4316 Livius

220 4356 254 4412 et
277 4348 389 4418 Cicero
419 4373 484 4417 non
512 4374 586 4418 1616
617 4357 840 4438 praepositioni
863 4359 900 4420 in
923 4358 1151 4423 accusatimm
1176 4351 1356 4425 substando
