3000 5116
11 473 73 529 Lib.
92 472 166 526 XXI.
557 458 620 520 268

11 643 284 723 titubassent,
316 643 471 707 haerere
500 640 667 706 adflicti
688 642 865 726 vestigio
890 663 978 723 suo,
1010 641 1171 727 aliique

13 773 135 836 super
176 751 282 817 alios
322 755 362 815 et
399 750 579 815 iumenta
616 750 655 815 in
688 750 877 817 homines
912 749 1169 832 occiderant3

12 867 167 943 recteque
190 857 478 924 Weissenbornius
500 858 540 921 in
563 856 745 923 homines
767 858 925 937 restituit,
948 880 1050 943 quum
1071 858 1170 942 vulgo

13 968 167 1034 ederetur
189 972 229 1031 et
251 968 434 1031 iumenta
456 971 497 1031 et
518 965 715 1045 homines;
749 987 855 1049 neque
878 966 965 1031 enim
987 965 1072 1031 illud
1094 966 1170 1032 alii

13 1097 137 1160 super
170 1074 279 1141 alios
307 1073 376 1138 ullo
405 1074 502 1139 modo
530 1075 716 1138 iumenta
743 1072 1019 1157 comprehendere
1047 1080 1171 1159 potest,

17 1185 76 1250 sed
97 1184 239 1269 primum
262 1181 410 1246 homines
433 1180 491 1245 alii
514 1203 614 1265 super
635 1182 728 1261 alios,
757 1181 875 1247 deinde
898 1183 1000 1247 etiam
1022 1183 1172 1249 iumenta

13 1294 47 1357 in
80 1291 230 1356 homines
263 1288 419 1354 incidisse
454 1289 619 1354 dicuntur,
675 1288 740 1355 Sed
769 1289 859 1373 quod
881 1289 1170 1357 Weissenbornius

14 1399 204 1465 occidere
232 1399 273 1463 in
301 1396 478 1479 aliquem
506 1397 577 1462 vult
604 1418 677 1462 esse
699 1397 898 1477 incidere,
933 1398 1037 1463 ceteri
1058 1405 1172 1471 autem

15 1508 203 1573 occidere
225 1526 286 1591 pro
309 1506 565 1589 praecipitari
582 1506 758 1590 accipiunt,
779 1526 917 1590 prorsus
933 1505 1173 1572 incredibiliter

14 1614 113 1681 verbo
141 1616 176 1679 in
203 1615 271 1679 alia
298 1635 333 1678 re
363 1613 403 1677 de
426 1612 542 1679 eodem
564 1613 785 1679 subiectorum
809 1634 928 1697 genere
950 1614 1171 1681 usitatissimo

14 1725 199 1790 inauditam
228 1721 400 1803 adfingunt
428 1720 712 1804 significationem.
757 1722 869 1786 Livius
900 1721 1100 1806 scripserat:
1134 1727 1173 1786 st

14 1833 195 1896 iumenta
228 1831 267 1894 in
301 1829 481 1894 homines
516 1829 783 1894 succiderent
811 1828 886 1909 (auf
912 1829 966 1894 dis
989 1829 1171 1896 Menschen

14 1937 344 2018 herunterstiirzten).
394 1936 521 2001 Littera
550 1957 564 1998 s
594 1937 696 2002 semel
725 1938 864 2021 scripta,
899 1957 939 2001 ex
964 1937 1172 2025 homines·

15 2047 255 2111 ucciderent
295 2050 404 2111 ortum
438 2050 490 2109 est
524 2044 762 2110 occiderent
795 2066 932 2129 prorsus
965 2045 1084 2111 eodem
1123 2066 1173 2110 er·

14 2175 99 2234 rore,
127 2175 194 2238 quo
224 2151 328 2231 XXII,
360 2155 408 2229 12,
434 2155 452 2215 7
475 2173 516 2216 ex
545 2151 733 2217 occultus
762 2152 1028 2218 subsistebat
1050 2152 1175 2219 factum

16 2266 82 2326 est:
123 2260 314 2327 occultus
354 2258 589 2325 obsistebat
629 2267 663 2325 et
695 2260 848 2341 XXXIV,
887 2265 944 2342 29,
986 2264 1005 2324 6
1039 2282 1173 2327 murus

17 2368 272 2433 obruebatur
299 2387 339 2431 ex
366 2389 502 2432 murus
525 2368 803 2445 subruebatur
826 2367 873 2451 [et
896 2367 987 2452 apud
1008 2367 1175 2434 Iustinum
1199 2350 1204 2359 ¹

16 2476 92 2554 VII,
122 2480 156 2555 3,
186 2479 221 2539 6:
255 2475 295 2539 in
324 2496 496 2559 quarum
518 2475 651 2540 locum
671 2477 838 2541 iuvenes
862 2477 1054 2560 opponit,
1083 2476 1178 2561 quod

16 2604 122 2668 nuper
149 2587 338 2648 revocatum
361 2589 425 2663 est,
460 2604 500 2647 er
533 2583 704 2648 iuvenes
734 2581 957 2667 supponit).
1002 2582 1069 2649 Sed
1091 2605 1177 2668 prae-

16 2698 110 2756 terea
138 2690 393 2769 restituendum,
427 2690 514 2775 quod
542 2690 814 2756 Drakenborchio
842 2692 878 2755 in
904 2696 1049 2757 mentem
1077 2693 1177 2773 venit,

17 2800 157 2865 adfixi.
219 2797 282 2875 Qui
315 2797 366 2863 vel
399 2799 569 2883 paululum
603 2798 821 2878 titubassent,
860 2799 972 2864 Livius
1006 2806 1108 2883 negat
1140 2800 1177 2865 in

16 2908 147 2973 lubrica
186 2907 290 2989 glacie
328 2905 437 2972 facere
471 2907 635 2991 potuisse,
674 2907 764 2991 quod
798 2907 962 2992 alioquin,
1002 2908 1061 2991 qui
1094 2908 1178 2973 titu-

16 3016 137 3093 barint,
164 3014 274 3079 facere
303 3014 441 3093 soleant,
469 3023 507 3079 ut
530 3016 670 3098 vestigio
693 3014 833 3080 firmiter
855 3035 969 3099 presso
993 3016 1092 3098 quasi
1113 3015 1176 3081 ad·

16 3123 72 3188 fmi
94 3123 251 3201 haereant‚
275 3143 316 3186 ne
339 3144 478 3206 prorsus
502 3124 632 3188 cadant.
683 3122 766 3188 Mire
789 3122 900 3210 Livius
923 3144 991 3203 eos,
1015 3124 1072 3208 qui
1095 3125 1178 3189 titu-

16 3231 161 3310 bassent,
182 3235 319 3313 negaret
342 3229 493 3295 adflictos
516 3231 559 3295 ad
582 3237 707 3295 terram
724 3232 831 3295 iacere
848 3233 1013 3315 potuisse;
1036 3232 1071 3297 id
1089 3233 1180 3297 enim

15 3341 134 3423 ipsum,
155 3359 197 3403 ne
218 3337 463 3419 adfligerentur,
485 3339 588 3402 vitare
611 3337 863 3419 conabantur.¹)

104 3443 181 3529 Cap.
206 3450 256 3525 37,
281 3450 315 3509 5:
351 3445 560 3511 Interiora
582 3445 744 3529 (Alpium)
767 3440 898 3511 valles
922 3447 1179 3531 apricosque

17 3554 210 3638 quosdam
244 3553 374 3618 colles
408 3553 564 3618 habent
596 3555 789 3637 rivosque
822 3575 948 3638 prope
979 3553 1108 3620 silvas
1138 3561 1179 3621 et

15 3664 94 3727 iam
121 3660 293 3726 humano
324 3661 439 3726 cultu
470 3661 659 3744 digniora
680 3662 783 3729 loca.
832 3660 1047 3727 Probabilius
1069 3662 1178 3729 Weis-

17 3770 214 3836 senbornius
236 3769 389 3853 copulam
412 3768 543 3835 addidit
565 3769 840 3855 (apricosque)
863 3790 962 3853 quam
985 3771 1177 3854 superiores

46 4040 68 4107 ¹)
87 4039 151 4109 Cap.
175 4042 222 4105 36,
247 4043 264 4093 7
287 4040 363 4109 quod
388 4040 632 4095 Weissenbornius
656 4059 673 4094 a
697 4041 821 4111 Sauppio
843 4042 964 4111 sumpsit
987 4043 1056 4109 via,
1077 4041 1170 4111 expel-

84 4125 198 4179 lendum
221 4130 277 4191 sst;
299 4143 358 4180 non
381 4126 476 4194 agitur
498 4125 533 4180 de
557 4128 603 4180 via
623 4126 732 4181 lubrica
754 4127 846 4197 glacie
868 4126 956 4195 (nulla
982 4128 1058 4183 enim
1075 4128 1105 4182 ln
1122 4126 1170 4181 ll·

84 4210 162 4279 pium
184 4211 376 4266 cacuminibus
398 4215 427 4264 et
448 4211 522 4280 iugis
546 4211 592 4265 via
614 4212 700 4279 erat),
727 4212 777 4266 sed
799 4211 835 4268 de
856 4213 918 4283 ipsa
939 4212 1031 4282 glacie
1055 4212 1169 4267 lubrica

83 4294 203 4352 Litterae
219 4300 279 4351 uta
296 4301 367 4351 ortae
384 4296 517 4351 videntur
535 4315 569 4351 ex
587 4298 686 4352 vicinis
704 4288 789 4365 (erat
806 4297 967 4365 lubrica).
