2994 5108
218 471 281 526 Lib,
299 470 385 525 XXX.
765 461 827 519 424

220 644 381 726 collegae
403 662 553 722 nomen,
581 642 756 706 videndum
779 649 869 726 puto,
899 664 940 706 ne
962 663 1075 706 verum
1097 642 1141 706 sit
1162 639 1309 719 edidit;
1338 638 1374 703 id

220 753 305 816 enim
333 752 368 815 in
396 751 455 815 tali
483 749 623 814 hominis
651 751 874 816 nominatione
903 756 962 814 aut
989 749 1110 814 iudicio
1132 749 1180 814 rei
1202 748 1376 834 proprium

218 880 337 926 nomen
361 866 429 938 est3
451 858 546 923 dare
568 879 711 922 nomen
735 857 856 939 (suum)
880 858 976 922 aliter
999 857 1128 923 dicitur.

651 1048 743 1129 urb.
776 1047 947 1158 xxm)

305 1179 384 1265 Cap.
417 1187 448 1260 1,
491 1185 525 1244 9:
566 1181 790 1246 Ariminum
826 1202 910 1246 oum
945 1181 1101 1246 duabus
1136 1178 1375 1262 legionibus

219 1288 306 1370 (sub
325 1289 516 1353 Lucretio
535 1288 679 1372 Spurio
699 1310 750 1353 ere
772 1289 952 1371 fuerunt)
972 1288 1226 1366 Quinctilius
1243 1287 1375 1352 Varus

219 1403 280 1462 est
303 1397 488 1461 sortitus.
528 1396 705 1474 Restituto,
729 1397 817 1478 quod
841 1404 919 1461 ante
937 1398 985 1461 W.
1006 1396 1174 1475 edebatur,
1196 1395 1376 1472 fuerant,

218 1504 348 1584 deinde,
371 1504 527 1587 quoniam
550 1503 629 1568 ferri
652 1505 767 1586 nequit
789 1504 985 1569 Lucretio
1009 1504 1156 1587 Spurio
1175 1501 1253 1585 (vid.
1272 1520 1376 1585 supra

218 1637 250 1697 p.
265 1612 435 1677 377huius
453 1610 529 1692 ed),
553 1611 762 1676 scribendum
784 1611 913 1676 videtur
935 1620 1007 1676 sut:
1033 1612 1092 1695 Sp.
1110 1610 1298 1676 Lucretii
1321 1628 1376 1674 sae

218 1721 387 1804 fuerant
421 1724 494 1783 aut:
536 1719 606 1782 sub
641 1718 700 1801 Sp.
734 1718 925 1784 Lucretio
960 1742 1012 1784 eae
1046 1719 1083 1799 f,
1117 1725 1155 1783 ut
1188 1723 1268 1802 post
1300 1715 1374 1781 sub

219 1829 376 1894 exciderit
400 1825 469 1910 Sp,
493 1826 567 1891 dein
590 1847 691 1909 prauo
714 1828 787 1892 loeo
811 1827 1000 1911 suppletum
1023 1829 1075 1892 sit.
1120 1824 1244 1908 (1863.)

304 1934 383 2018 Cap.
406 1941 441 2014 4,
472 1939 490 1997 5
521 1934 592 2015 (ubi
621 1933 803 2016 legatorum
828 1935 1049 2000 Romanorum
1077 1933 1165 2018 apud
1190 1931 1376 2017 Syphacem

217 2065 327 2127 regem
351 2044 458 2108 oratio
480 2041 677 2123 indicatur):
711 2041 904 2121 Proinde,
935 2063 1004 2107 seu
1032 2043 1116 2126 ipsi
1139 2047 1274 2106 staret
1297 2041 1377 2105 iam

219 2151 428 2216 sententia
450 2170 520 2213 seu
544 2148 821 2214 consulendus
844 2150 1078 2214 Hasdrubal
1101 2156 1140 2214 et
1163 2146 1378 2232 Carthagi·

218 2261 381 2324 nienses
405 2263 552 2335 essent,
576 2256 824 2321 consuleret.
877 2257 971 2334 Quod
995 2279 1054 2340 pro
1077 2256 1216 2341 apodosi
1240 2257 1379 2340 ponitur

218 2365 467 2440 consuleret,
491 2365 588 2428 alteri
611 2371 740 2428 tantum
763 2365 946 2429 condicioni
968 2364 1177 2449 respondere,
1202 2365 1245 2429 ab
1268 2365 1381 2429 altera

220 2475 305 2554 (seu
339 2473 420 2555 ipsi
450 2479 489 2535 st.
520 2473 540 2535 i.
571 2471 611 2553 s.)
639 2493 773 2555 prorsus
803 2473 945 2537 alienum
975 2494 1045 2538 esse
1069 2472 1381 2538 Weissenbornium

134 2597 205 2667 (346)
224 2603 288 2646 non
310 2580 435 2644 fefellit.
493 2578 557 2642 Sed
585 2578 673 2662 quod
701 2581 843 2662 priorem
867 2581 1027 2662 apodosin
1051 2602 1091 2645 ex
1112 2579 1382 2664 praecedentibus

219 2690 287 2772 peti
310 2709 406 2771 posse
430 2693 536 2769 putat,
565 2686 598 2749 id
621 2688 654 2750 in
678 2687 740 2751 hac
763 2688 922 2752 orationis
946 2685 1052 2753 forma
1074 2687 1164 2771 (post
1186 2687 1382 2772 proinde)

247 2957 271 3024 ¹)
290 2958 323 3010 ln
349 2957 403 3010 hoo
431 2958 504 3009 libro
531 2957 623 3009 minus
650 2958 731 3025 plene
759 2963 886 3011 enotatas
914 2975 964 3011 nos
989 2959 1092 3013 habere
1116 2957 1220 3012 codicis
1244 2959 1267 3011 P
1287 2960 1381 3027 scrip·

287 3049 375 3108 turea,
404 3042 462 3094 dixi
490 3058 575 3110 supra
601 3041 638 3109 (p.
664 3042 732 3109 204).
783 3043 816 3096 ln
843 3044 940 3111 primis
968 3044 1033 3096 libri
1061 3044 1200 3112 capitibus
1228 3043 1385 3112 complura

287 3131 361 3192 sunt,
386 3144 448 3194 quae
467 3143 725 3191 commemorarem,
744 3128 798 3180 uisi
817 3128 937 3180 instituti
962 3129 1017 3182 mei
1035 3128 1109 3181 ratio
1129 3146 1174 3180 mo
1192 3129 1227 3180 ab
1245 3128 1292 3193 iis,
1313 3145 1382 3196 quse

287 3212 333 3263 alii
354 3212 407 3262 iam
427 3219 503 3271 recto
521 3212 762 3276 administrarunt,
782 3219 920 3265 avocaret.
958 3212 1021 3266 Duo
1041 3219 1137 3266 tamen
1156 3219 1261 3282 praeter
1281 3217 1386 3268 cetera

286 3295 405 3348 miratus
430 3314 503 3362 sum,
530 3296 649 3364 primum
674 3315 733 3364 cap.
754 3299 781 3362 2,
811 3301 820 3347 l
841 3315 892 3364 pro
915 3299 1072 3351 certissima
1098 3300 1151 3352 hac
1175 3298 1336 3367 scriptura,
1366 3316 1386 3354 a

287 3379 415 3433 Creverio
440 3381 569 3445 inventa,
594 3400 655 3449 quoe
673 3398 729 3435 una
747 3386 858 3435 tantum
876 3383 972 3436 littera
991 3401 1007 3436 a
1025 3383 1046 3434 P
1066 3383 1198 3436 discedit:
1226 3387 1262 3436 et
1287 3385 1385 3453 quis,

286 3482 325 3516 ne
358 3482 422 3531 qua
449 3464 685 3533 (quiantequu)
714 3467 842 3521 classis
870 3485 909 3520 cx
935 3467 1060 3522 Africa
1085 3469 1287 3535 traiiceret‚
1320 3469 1385 3524 xl.

287 3549 434 3601 navibus
476 3551 652 3602 custodiri
692 3551 885 3619 placuerat
921 3554 1057 3606 Siciliae
1094 3571 1199 3619 oram,
1240 3554 1385 3609 substitui

286 3634 412 3700 potuisse
435 3652 451 3685 a
468 3634 696 3688 Weissenbornio
722 3634 796 3701 (nam
816 3636 1022 3690 Alschefskium
1046 3656 1104 3691 non
1129 3638 1207 3703 curo)
1226 3638 1316 3694 hanc:
1348 3646 1386 3695 et

287 3718 379 3783 quia,
407 3723 588 3785 antequam
613 3720 737 3772 classis
756 3726 822 3786 oet,
843 3739 897 3788 qua
915 3722 985 3775 nihil
1004 3724 1161 3790 perversius
1181 3722 1253 3791 fingi
1271 3731 1385 3793 potest,

286 3819 368 3869 quarn
385 3802 520 3855 custodiri
535 3804 625 3856 iuberi
642 3821 727 3870 oram,
746 3811 896 3872 antequam
912 3806 1008 3860 hostes
1023 3808 1237 3876 aggrediantnr3
1260 3806 1385 3877 [omisso

285 3905 348 3939 cum
367 3885 508 3941 Gronovio
528 3894 644 3941 etanta
663 3891 741 3958 prius
761 3891 853 3957 quia,
883 3893 975 3945 oratio
1000 3895 1039 3946 sic
1065 3893 1296 3961 interpungenda
1322 3903 1384 3949 est:

286 3970 323 4023 In
352 3972 511 4025 Siciliam
539 4000 573 4010 —
598 3974 745 4040 scripta,
774 3976 855 4040 quia
876 4002 910 4011 —
935 3977 1063 4043 luerat,
1092 3982 1127 4031 ct
1155 3979 1249 4046 qnia,
1279 3997 1320 4032 ne
1346 4008 1385 4020 -

286 4073 389 4122 oram,
417 4057 588 4111 tredecim
610 4084 644 4093 —
667 4058 776 4123 duxit3
799 4066 927 4113 ceterae
957 4090 991 4113 -·.
1032 4062 1079 4114 Ita
1104 4063 1196 4116 omnis
1221 4062 1385 4120 difficultas

285 4138 418 4207 tolletur].
460 4142 588 4194 Alterum
606 4149 656 4208 est,
680 4160 702 4195 c.
723 4146 747 4209 3,
765 4146 783 4209 4
802 4145 896 4212 sperni
914 4147 1042 4213 potuisse
1062 4148 1232 4215 scripturam
1252 4149 1297 4201 ed.
1317 4149 1385 4205 Μο-

285 4228 374 4288 gunt:
405 4226 432 4277 si
460 4224 552 4279 forte
581 4227 644 4278 iam
672 4228 783 4280 satias
809 4231 934 4282 amoris
959 4232 992 4283 in
1016 4250 1124 4285 uxore
1149 4260 1184 4271 -
1208 4235 1385 4304 cepisset,

284 4307 397 4359 retineri
415 4311 505 4361 satis
524 4312 656 4365 amoris.
