2994 5108
619 463 679 524 583
1083 477 1145 531 Lib.
1164 477 1222 530 XL.

65 647 178 730 ades)
202 649 304 732 magis
328 669 425 730 quam
447 647 490 716 ad
512 648 640 729 reliqua
663 641 812 732 prodibis
836 651 1031 732 pertinebat.
1068 647 1132 714 Sed
1153 655 1226 714 tota

75 756 147 821 haec
169 757 338 821 sententiaa
362 757 487 840 species
510 756 739 839 interpolando
769 755 885 821 effecta
913 764 964 823 est
991 758 1080 843 apud
1102 758 1225 822 Frobe·

65 866 166 929 nium
189 864 231 947 (a.
258 869 349 944 1531,
373 887 438 929 non
461 888 481 929 a
505 864 669 944 (telonio),
704 865 736 928 in
766 865 908 947 editione
930 866 1124 949 Mogontina
1147 866 1225 930 scri-

75 973 181 1037 bitur:
212 973 529 1038 sacrificaretur
563 978 601 1036 et
635 973 872 1038 fulminibus
901 975 1110 1058 complura
1137 975 1226 1039 loca

77 1080 327 1146 deformaret
360 1081 479 1145 aedem
512 1081 630 1145 lovis.
676 1082 974 1165 Weissenborniue,
1003 1083 1134 1147 sublato
1170 1083 1226 1162 ob,

96 1189 137 1253 ed
171 1197 300 1255 retento
336 1189 578 1268 deformata,
608 1191 654 1253 sic
687 1190 804 1255 edidit:
840 1192 1164 1269 sacrificaretur,
1188 1196 1227 1256 et

95 1299 320 1363 nlminibus
355 1298 561 1381 complura
595 1299 684 1362 loca
719 1299 946 1364 deformata
981 1344 1031 1381 *Ἠ
1067 1299 1226 1363 excidisse

75 1407 237 1472 nonnulla
271 1408 452 1490 suspicans.
506 1405 634 1482 Quanto
670 1414 703 1471 et
732 1408 911 1491 simplicius
940 1415 974 1472 et
1000 1409 1123 1472 rectius
1157 1414 1228 1471 erat

77 1516 180 1580 verba
201 1522 323 1579 temere
347 1536 367 1578 a
389 1515 525 1578 librario
550 1536 566 1578 e
591 1513 638 1596 §3
663 1513 1000 1597 (fulminibusque
1020 1501 1228 1599 comp'lura

69 1623 168 1688 'loca
191 1623 447 1701 deformavit,
472 1623 589 1686 aedem
612 1623 720 1687 lovis
744 1623 984 1702 Tarracinae,
1009 1624 1128 1689 aedem
1151 1622 1226 1705 cet.)

69 1732 222 1819 ‘repetita
234 1731 350 1795 tollere
366 1731 590 1814 seribereqne:
605 1740 643 1796 et
661 1739 704 1796 ut
722 1732 974 1815 supplicatio
993 1732 1097 1796 diem
1110 1753 1159 1794 nn
1168 1751 1228 1794 um

70 1847 199 1905 esset.
246 1839 420 1903 Permultis
450 1840 529 1903 locis
564 1840 611 1903 sic
645 1840 869 1922 prodigiorum
903 1862 1003 1904 eausa
1031 1839 1226 1924 supplicatio

75 1947 196 2013 habita
219 1948 354 2026 dicitur,
378 1948 497 2011 nullius
532 1949 612 2011 certi
643 1948 696 2011 dei
718 1949 848 2012 nomine
871 1950 992 2031 posite,
1017 1948 1105 2013 velut
1127 1946 1228 2026 XLII,

69 2059 131 2136 20,
155 2061 174 2119 6
201 2054 255 2137 (et
276 2057 530 2140 supplicatio
564 2077 679 2119 unum
703 2056 805 2121 diem
831 2055 1025 2139 feriaeque
1053 2055 1226 2138 habita).

79 2163 179 2229 initio
203 2165 330 2247 capitis,
354 2165 411 2227 ubi
434 2165 582 2246 ineptum
605 2170 655 2228 est
673 2164 864 2229 adverbium
882 2172 972 2244 tum,
990 2164 1131 2230 fortasse
1149 2165 1228 2230 sori-

78 2273 225 2338 bendum
248 2280 313 2337 est:
338 2273 506 2336 arbores
531 2271 647 2351 (hiems
671 2272 767 2353 saeva)
789 2274 1014 2339 —deussit
1038 2281 1222 2353 cunctas,
1241 2285 1312 2357 (477)

69 2381 193 2443 -atlan
217 2381 435 2464 aliquanto
466 2402 579 2463 quarn
607 2381 714 2445 alias
743 2381 905 2465 longior
927 2383 1014 2446 fuit.
1058 2382 1097 2447 ld
1120 2403 1227 2447 acces-

80 2490 124 2555 sit
147 2489 190 2554 ad
212 2490 417 2569 saevitiam.¹)

167 2596 244 2681 Cap.
268 2603 319 2677 lo,
349 2603 367 2661 6
397 2606 511 2680 aperto
539 2598 656 2662 lacuna
678 2599 711 2661 in
734 2598 819 2662 hanc
842 2600 981 2663 formam
1008 2599 1087 2681 (non
1114 2600 1228 2682 utique

63 2704 130 2771 ,his
143 2705 267 2786 verbis)
287 2706 448 2788 explenda
466 2715 528 2770 est:
553 2728 635 2788 quae
659 2707 901 2786 dicerentur,
919 2709 999 2772 nisi
1016 2713 1229 2791 praestaret

71 2833 129 2879 *ee
163 2835 493 2892 commemorare,
522 2836 605 2895 quae
628 2816 818 2897 mitigare
842 2837 909 2879 vos
932 2816 1112 2898 possint3
1147 2815 1228 2879 nisi
1329 2820 1333 2833 ¹

61 2920 190 2990 :forte
213 2923 500 3005 implacabiles
535 2923 696 2987 furores
722 2923 764 3003 (l)
799 2924 1113 3006 implicaverunt
1140 2923 1228 2986 ani-

76 3054 164 3100 mos
200 3039 371 3096 vestros.
403 3029 418 3112 ἓ
445 3037 492 3108 14,
517 3032 572 3096 ubi
601 3030 737 3095 offendit
760 3031 904 3095 nonnihil
927 3032 1104 3114 repetitum
1133 3051 1227 3114 que-

72 3149 234 3209 stus-
256 3142 383 3223 queri,
414 3140 589 3204 videndum
612 3146 661 3203 est
689 3161 729 3204 ne
760 3141 809 3204 sic
842 3139 941 3203 scribi
966 3138 1099 3204 debeat:
1133 3138 1227 3203 inde

60 3249 261 3316 ,Emilius
295 3246 411 3330 q'uum
435 3248 526 3321 alia,
551 3249 716 3312 tumbis
740 3283 781 3292 -
809 3269 849 3311 se
873 3253 988 3312 certo
1012 3247 1227 3312 consulatu

98 3547 129 3615 ²)
148 3547 280 3600 Proximo
310 3545 403 3614 capite
432 3545 484 3612 (46,
504 3545 546 3612 16)
565 3546 594 3599 in
620 3545 663 3598 his
689 3543 784 3598 verbis
814 3541 859 3611 (de
887 3543 1048 3599 censoribus
1065 3542 1181 3596 AEmilio
1200 3549 1229 3596 et

143 3634 249 3687 Fulvio
268 3634 298 3687 in
316 3632 437 3701 gratiam
455 3630 603 3696 reductis):
627 3629 789 3682 Omnibus
816 3629 1043 3695 instantibus,
1072 3629 1127 3696 qni
1146 3628 1225 3684 adc-

145 3725 244 3785 rant,
263 3720 427 3773 dexteras
446 3717 619 3784 fidemque
643 3715 782 3781 dedere,
801 3715 944 3768 mittere
967 3731 1049 3768 vere
1067 3731 1104 3768 ac
1122 3713 1227 3768 finire

142 3807 275 3872 rodium,
293 3821 384 3873 neque
404 3803 519 3855 omissio
538 3801 710 3869 pronominis
729 3799 845 3866 (fidem
864 3800 904 3855 do
922 3800 1047 3866 facere)
1066 3800 1159 3870 placet
1176 3818 1225 3854 ne·

140 3909 203 3960 -qna
230 3892 369 3944 mittere
398 3888 511 3941 odium
536 3904 627 3955 neque
654 3885 816 3939 adverbium
843 3903 933 3952 vere;
960 3885 1040 3940 nulle
1065 3887 1140 3940 enim
1166 3890 1229 3939 erat

139 3994 233 4033 causa
251 3977 286 4032 de
305 3975 436 4030 simulata
455 3974 512 4026 odii
532 3972 696 4026 remissione
714 3970 866 4040 cogitandi.
895 3970 1037 4026 correctio
1051 3971 1161 4026 incerta
1175 3975 1227 4039 eet,

146 4063 202 4119 nisi
222 4062 297 4130 qnod
315 4061 492 4114 remittere
512 4077 545 4112 se
564 4057 836 4126 scripsisse·Lirinm
853 4074 989 4126 perquam
1011 4057 1157 4126 probabile
1176 4062 1227 4111 eet.

139 4149 355 4218 (Remittero
383 4164 415 4200 se
443 4147 524 4209 irae,
544 4143 651 4197 finire
679 4142 825 4209 odiumr)
845 4142 1082 4212 [Wesenbergius:
1110 4144 1227 4197 remit·
1260 4148 1271 4164 ‘

139 4241 220 4290 tere
240 4253 272 4289 se
292 4252 329 4288 ac
347 4233 454 4287 finire
475 4227 612 4297 odium]
