2994 5108
215 505 277 558 Lib.
296 504 391 559 XLIV.
760 494 822 555 700

59 700 63 710 ·
179 753 180 756 Ἴ
216 677 393 743 Tollendus
416 678 534 744 deinde
559 678 612 762 §6
636 680 670 744 in
692 680 822 744 nomine
845 680 980 763 proprio
996 679 1103 760 gravis
1128 699 1233 741 error:
1256 675 1363 741 Nunc

218 793 313 869 post
347 787 411 851 die
446 787 557 866 (lembi
586 789 617 852 in
641 787 868 852 Macedoniam
891 788 994 868 missi)
1023 786 1071 851 ad
1099 786 1272 851 classem
1294 786 1363 848 iam

218 895 265 963 ad
290 894 449 977 Sigeum
473 903 649 961 stantem
673 896 896 961 redierunt.
932 895 1029 960 Inde
1048 894 1200 960 Subota
1222 892 1367 973 (insula

218 1005 443 1070 interiecta
466 1012 530 1070 est
552 1004 670 1069 Elaeae
700 1010 738 1069 et
765 1003 881 1085 Atho)
911 1004 1144 1070 traiiciunt.
1190 1001 1367 1066 Perversis-

218 1116 298 1178 sime
322 1113 521 1178 Subotcrum
545 1114 629 1178 situs
653 1112 807 1178 definitur
827 1114 913 1178 inter
936 1113 999 1178 duc
1022 1112 1094 1176 loca
1122 1112 1293 1175 minimum
1315 1110 1369 1173 tri·

220 1224 312 1305 ginta
333 1222 489 1286 milliaria
511 1221 773 1304 geographorum
801 1242 962 1287 mensurae
990 1221 1164 1297 distantia,
1193 1221 1371 1300 interque

133 1331 207 1402 (581)
227 1330 352 1395 Lesbus
375 1336 409 1395 et
431 1329 573 1395 Lemnus
596 1330 774 1395 interiecta
797 1337 904 1409 erant,
933 1351 1033 1413 quum
1060 1329 1242 1412 prasertim
1265 1349 1305 1390 ex
1326 1328 1373 1406 iis,

220 1460 292 1522 qua
315 1445 513 1521 sequuntur,
548 1444 723 1521 appareat,
758 1460 798 1502 ex
832 1438 965 1521 specula
999 1435 1197 1502 Subotorum
1231 1435 1373 1517 conspici

220 1548 369 1632 potuisse
392 1568 492 1612 naves
516 1546 606 1611 Elaea
627 1546 774 1623 Phanas,
799 1546 954 1640 Chiorum
977 1546 1240 1628 promuntorium
1263 1551 1374 1627 peten-

221 1663 280 1720 tes.
325 1654 362 1718 In
387 1655 498 1719 codice
522 1654 678 1719 scribitur
701 1653 921 1732 Eleaeetho,
945 1675 984 1718 ex
1008 1675 1071 1735 quo
1095 1652 1238 1718 efficitur
1261 1651 1373 1715 Elea

222 1770 261 1827 et
288 1762 386 1825 cllo.
431 1763 464 1826 Is
489 1763 571 1827 situs
594 1763 711 1827 insulae
738 1764 802 1844 toti
824 1763 1008 1828 narrationi
1032 1762 1227 1841 convenit.¹)
1274 1758 1375 1823 Paulo

200 1868 299 1954 'post
321 1869 352 1954 (ἓ
380 1872 430 1952 10)
455 1871 562 1935 oratio
587 1871 634 1934 sic
657 1871 918 1954 interpungenda
948 1878 1012 1936 est:
1047 1869 1124 1936 Sed
1154 1891 1274 1952 quum
1302 1868 1375 1932 iam

223 1979 815 2063 appropinquantiumforma
854 1979 1076 2044 lemborum
1110 1977 1219 2043 haud
1255 1975 1377 2041 dubia

224 2094 350 2166 esset,
381 2122 418 2131 -
454 2095 549 2152 tunc
583 2088 737 2152 iniecta
769 2088 1001 2171 trepidatio
1035 2094 1108 2152 est.
1155 2085 1232 2168 (Hic
1255 2086 1377 2169 primus

223 2196 423 2261 narrationis
447 2196 540 2277 quasi
563 2196 685 2278 gradus
708 2203 770 2261 est.
799 2195 971 2295 ⁸Sequitur
992 2195 1224 2279 trepidationis
1248 2193 1378 2273 exitus.)

225 2303 350 2381 Quum
370 2292 599 2368 'resistendi
623 2325 715 2387 spes
738 2304 852 2369 nulla
875 2310 1003 2381 esset,
1027 2302 1295 2385 inhabilique
1319 2321 1379 2365 na·

225 2413 329 2476 vium
351 2432 498 2493 genere
533 2418 573 2477 et
596 2411 729 2477 Gallis
759 2415 823 2477 vix
856 2414 1036 2495 quietern
1070 2411 1308 2476 ferentibus
1341 2410 1379 2473 in

226 2520 342 2597 mari,
376 2540 469 2601 pars
493 2541 630 2584 eorum
658 2555 700 2565 —
734 2523 772 2584 in
796 2521 1050 2603 Erythraeam
1073 2529 1265 2598 enarunt,
1289 2538 1380 2602 pars

227 2636 287 2693 cet.
333 2627 415 2691 Tum
440 2625 455 2709 ξ
482 2633 520 2692 13
554 2629 588 2692 in
622 2627 734 2693 codice
765 2637 829 2693 est:
864 2628 1110 2694 Clauserunt
1144 2629 1248 2693 enim
1283 2626 1380 2692 Chic

227 2730 515 2820 partasignari
540 2745 599 2799 cet.
648 2736 877 2800 Scribendnni:
914 2737 967 2801 Cl.
992 2737 1092 2800 enim
1123 2733 1215 2800 Chii
1240 2744 1379 2819 portas

229 2848 305 2925 (non
329 2846 510 2928 portam),
536 2845 680 2925 ignari,
705 2847 771 2927 qui
795 2845 985 2927 fugerent
1009 2854 1079 2909 aut
1101 2855 1378 2927 sequerentur.

227 2952 310 3016 Nam
340 2950 411 3015 Chii
441 2953 585 3034 periculo
619 2954 726 3015 territi
762 2975 872 3017 cinnes
907 2954 999 3017 urhis
1033 2960 1149 3036 portas
1186 2954 1379 3026 clauserunt,

228 3060 314 3124 Galli
349 3068 424 3123 ante
460 3081 572 3135 unam,
601 3081 699 3142 quam
723 3062 901 3142 petierant,
933 3061 1054 3125 exclusi
1079 3069 1165 3126 sunt.
1213 3062 1379 3126 Postremo

227 3167 307 3249 §16
343 3189 443 3248 quum
478 3170 511 3231 in
546 3169 657 3231 codice
691 3172 749 3234 sit:
785 3192 852 3253 spe
887 3170 1066 3234 celerius
1100 3172 1307 3252 ingressis
1340 3191 1379 3233 ex

227 3276 380 3352 lembis,
406 3276 504 3340 scribi
523 3277 634 3341 debet:
659 3300 731 3361 spe
755 3279 937 3342 celerius
955 3280 1159 3359 regressis
1178 3279 1207 3343 X
1227 3279 1379 3353 lembis,

228 3405 307 3458 non,
331 3392 366 3447 ut
390 3385 547 3466 Grynaeus
570 3385 649 3449 fecit
672 3389 836 3470 ceterique
860 3395 1049 3465 tenuerunt,
1080 3389 1273 3465 reversis,
1297 3385 1379 3469 quod

229 3493 437 3573 participium
460 3493 547 3574 apud
566 3494 691 3558 Livium
714 3495 776 3559 hoc
800 3518 864 3560 uno
887 3496 958 3559 loco
978 3495 1042 3577 legi
1062 3494 1171 3558 credo.
1209 3493 1378 3577 [xxxva

229 3604 277 3679 24,
302 3603 320 3661 9
344 3600 525 3664 deteriores
548 3605 704 3666 reversi
728 3604 872 3682 habent,
896 3604 930 3667 hl
952 3610 986 3668 et
1009 3602 1035 3666 B
1058 3605 1247 3686 revecti]

315 3706 391 3789 Cap.
419 3713 467 3785 29,
492 3714 525 3771 2:
561 3710 704 3792 ltaque
738 3713 927 3793 permixti
958 3710 1209 3795 Romanique
1242 3721 1283 3778 et
1312 3712 1378 3776 hla-

229 3816 403 3879 cedones
427 3825 467 3879 et
491 3817 679 3882 Eumenis
703 3820 873 3884 navales
899 3822 1004 3884 socii
1022 3822 1061 3884 in
1084 3823 1249 3904 templo,
1275 3821 1378 3885 indu·

229 3924 308 3987 tias
332 3924 530 4005 religione
560 3926 640 3988 loci
670 3927 889 4008 praebente,
922 3929 1210 3993 versabantur.
1259 3929 1377 3994 Cc’dex:

256 4195 276 4254 ¹)
296 4194 376 4260 Quod
404 4211 491 4262 nuper
519 4203 657 4250 tentatum
686 4200 777 4267 video,
807 4200 910 4254 Elaeae
929 4207 961 4253 et
979 4203 1082 4267 Assc,
1113 4220 1204 4271 neque
1230 4205 1300 4256 situs
1318 4219 1376 4255 con·

298 4280 376 4331 venit
396 4279 497 4340 {Lesbo
517 4283 675 4346 interiecta)
703 4302 792 4352 neque
816 4287 921 4340 codicis
945 4287 1063 4353 vestigia
1083 4286 1265 4341 confirmant.
1301 4288 1379 4341 Recte

299 4369 390 4416 tamen
410 4366 539 4418 ruendum
560 4367 782 4425 animadversum
803 4378 851 4424 est.
