2994 5108
777 461 840 521 244

232 646 309 711 libri
337 645 415 710 XXI
448 646 490 711 ab
523 646 619 711 initio
653 652 687 711 et
713 645 791 710 libri
818 644 910 709 XXX
940 646 1077 710 extremi
1105 665 1181 730 pars
1210 643 1324 728 eliqua
1351 644 1385 709 in

230 755 399 821 Puteaneo
433 755 542 834 deest,
576 775 649 838 quae
682 755 716 818 in
749 755 868 819 ceteris
902 753 1071 819 codicibus
1100 761 1151 818 est
1179 751 1256 835 (etsi
1286 752 1386 818 etiem

229 863 314 928 Med.
338 865 373 928 in
402 863 466 929 fine
494 863 631 928 mutilus
660 862 739 945 est),
773 869 913 946 apparet
940 869 1017 947 post
1045 862 1174 928 codices
1203 860 1287 926 alios
1309 860 1386 926 inde

233 972 417 1056 descriptos
440 973 548 1056 prima
570 977 604 1036 et
626 977 772 1037 extrema
793 971 883 1051 folia,
906 977 945 1036 ut
965 961 1013 1052 iit,
1036 991 1115 1036 casu
1132 977 1166 1035 et
1182 969 1388 1053 neglegentia

232 1086 292 1146 aut
313 1082 344 1145 vi
368 1081 508 1164 denique
531 1079 747 1146 intercidisse.
795 1078 858 1162 [De
881 1079 1078 1162 antiquioris
1102 1077 1237 1162 originis
1257 1076 1387 1143 lacunis

231 1195 266 1254 et
298 1190 555 1273 transpositione
589 1187 702 1273 aliqua
737 1188 843 1253 dicam
877 1188 977 1273 paulo
1012 1185 1112 1273 post]
1167 1187 1301 1268 Itaque,
1333 1184 1387 1250 his

230 1296 381 1379 partibus
406 1299 567 1381 exeeptis,
602 1297 788 1379 ubicunque
818 1296 858 1361 de
887 1297 1012 1362 codicis
1035 1295 1196 1361 Puteanei
1220 1294 1388 1380 scriptura

232 1410 374 1484 constat,
409 1406 443 1470 in
472 1407 618 1491 quinque
649 1405 781 1490 quidem
809 1404 976 1489 prioribus
1005 1404 1102 1470 huius
1132 1403 1266 1469 decadis
1288 1403 1385 1469 libris

232 1512 275 1577 ad
304 1534 377 1578 eum
400 1535 515 1595 unum,
550 1515 668 1579 ceteris
693 1513 859 1593 omnibus,
894 1515 994 1579 etiam
1016 1513 1162 1596 antIquis
1186 1518 1219 1577 et
1240 1510 1386 1595 reliquo-

231 1643 305 1685 rum
344 1621 449 1687 turbae
487 1622 585 1706 longe
618 1623 869 1707 praestantibus,
909 1620 1125 1706 posthabitis,
1165 1621 1270 1686 omnis
1302 1640 1387 1686 rerae

233 1730 405 1813 scriptura>
433 1732 636 1796 existimatio
659 1739 692 1794 et
715 1730 891 1814 exquisitio
918 1730 1092 1795 referenda
1120 1736 1171 1794 est
1199 1729 1277 1809 (uisi
1298 1727 1386 1794 forte

233 1838 312 1921 quid
352 1839 430 1904 olim
468 1840 502 1903 iu
535 1860 573 1905 eo
606 1841 814 1923 perspicuum
847 1860 934 1904 nunc
967 1837 1128 1920 evanuit),
1167 1839 1201 1902 in
1235 1838 1384 1921 quinque

228 1947 469 2029 posterioribus
493 1968 633 2027 cumea,
657 1968 731 2032 quse
747 1968 823 2012 mex
840 1947 1158 2025 commemorabitur,
1180 1946 1385 2030 exceptione.

228 2052 315 2119 Usus
350 2062 399 2119 est
432 2062 542 2121 autem
570 2057 695 2141 primus
725 2077 764 2122 eo
794 2056 907 2122 codiee
935 2054 981 2121 Io.
1013 2055 1066 2119 Fr.
1097 2053 1283 2120 Gronovius
1311 2075 1385 2120 cum

230 2184 357 2229 summo
387 2163 470 2228 Livii
504 2163 627 2245 fructu,
660 2163 809 2229 adhibito
842 2163 963 2246 ingenii
992 2163 1158 2241 acumine,
1194 2162 1254 2228 sed
1282 2163 1384 2248 scrip·

230 2279 324 2335 turas
353 2271 443 2336 illius
471 2273 579 2337 aetatis
602 2293 704 2352 more,
739 2294 838 2357 quum
867 2273 952 2356 ipse,
985 2279 1023 2336 ut
1049 2273 1083 2336 iu
1112 2270 1306 2354 praefatione
1335 2278 1385 2336 te·

233 2383 356 2457 statur,
389 2379 514 2444 nullum
548 2402 614 2447 non
649 2381 775 2464 apicem
808 2386 1001 2464 persecutus
1036 2385 1139 2460 esset,
1172 2385 1303 2445 tantum
1330 2400 1385 2445 ex-

229 2492 368 2568 cerptas,
398 2509 414 2550 e
438 2488 556 2570 quibus
578 2490 648 2572 ipse
671 2489 918 2554 emendationes
941 2489 1211 2572 suspicionesque
1234 2487 1386 2568 duxerat,

228 2593 399 2677 evulgavit.
450 2595 587 2661 Addidit
613 2618 738 2682 paucas
767 2595 1058 2662 Drakenborchius
1088 2618 1108 2661 a
1138 2595 1277 2661 Sellerio
1306 2595 1385 2662 sub·

227 2703 441 2784 ministratas,
460 2706 619 2787 quasdam
631 2704 812 2785 Creverius,
830 2711 946 2770 neuter
966 2707 1034 2770 sine
1053 2705 1230 2770 erroribus.
1259 2704 1385 2770 Nostro

227 2816 337 2874 autem
360 2818 508 2895 tempore
532 2835 660 2878 omnem
685 2814 856 2897 scripturae
878 2815 1071 2878 varietatem
1088 2815 1123 2877 in
1139 2812 1247 2878 tribus
1267 2813 1385 2897 primis

227 2917 321 2983 libris
360 2918 583 2986 Alschefskius
622 2943 642 2985 a
676 2943 711 2986 se
752 2928 920 2986 enotatam
960 2921 1064 2985 edidit
1104 2920 1200 3003 (satis
1239 2920 1387 2986 molesta

226 3025 362 3108 forma),
391 3029 424 3091 in
449 3050 505 3093 sex
528 3030 685 3112 proximis
709 3028 744 3109 (a
767 3028 872 3092 XXIV
896 3030 938 3094 ad
961 3028 1098 3110 XXIX),
1129 3050 1149 3093 a
1172 3028 1209 3094 G.
1233 3028 1384 3096 Beckero

228 3134 401 3218 diligenter
435 3137 649 3220 descriptam,
683 3137 984 3217 Weissenbornius;
1019 3138 1052 3201 iu
1088 3137 1173 3202 libro
1205 3136 1298 3201 XXX
1327 3137 1386 3203 Al-

227 3243 425 3323 schefskius,
459 3266 559 3326 quum
594 3266 668 3309 eum
696 3245 816 3310 librum
839 3246 1017 3329 separatim
1041 3246 1168 3326 ederet,
1201 3268 1283 3311 usus
1313 3254 1387 3313 erat

227 3352 398 3433 scripturis
437 3352 479 3417 ab
514 3352 550 3416 Ε.
585 3352 713 3418 Millero
748 3355 890 3418 enotatis
924 3375 1047 3437 easque
1080 3355 1385 3421 incommodissime

227 3457 407 3542 discerptas
440 3483 507 3524 non
540 3483 652 3525 omues
681 3461 798 3539 edidit,
832 3462 997 3545 supplevit
1026 3468 1138 3527 autem
1165 3469 1285 3546 postea
1313 3465 1384 3548 ipse

228 3567 378 3650 quiedam
412 3574 446 3632 et
469 3569 621 3649 correxit,
651 3590 721 3650 quae
742 3569 1028 3636 ll'eissenboruius
1050 3571 1099 3635 ita
1123 3572 1323 3654 compesuit,
1346 3579 1386 3638 ut

227 3684 338 3740 tamen
361 3676 488 3759 aliquid
509 3677 543 3740 iu
565 3676 628 3741 hoe
649 3676 734 3742 libro
758 3676 801 3741 ad
825 3678 954 3762 plenam
977 3679 1198 3762 cognitionem
1222 3678 1356 3763 desit.¹)

315 3782 444 3849 Desunt
471 3804 572 3862 nunc,
607 3793 644 3848 ut
670 3786 736 3848 iam
765 3786 846 3866 dixi,
881 3786 1004 3851 codicis
1032 3787 1057 3851 P
1085 3784 1166 3851 folia
1194 3787 1327 3872 aliquot
1351 3789 1387 3854 in

225 3892 318 3957 initio
343 3901 375 3957 et
398 3892 471 3970 fine,
493 3893 527 3956 in
550 3892 668 3974 quibus
693 3901 786 3957 erant
803 3894 879 3958 libri
891 3894 968 3958 XXI
980 3897 1089 3979 capita
1106 3894 1332 3980 quadraginta
1349 3903 1384 3963 et

225 4021 302 4083 pars
331 4001 571 4083 quadragesimi
600 4001 712 4083 primi,
743 4002 806 4066 nisi
835 4002 923 4086 quod
952 4003 1016 4068 duo
1039 4001 1120 4069 folia
1142 4013 1384 4088 remansemmt,

227 4129 300 4191 quse
331 4111 499 4173 continent
528 4131 553 4173 e.
578 4113 632 4187 20,
661 4114 680 4172 8
711 4109 752 4173 ad
777 4115 832 4185 21,
866 4115 903 4175 13
933 4119 966 4177 et
995 4133 1021 4176 c.
1046 4117 1101 4193 29,
1132 4112 1219 4177 (iad
1242 4117 1300 4196 30,
1332 4120 1383 4194 ll,

225 4216 300 4279 libri
324 4224 431 4281 autem
455 4217 546 4279 XXX
569 4239 647 4299 pars
670 4218 737 4281 fere
761 4221 859 4283 tertia
883 4240 903 4283 a
926 4241 952 4284 c.
979 4225 1028 4300 30,
1056 4226 1103 4295 14,
1127 4221 1191 4286 nisi
1215 4222 1307 4305 quod
1329 4223 1384 4288 hic

256 4407 277 4472 ¹)
299 4404 373 4475 [Csr.,
391 4423 453 4476 quae
472 4409 602 4478 exposuit
620 4410 797 4466 Woelfflinus
815 4412 926 4467 Hermae
943 4412 999 4466 vol.
1018 4412 1085 4468 VIII
1102 4431 1129 4483 p.
1150 4415 1200 4470 361
1220 4412 1295 4485 sqq]
