2994 5108
668 455 730 515 497
1068 466 1131 521 Lib.
1149 467 1273 521 mlv.

120 642 273 721 coniungi
302 647 419 705 vetus
443 642 571 723 regia,
606 642 700 724 quasi
723 641 789 704 sint
811 640 901 721 leges
924 641 1021 722 regiae
1045 661 1110 704 uon
1132 647 1274 719 vetercs;

117 755 281 823 vetustas,
317 769 421 830 eaque
450 769 592 825 summa,
626 748 766 812 indicari
795 746 894 812 debet
924 746 994 811 solo
1017 748 1114 829 regiae
1137 756 1194 812 aut
1219 748 1273 811 de-

119 855 303 920 cemviralis
327 855 408 937 legis
431 857 572 921 nomine.
619 854 725 919 Scribi
748 856 849 937 igitur
867 855 1008 937 primum
1027 854 1141 920 debet:
1170 890 1212 899 —
1229 877 1275 920 ex

120 969 213 1027 utro
256 961 421 1026 tandem
454 984 604 1045 genere
639 983 683 1027 ea
716 963 780 1026 lex
814 983 904 1026 esse
938 962 1116 1041 videtur,
1157 983 1274 1046 quam

120 1070 393 1153 abrogamus?
435 1089 540 1146 quan
575 1070 719 1134 vetus?
760 1069 887 1151 Regia
920 1067 996 1144 lex,
1021 1069 1156 1137 ¹simul
1190 1090 1275 1135 cum

121 1179 210 1261 ipsa
231 1176 331 1242 urbe
353 1184 450 1242 nata
472 1185 560 1257 aut,
585 1177 690 1260 quod
713 1175 930 1241 secuudum
952 1183 1028 1255 est,
1052 1177 1101 1243 ab
1126 1177 1277 1242 decem·

121 1286 219 1351 viris
243 1291 304 1350 cet.
351 1283 478 1350 Ironice
500 1286 730 1368 respondetur.
777 1283 841 1349 Sed
865 1285 1126 1351 emendationem
1149 1286 1197 1350 ita
1219 1286 1276 1350 ab·

120 1391 264 1457 solutam
286 1413 353 1457 non
376 1392 492 1471 credo,
523 1414 600 1458 nam
623 1399 655 1457 et
679 1393 712 1455 in
735 1392 963 1474 respondendo
986 1393 1134 1457 abundat
1156 1392 1220 1458 lea
1243 1402 1277 1458 et

120 1499 332 1565 desideratur
362 1521 423 1564 vox
444 1500 584 1564 ironiam
607 1506 725 1565 notans
749 1499 898 1581 (Regia,
927 1500 1049 1565 credo
1073 1500 1160 1581 cet).
1210 1502 1277 1566 Ita·

122 1627 184 1689 que
206 1606 333 1672 Livium
354 1607 525 1689 scripsisse
549 1608 680 1690 opinor:
711 1606 836 1689 Regia
858 1606 1023 1686 scilicet,
1048 1607 1167 1672 simul
1189 1629 1272 1673 cum
1291 1626 1362 1693 (398)

124 1714 214 1797 ipsa
252 1714 350 1779 urbe
390 1720 487 1779 nata
525 1721 585 1778 cet.
649 1712 841 1796 [Seyffertus
881 1715 1112 1796 interrogative
1146 1716 1274 1799 accipit,

124 1820 299 1904 Regiane
332 1822 398 1886 lex
432 1821 605 1904 scribens]
661 1821 765 1886 Paulo
795 1828 872 1904 post
900 1820 930 1903 (ξ
961 1820 1031 1902 10),
1065 1822 1121 1888 ubi
1150 1823 1273 1888 editur:

124 1927 220 1993 Nam
254 1929 287 1993 si
322 1931 403 1994 ista
436 1931 503 1994 lex
536 1928 630 1994 ideo
665 1929 750 1993 lata
789 1936 900 1993 esset-
934 1937 1010 2009 cet,
1046 1932 1203 2013 quoniam
1242 1938 1276 1997 et

125 2034 150 2098 B
184 2042 218 2101 et
256 2036 407 2120 vulgares
445 2038 573 2103 codices
613 2034 930 2117 (Drakenborchiani
970 2044 1111 2120 septem,
1150 2047 1275 2105 cetero·

122 2164 196 2207 rum
224 2144 372 2227 vestigiis
400 2143 487 2209 idem
517 2142 789 2227 significantibus)
821 2142 959 2209 habent:
994 2144 1091 2210 Nam
1124 2147 1158 2211 si
1190 2148 1277 2212 ista

119 2251 187 2316 lex
215 2258 284 2317 aut
311 2252 401 2317 ideo
430 2252 515 2316 lata
544 2259 651 2316 esset
680 2258 759 2327 cet,
793 2251 905 2315 Livius
934 2253 1103 2335 scripsisse
1130 2254 1275 2320 videtur:

116 2358 217 2425 Nam
256 2362 289 2425 si
329 2361 414 2424 ista
447 2360 514 2424 lea
553 2367 624 2423 aut
663 2358 821 2434 antiqua
860 2367 922 2421 aut
961 2360 1051 2426 ideo
1091 2361 1177 2426 lata
1216 2384 1277 2427 es·

117 2474 185 2532 set
219 2475 281 2533 cet.
338 2466 478 2531 Inferius
508 2463 539 2548 (ξ
571 2468 639 2546 15),
676 2467 733 2530 ubi
764 2467 1062 2534 scribiturzfflali
1090 2476 1277 2553 tempore

107 2576 162 2640 in
200 2575 366 2640 luxuria
405 2582 445 2639 et
484 2563 632 2639 ornatu
671 2581 863 2640 mat-rouae
898 2585 1108 2659 occupatae
1142 2585 1277 2656 erant,

106 2690 166 2748 'nt
194 2682 244 2747 ad
272 2703 355 2747 eam
379 2682 647 2747 coercendam
675 2682 737 2747 lex
761 2682 891 2766 Oppia
919 2683 1160 2750 desiderata
1188 2686 1276 2763 siti,

93 2790 156 2856 in
176 2790 291 2855 codice
308 2789 543 2873 Bambergensi
562 2791 690 2855 inverso
709 2789 822 2855 ordine
840 2797 891 2855 est
908 2789 1037 2874 Oppia
1052 2791 1131 2872 lex;
1149 2793 1276 2871 vellem,

91 2899 246 2964 omisso
269 2898 408 2975 nomine,
437 2897 651 2962 scriberetur:
675 2903 716 2961 ut
740 2897 787 2961 ad
816 2919 898 2961 eam
927 2899 1191 2963 coercendam
1214 2899 1279 2965 lex

92 3004 362 3071 ‹lesiderata
401 3006 476 3069 sit?
531 3004 649 3069 Melior
682 3005 766 3069 enim
800 3004 894 3070 fieret
926 3007 1104 3084 sententia,
1143 3008 1277 3073 notione

85 3111 272 3197 generali
293 3113 411 3195 posita.

211 3216 292 3303 Cap.
317 3224 351 3299 7,
380 3223 457 3284 tet
480 3223 512 3282 3:
547 3217 611 3283 hic
633 3220 761 3284 Romae
791 3219 932 3285 infimo
961 3223 1116 3303 generi,
1151 3225 1279 3305 magi·

74 3328 224 3394 stris
259 3327 457 3405 vicorum,
489 3335 592 3410 toga*
626 3334 831 3410 prmtextae
864 3328 1059 3395 habendae
1093 3330 1155 3395 ius
1190 3350 1280 3413 per·
1348 3342 1350 3346 ’

71 3435 343 3513 {mittimus
376 3454 447 3499 uec
481 3440 524 3498 ut
557 3435 636 3497 vivi
670 3435 800 3500 solum
828 3435 1006 3501 habeant
1033 3444 1190 3502 tantum
1218 3439 1279 3501 in·

69 3546 260 3628 Qigne,
299 3542 368 3607 sed
407 3543 531 3607 etiam
571 3549 613 3606 ut
652 3561 738 3606 cum
776 3563 820 3606 co
855 3551 1084 3609 crementur
1118 3547 1278 3609 mortui.

73 3638 199 3717 an
229 3655 340 3733 potest
365 3656 523 3714 tantum
552 3669 611 3731 pro
640 3649 800 3714 adiectivo
824 3671 910 3730 esse;
945 3672 1021 3715 nam
1044 3672 1150 3735 neque
1174 3673 1279 3735 mag·

66 3766 215 3823 hum
249 3757 419 3840 insigne·
440 3777 499 3841 pro
533 3754 711 3821 honorifico
742 3761 774 3820 et
802 3756 974 3840 splendido
1005 3759 1125 3824 dicitur
1154 3766 1187 3824 et
1216 3760 1279 3825 Va·

63 3850 229 3933 letius
252 3863 285 3928 id
309 3865 415 3948 ipsum
437 3863 601 3947 disputat,
634 3883 804 3928 commune
834 3872 867 3928 et
894 3864 1028 3946 vulgare
1051 3867 1177 3948 insigne
1201 3890 1279 3950 pur·

65 3982 218 4050 Dura
240 3992 322 4037 esse.
374 3971 489 4052 Itaque
513 3990 647 4053 prorsus
670 3972 868 4034 coniunctim
895 3993 961 4036 una
983 3974 1179 4057 interposita
1201 3996 1279 4040 rocc

72 4074 251 4144 dicitur
288 4099 360 4143 nec
399 4077 526 4144 solum
565 4084 724 4143 tantum
758 4100 817 4161 pro
851 4100 923 4145 nec
956 4080 1085 4146 solum
1118 4090 1175 4146 aut
1210 4103 1279 4146 nec

69 4182 123 4243 t
146 4196 297 4263 autum,
328 4187 417 4269 quod
437 4207 458 4250 a
480 4185 651 4250 Perizcuio
673 4192 732 4249 aut
754 4187 886 4251 Dukero
908 4209 974 4253 non
997 4196 1146 4253 notatum
1169 4191 1278 4253 miror.

77 4278 289 4377 Equidem
313 4291 407 4357 valde
430 4314 559 4372 vereor,
593 4314 634 4355 nc
663 4294 906 4383 solummala
934 4316 1030 4359 manu
1055 4295 1203 4360 additum
1226 4298 1278 4376 sit,

1016 4414 1050 4466 32
