2994 5108
230 461 342 519 1111.
594 537 599 546 Ι
778 453 838 513 141

317 634 396 722 Cap.
421 641 472 715 25,
496 641 531 701 8:
567 633 692 700 Cuius
715 633 817 716 (auri,
847 656 884 700 ex
909 656 974 718 quo
998 635 1143 721 Delphos
1166 634 1290 701 donum
1311 639 1387 703 mit

229 744 369 828 teretur)
398 767 517 830 quum
545 744 664 828 copia
692 764 770 809 non
793 749 920 823 esset,
954 749 1162 826 matronae,
1196 745 1386 813 coetibus

230 856 280 921 ad
314 877 397 921 eam
430 876 511 919 rem
545 850 859 918 consultandam
887 852 1058 934 habitis,
1091 855 1287 920 communi
1316 853 1385 922 de·

229 969 349 1030 creto
379 962 583 1048 pollicitae
610 958 792 1025 tribunis
820 961 997 1027 militum
1025 982 1164 1028 aurum
1192 968 1232 1030 et
1260 965 1386 1031 omnia

230 1079 465 1139 ornamenta
499 1089 570 1135 sua
603 1069 641 1133 in
677 1069 866 1134 serarium
899 1069 1148 1136 detulerunt.
1203 1070 1319 1155 Neque
1342 1071 1385 1137 ad

228 1181 435 1265 pollicitae
477 1184 572 1244 sunt
613 1183 728 1261 aptum
767 1183 818 1242 est
857 1178 994 1243 omnia
1034 1184 1274 1245 ornamenta
1311 1200 1386 1247 sus

228 1310 335 1374 neque
369 1309 510 1353 aurum
544 1286 588 1351 ad
616 1284 870 1365 detulerunt;
903 1284 986 1350 nibil
1016 1285 1102 1350 enim
1130 1287 1204 1352 auri
1225 1292 1385 1354 matrona

228 1404 350 1482 prester
379 1399 575 1462 ornamenta
604 1415 665 1459 sue
692 1392 877 1474 habebant,
910 1413 1015 1475 neque
1044 1394 1175 1461 omnino
1198 1396 1246 1461 sic
1268 1417 1386 1463 aurum

227 1506 378 1571 universe
418 1526 492 1569 cum
524 1502 633 1587 specie
667 1499 781 1584 aliqua
815 1500 1044 1584 (ornamentis)
1077 1502 1230 1588 coniungi
1263 1511 1384 1589 potest

227 1614 302 1680 Hoc
325 1613 436 1678 Livius
459 1612 554 1691 dicit,
582 1616 751 1675 matronas
773 1608 940 1693 pollicitos
963 1630 1037 1676 esse
1059 1631 1186 1692 aurum,
1215 1632 1281 1695 quo
1303 1634 1387 1698 opus

228 1728 329 1791 esset.
370 1728 455 1801 tum,
494 1726 532 1785 ut
564 1719 598 1783 id
633 1739 750 1782 aurum
784 1716 996 1799 conficerent,
1030 1725 1226 1785 ornamenta
1258 1741 1320 1786 sua
1350 1721 1385 1786 in

228 1830 379 1895 serarium
402 1828 559 1894 detulisse
582 1824 654 1908 (cfr.
673 1823 759 1890 Plut.
779 1822 904 1890 Camill.
923 1829 953 1906 8,
977 1827 1055 1892 Zon.
1072 1826 1143 1909 VH,
1166 1826 1230 1910 21).
1266 1827 1386 1914 Itaque

227 1937 409 2004 tollendum
432 1943 483 2002 est
506 1940 559 2015 et,
587 1933 738 1999 additum
761 1933 803 1998 ab
827 1933 954 2017 aliquo,
982 1935 1040 2018 qui
1062 1936 1269 2001 accusativos
1289 1936 1386 2003 iuxta

226 2047 353 2130 positos
387 2045 431 2110 ad
464 2044 552 2110 idem
580 2041 716 2107 verbum
744 2042 909 2125 pertinere
936 2043 1075 2126 putavit.
1132 2041 1237 2109 Simili
1264 2065 1386 2127 genere

225 2160 399 2238 peccatum
432 2159 512 2238 puto
545 2151 580 2216 in
613 2149 772 2234 proximis
806 2149 914 2215 verbis
948 2148 980 2233 (ξ
1015 2149 1084 2233 10);
1117 2151 1301 2236 pondere
1334 2151 1384 2218 ab

227 2261 402 2343 singulis
442 2260 532 2325 auri
571 2263 739 2341 accepto
781 2257 1086 2343 aestimatoque,
1126 2265 1170 2325 ut
1202 2260 1385 2344 pecunias

226 2368 501 2446 solverentur,
536 2372 742 2432 crateram
772 2386 937 2431 auream
958 2366 1053 2432 fieri
1075 2367 1241 2452 placuit
1291 2367 1384 2435 Nihil

226 2497 309 2560 opus
340 2483 413 2541 erat
446 2475 520 2555 diei,
558 2474 689 2560 pondus
724 2473 887 2557 (aliquod)
921 2475 994 2540 auri
1026 2481 1199 2560 acceptum
1232 2497 1307 2543 esse
1339 2477 1384 2543 ab

226 2583 382 2668 singulis3
404 2583 439 2648 id
462 2583 597 2648 adrem
620 2582 817 2666 pertinebat,
840 2583 1039 2649 aestimatum
1062 2605 1134 2650 esse
1152 2585 1225 2649 anri
1241 2585 1384 2669 pondus,

225 2691 315 2774 quod
337 2714 358 2757 a
379 2692 517 2775 singulis
552 2696 724 2774 acceptum
753 2697 854 2768 esset,
889 2697 927 2755 ut
956 2693 1102 2776 pecuniae
1131 2693 1270 2776 singulis
1293 2701 1383 2760 recte

224 2801 305 2865 solvi
328 2807 471 2884 possent.
530 2798 715 2883 Scripserat
738 2799 839 2881 igitur
860 2798 986 2863 Livius:
1022 2800 1203 2866 Pondere
1232 2800 1279 2866 ab
1304 2803 1380 2868 sin·

222 2908 334 2990 gulis
364 2909 453 2973 euri
485 2912 659 2989 accepto
684 2907 907 2987 aestimato,
941 2907 1073 2973 duriore
1096 2909 1198 2993 paulo
1222 2911 1380 2975 orationis

222 3017 344 3096 forme,
379 3014 652 3083 concurrentibus
683 3014 812 3079 duobus
840 3016 1039 3100 participiis,
1073 3033 1212 3100 quorum
1240 3018 1378 3084 alterum

222 3124 419 3209 (accepto)
450 3124 602 3189 adiectivi
633 3122 741 3187 locum
770 3128 875 3203 tenet,
911 3123 1052 3189 alterum
1075 3123 1299 3191 ablativorum
1321 3126 1379 3192 ab·

221 3233 401 3298 solutorum
436 3232 713 3298 constructionem
748 3231 870 3314 explet,
906 3225 985 3315 quo'
1005 3252 1124 3313 genere
1154 3233 1265 3299 Livius
1298 3254 1378 3300 usus

221 3345 272 3405 est
294 3341 318 3420 Ι,
350 3344 402 3420 46,
435 3347 449 3404 1
482 3339 591 3422 (agro
616 3345 736 3423 cepto
760 3360 805 3403 ex
828 3338 1020 3406 hostibus
1043 3341 1201 3406 viritim
1224 3340 1378 3424 diviso),

219 3447 278 3525 ΠΙ,
310 3451 359 3527 33,
388 3452 406 3510 9
437 3447 614 3529 (defosso
645 3447 841 3511 cadavere
871 3446 977 3513 domi
1007 3448 1112 3532 apud
1135 3449 1314 3515 Sestium
1335 3486 1379 3496 -

134 3554 410 3640 (1211111111),
438 3555 556 3636 XXIX,
588 3560 616 3635 6,
647 3559 661 3617 1
689 3553 914 3636 (militibus,
936 3557 1110 3641 praedam
1133 3579 1177 3623 ex
1199 3557 1378 3625 hostium

218 3668 333 3728 11111
362 3663 629 3728 cernentibus
652 3669 745 3728 tota
767 3663 903 3729 classe
928 3664 1086 3744 efferri,
1115 3667 1306 3733 accensis
1328 3667 1377 3734 ad

218 3771 548 3853 traiiciendum),
582 3770 736 3852 XXXIX,
773 3778 826 3852 14,
860 3772 1044 3854 2(soelis
1073 3772 1307 3840 ferentibus
1336 3775 1376 3840 in

217 3879 425 3964 publicum
476 3877 725 3960 obseratis),
765 3879 844 3959 XL,
885 3884 947 3960 40,
989 3884 1027 3944 15
1073 3880 1376 3962 (exauctoratis

216 3987 422 4054 militibus
445 3989 482 4053 in
507 4009 629 4053 naves
652 3985 920 4071 impositis).¹)
971 3987 1095 4069 (Etiam
1118 4010 1145 4053 c.
1170 3992 1220 4071 28,
1246 3993 1286 4055 10
1308 4011 1375 4058 non

244 4247 267 4313 ¹)
287 4245 374 4314 Quam
392 4247 422 4300 in
440 4265 500 4315 esp.
520 4250 565 4316 26,
590 4250 606 4303 6
629 4254 694 4303 ante
712 4248 817 4303 multos
836 4266 925 4303 annos
944 4249 1063 4304 feceram
1082 4250 1288 4319 coniecturam,
1312 4266 1376 4305 eam

285 4348 319 4385 ex
340 4331 448 4386 Hertzii
470 4333 636 4402 praefatione
658 4333 740 4388 video
763 4352 779 4388 a
801 4333 906 4391 Kernio
930 4335 1172 4404 Virtembergensi
1196 4340 1375 4405 occupatam.
