2994 5108
761 463 802 525 26

203 667 344 731 quorum
366 648 399 712 in
423 649 543 713 ceteris
565 647 693 714 nullum
715 649 889 731 vestigium
912 655 971 729 est,
993 649 1083 715 velut
1105 649 1195 735 quod
1217 651 1251 715 in
1273 651 1359 716 libro

133 761 187 829 (24)
205 754 259 834 IV,
282 759 333 836 28,
355 759 374 820 2
397 777 457 840 pro
480 777 527 836 eo,
550 756 639 841 quod
660 764 750 824 recte
772 756 897 823 editur:
931 758 1223 842 circumagenti
1245 780 1287 825 se
1310 759 1359 824 ad

203 863 391 929 dissonos
426 865 625 930 clamores
658 887 703 931 ac
736 866 898 931 subitos
931 865 1133 932 tumultus
1162 867 1274 933 hosti
1304 866 1359 948 (ex

202 993 268 1056 quo
290 973 324 1036 in
343 971 469 1036 PLlHl
489 973 563 1038 aliis
585 970 710 1040 factum
732 979 784 1039 est
805 974 940 1039 minima
958 974 1168 1040 aberratione
1191 976 1358 1040 circum-

202 1086 370 1162 agentes
394 1080 442 1145 ad
466 1079 556 1163 etc),
585 1082 619 1146 in
647 1082 713 1147 illis
735 1081 864 1147 duobus
887 1081 966 1147 solis
990 1082 1158 1148 codicibus
1183 1084 1357 1149 scribitur:

202 1196 373 1271 agentes
408 1189 455 1254 ad
489 1189 680 1255 dissonos
713 1190 909 1255 clamores
939 1211 983 1255 ac
1011 1190 1174 1256 subitos
1204 1192 1359 1257 circum

202 1296 403 1361 tumultus
431 1296 550 1362 hosti.
601 1297 718 1380 Itaque
746 1305 887 1383 uterque
916 1298 1019 1363 codex
1040 1300 1262 1383 transcriptus
1285 1307 1359 1366 erat

201 1425 242 1469 ex
263 1425 329 1470 uno
353 1427 370 1470 e
394 1407 558 1470 communi
580 1406 759 1490 archetypo
782 1413 870 1485 orto,
903 1412 999 1472 tanta
1021 1407 1285 1490 propinquitate,
1319 1417 1357 1473 ut

200 1512 381 1578 curaturus
404 1535 469 1578 uon
490 1512 624 1594 fuerim,
654 1515 681 1581 si
704 1514 778 1599 quis
800 1515 988 1598 suspicatus
1011 1523 1108 1596 esset,
1135 1516 1244 1599 ipsum
1267 1516 1358 1582 oodi·

201 1641 271 1685 cem
299 1621 557 1687 Vormetiensem
584 1622 786 1688 Florentiam
818 1622 930 1706 aliquo
963 1643 1043 1688 casu
1072 1623 1242 1689 devectum
1269 1647 1357 1690 nunc

199 1728 383 1794 Mediceum
411 1731 588 1815 appellari3
623 1731 681 1795 sed
709 1753 781 1796 eam
810 1731 1028 1815 suspicionem
1050 1732 1146 1797 facile
1168 1731 1357 1799 refellerent

199 1838 340 1903 urinores
376 1838 502 1940 aliquot
531 1838 774 1923 discrepantiae,
808 1839 898 1904 velut
931 1841 1014 1904 satis
1043 1841 1179 1924 insignis
1208 1842 1241 1906 in
1269 1841 1356 1907 libro

199 1945 258 2025 IV,
289 1950 328 2010 32
358 1947 428 2011 init.
453 1969 528 2012 cum
557 1949 629 2030 ipso
652 1948 887 2013 communionis
909 1946 1031 2013 indicio
1054 1949 1245 2029 coniuncta3
1277 1971 1356 2014 nam

198 2055 370 2121 adnotatio
393 2055 583 2138 marginalis
600 2053 718 2120 borum
737 2055 885 2120 codicum
903 2057 1038 2141 propriu
1056 2057 1103 2122 sic
1122 2057 1355 2141 interponitur,

199 2169 237 2227 ut
263 2163 298 2227 in
325 2161 360 2226 M
389 2171 549 2246 praeterea
582 2164 778 2230 omittantur
805 2163 905 2228 verba
934 2164 1076 2247 ingens
1104 2169 1191 2229 erat
1220 2167 1355 2230 accito

199 2271 402 2346 exercitu,
436 2291 509 2355 quae
536 2271 570 2335 in
592 2270 743 2336 Rhenani
772 2278 882 2351 erant,
914 2271 1032 2355 bisque
1061 2279 1207 2355 ponatur
1234 2273 1354 2338 abeis

199 2377 234 2460 (a
256 2377 398 2458 Veiis);
433 2377 543 2462 plures
572 2399 619 2444 eae
643 2379 871 2463 discrepantiae
894 2387 1021 2459 essent,
1053 2380 1081 2444 si
1105 2381 1225 2464 saepius
1248 2388 1281 2448 et
1305 2381 1354 2445 di-

201 2487 353 2551 stinctius
381 2485 557 2551 Rhenanus
588 2486 709 2551 codicis
740 2488 922 2571 scripturas
950 2489 1124 2572 posuisset.
1181 2486 1245 2553 Sed
1273 2510 1354 2573 quo·

132 2636 135 2643 ·
199 2595 287 2659 niam
304 2593 455 2659 Rhenani
477 2593 579 2660 codex
602 2615 678 2660 raro
701 2603 988 2676 commemoretur,
1011 2603 1045 2661 et
1067 2596 1234 2680 separatio
1256 2595 1355 2662 huius

199 2703 314 2787 stirpis
338 2723 358 2767 a
380 2704 498 2768 ceteris
521 2710 555 2768 et
576 2705 730 2768 universa
751 2705 937 2788 proprietas
959 2704 1088 2789 plenius
1111 2704 1297 2789 clariusque
1318 2704 1355 2769 in

198 2832 263 2877 uno
286 2810 320 2875 M
343 2811 562 2877 demonstrari
584 2817 705 2897 potest.
760 2813 869 2897 Atque
900 2812 943 2877 ad
973 2813 1209 2877 seiunctionem
1238 2811 1354 2896 stirpis

199 2918 433 2984 declarandam
475 2919 556 2985 nihil
598 2920 703 3003 magis
741 2921 951 3005 perspicuum
992 2941 1063 2984 esse
1101 2925 1214 3003 potest
1251 2940 1354 3002 quam

197 3028 473 3113 transpositiones
512 3028 584 3093 duae
616 3027 769 3094 foliorum
804 3029 947 3114 aliquot,
988 3047 1128 3112 querum
1165 3028 1199 3091 in
1233 3030 1353 3094 ceteris

198 3135 323 3201 nullum
346 3143 398 3203 est
419 3137 601 3219 vestigium.
644 3138 728 3202 Nam
750 3159 823 3222 quae
846 3158 867 3202 a
888 3137 973 3202 libro
991 3135 1062 3214 VH,
1086 3141 1116 3209 4,
1140 3139 1159 3198 6
1183 3134 1352 3216 (naturae
1376 3134 1378 3137 ’

199 3244 381 3309 damnum
404 3244 479 3325 cet.)
503 3244 545 3309 ad
571 3249 619 3324 14,
642 3249 661 3308 8
685 3244 813 3329 (quam
835 3244 883 3310 ab
907 3266 947 3310 se
970 3265 1014 3310 ac
1035 3241 1091 3324 -)
1115 3243 1280 3325 leguntur,
1309 3265 1350 3310 ea

197 3352 231 3416 in
253 3352 287 3416 M
310 3372 369 3416 suo
398 3352 470 3417 loco
499 3353 621 3418 omissa
649 3352 720 3434 (ubi
742 3354 777 3418 in
799 3353 945 3436 margine
967 3352 1148 3416 recentiore
1169 3373 1269 3416 manu
1293 3352 1352 3417 ad-

197 3466 348 3525 notatur:
383 3481 460 3525 non
489 3462 704 3526 continuat
731 3481 872 3525 novum
895 3466 936 3525 et
956 3457 1125 3523 multum
1149 3458 1350 3542 deficit)¹)

198 3574 313 3652 postea
340 3568 595 3651 interponuntur
621 3569 655 3631 in
683 3589 754 3652 cap.
778 3571 836 3646 25,
865 3572 886 3631 4
912 3567 1000 3632 inter
1028 3564 1172 3649 syllabas
1199 3567 1352 3632 vocabuli

197 3675 254 3740 An
275 3710 319 3720 —
340 3676 479 3758 tiatis3
513 3697 586 3761 quae
616 3682 726 3741 autem
753 3675 839 3740 libro
861 3673 908 3739 IX
930 3672 1084 3758 leguntur
1106 3693 1127 3736 a
1149 3695 1220 3758 cap.
1246 3677 1300 3755 14,
1329 3681 1349 3740 2

198 3782 359 3865 (audita
380 3783 561 3868 perinde)
585 3803 689 3866 usque
712 3781 874 3849 adfinem
896 3802 968 3866 cap.
986 3784 1025 3844 22
1046 3779 1232 3862 (Plistica
1254 3784 1350 3867 per),

198 3912 239 3956 ea
265 3893 375 3958 omnia
401 3892 566 3957 translata
594 3896 672 3956 sunt
698 3891 733 3954 in
760 3912 831 3975 cap.
861 3894 919 3969 40,
947 3893 1003 3968 20,
1032 3889 1159 3953 divulso
1189 3891 1349 3957 vocabulo

225 4173 249 4241 ¹)
267 4173 433 4229 Recentiore
451 4190 537 4227 manu
552 4170 614 4224 bueo
632 4173 738 4240 scripta
755 4186 816 4224 esse
832 4170 859 4226 h.
878 4170 896 4223 l.
914 4167 1107 4223 Alschefskius
1125 4185 1184 4222 non
1200 4166 1278 4236 dicit,
1297 4171 1349 4226 sed

266 4259 302 4314 ad
320 4260 382 4314 libr.
400 4259 448 4325 IX,
469 4261 509 4324 14,
533 4259 549 4311 2
568 4255 686 4311 similem
706 4254 918 4310 adnotationem
936 4259 1037 4323 quarta
1053 4270 1139 4307 manu
1157 4251 1220 4320 (nec
1238 4254 1348 4310 librarii

265 4362 318 4400 nec
335 4344 420 4414 primi
439 4344 589 4398 alteriusve
607 4340 786 4409 correctoris)
804 4341 938 4410 scriptam
956 4355 1018 4394 esse
1037 4339 1084 4393 ait.
