2994 5108
668 460 730 520 489
1069 472 1131 527 Lib.
1150 470 1278 526 XXXIII.

126 644 153 720 9,
171 646 199 719 9,
219 646 253 705 et
269 640 322 707 hie
339 640 355 724 ἓ
374 646 392 706 7
412 641 624 707 dimidium
642 642 851 725 praesens);
877 642 964 725 quod
985 644 1139 725 quoniam
1157 645 1190 707 in
1212 644 1277 707 sin-

125 748 247 832 gularis
267 751 394 814 numeri
409 749 547 815 formam
562 751 723 815 transisse
739 771 873 832 prorsus
888 750 1104 832 improbabile
1122 757 1180 819 est.
1199 751 1277 814 scri·

125 856 268 921 bendum
290 865 387 939 puto:
411 858 450 920 in
473 877 660 938 praesens.
701 858 770 921 Lib.
796 858 942 935 XXXIV,
967 862 1016 934 35,
1043 862 1077 920 ll
1105 857 1276 921 scribitur:

125 964 283 1029 talento
300 972 462 1029 centum
480 966 644 1046 argenti
662 966 701 1029 in
719 967 910 1048 praesenti
930 974 962 1029 et
980 965 1279 1047 quinquaginta

125 1073 284 1137 talenta
306 1073 344 1136 in
369 1072 554 1153 singulos
580 1092 704 1136 annos
730 1094 949 1155 perennes
975 1079 1079 1149 octo,
1110 1071 1277 1155 quomodo

125 1179 321 1244 neoLivium
333 1179 483 1244 alibiuec
495 1179 580 1244 alios
592 1179 720 1243 locutos
738 1182 876 1263 reperio.
913 1179 1010 1262 [Nam
1028 1180 1093 1243 alio
1113 1200 1210 1243 sensu
1229 1179 1277 1243 di·

126 1289 153 1351 ci
170 1309 211 1351 ur
228 1288 317 1371 apud
338 1286 434 1351 Corn.
454 1288 533 1370 Nep.
552 1288 619 1351 Att.
642 1292 690 1359 12,
710 1294 727 1351 5
748 1296 781 1352 et
797 1288 902 1352 Alcib.
923 1294 951 1367 4,
969 1285 1013 1368 2.]
1056 1288 1199 1351 Fuitne:.
1220 1308 1276 1351 ar·-

126 1396 234 1477 genti
257 1396 497 1478 praesentia?
529 1394 656 1477 [Potest
679 1397 777 1460 etiarn
801 1395 901 1460 fuisse
924 1397 963 1458 in
986 1395 1218 1477 praesentia,
1242 1400 1279 1457 ut

126 1500 338 1583 v11‚3r.2.]

209 1608 288 1693 Cep.
313 1613 368 1688 32,
403 1614 431 1674 2.
490 1610 597 1675 Locus
625 1610 666 1674 de
695 1619 841 1676 mercatu
871 1611 1082 1675 Isthmiorum
1111 1630 1128 1673 e
1152 1609 1178 1672 B
1203 1630 1277 1691 sup·

126 1717 230 1800 pietus
253 1718 300 1782 sic
322 1718 510 1800 interpungi
534 1717 646 1782 debet:
681 1725 761 1782 tum
791 1719 904 1800 quia,
939 1725 1108 1801 propter
1130 1737 1277 1799 oppor-

125 1825 342 1890 tunitatem
381 1825 462 1888 loci
502 1846 573 1908 per
615 1825 690 1889 duo
731 1826 894 1890 diversa
933 1827 1062 1889 maria
1102 1825 1277 1889 omnium

127 1952 252 1996 rerum
274 1953 369 1996 usus
393 1934 672 1996 ministrantis
695 1932 864 1997 humano
888 1935 1035 2014 generi,
1060 1931 1275 1995 concilium

126 2038 225 2104 Asiae
253 2038 501 2121 Graeciaeque
534 2040 568 2103 is
603 2047 808 2104 mercatus
844 2050 942 2105 erat.
1004 2039 1079 2103 Non
1113 2046 1277 2102 mercatus

126 2145 206 2210 dsiae
235 2146 433 2230 Graeciaeque
463 2147 602 2212 Isthmia
634 2148 844 2230 appellantur
871 2168 931 2212 neo
960 2147 1137 2212 concilium
1166 2148 1276 2228 generi

126 2251 266 2318 humano
294 2254 350 2334 (-
379 2254 554 2318 dicendum
584 2255 669 2318 enim
699 2263 768 2318 tum
799 2263 886 2319 erat:
921 2255 1084 2319 humani
1114 2255 1277 2336 generis

127 2359 160 2422 id
183 2360 417 2435 concilium,
447 2363 505 2426 As.
531 2364 591 2425 Gr.
616 2361 648 2423 is
677 2371 880 2427 mercatus
904 2371 1008 2441 erat,
1044 2362 1174 2426 dativus
1197 2362 1276 2425 ferri

123 2470 236 2551 nequit
256 2468 326 2549 —)‚
361 2469 418 2533 sed
446 2476 651 2534 mercatus
680 2469 938 2534 Isthmiorum
962 2470 1018 2548 (-
1041 2472 1088 2534 sic
1113 2471 1198 2534 enim
1221 2469 1274 2532 Li·

116 2576 204 2654 uius,
240 2583 277 2640 ut
306 2576 419 2641 Cicero
448 2577 543 2641 Tusc.
574 2576 614 2656 V,
651 2580 683 2655 3,
718 2580 736 2638 9
771 2584 804 2640 et
833 2576 1006 2642 Suetonius
1035 2579 1110 2642 Ner.
1140 2582 1195 2651 28,
1230 2585 1275 2651 tp

116 2690 270 2765 πανήγυριν
293 2683 411 2748 Latine
438 2686 535 2748 vertit
564 2683 619 2763 -)
649 2685 752 2748 Asiae
782 2684 1027 2768 Graeciaeque
1056 2685 1275 2749 concilium

107 2787 219 2855 fuisse
237 2789 368 2869 dicitur,
387 2811 452 2873 quo
465 2813 504 2856 ex
516 2797 657 2872 utraque
670 2797 831 2856 terrerum
844 2799 939 2874 perte
957 2793 1106 2856 homines
1125 2792 1275 2855 conveni·

99 2906 200 2962 lent.
241 2896 320 2974 Quae
339 2908 522 2980 sequuntur
539 2898 555 2981 5
574 2903 602 2976 3,
619 2899 698 2963 item
716 2898 944 2982 eBsuppleta,
963 2901 995 2963 in
1009 2898 1110 2981 Opuc.
1124 2898 1155 2962 ΙΙ
1168 2921 1197 2980 p.
1213 2903 1273 2961 307

94 3004 241 3069 1eotius
283 3006 515 3087 distinguendo
550 3006 592 3070 ab
627 3006 781 3070 inanibus
823 3007 1065 3089 suspicionibus
1099 3007 1272 3083 vindicavi,

98 3111 320 3196 eandemque
354 3114 596 3179 distinctionem
630 3121 761 3177 secutus
791 3114 1082 3178 Weissenbornius
1112 3122 1178 3191 est,
1211 3113 1273 3175 nisi

91 3219 204 3302 quod
244 3219 340 3304 plene
379 3222 568 3304 interpungi
606 3220 752 3285 debebat
786 3228 861 3303 post
895 3219 1060 3284 fortune
1093 3227 1208 3284 esset
1241 3226 1275 3284 et

85 3339 207 3393 liovae
234 3327 364 3410 periodi
387 3329 518 3394 initium
544 3327 616 3392 fieri
639 3327 681 3391 ab
704 3327 769 3392 his:
804 3328 885 3391 Alii
914 3327 996 3391 alia
1018 3363 1059 3374 -
1081 3327 1274 3392 ferebant

81 3424 322 3499 Romanos
344 3434 546 3514 facturos3
569 3437 632 3499 vix
656 3442 717 3499 oet.

199 3538 278 3624 Cap.
304 3545 354 3619 33,
379 3547 397 3606 5
415 3562 486 3625 sqq.
507 3542 577 3622 (ubi
595 3542 793 3608 describitur
812 3541 1001 3607 Graecorum
1019 3543 1135 3607 leutitia
1159 3543 1199 3606 de
1222 3563 1273 3621 ree

73 3651 233 3715 uotum
255 3669 276 3713 a
297 3650 455 3714 Romanis
484 3649 655 3729 libertate)
679 3651 726 3714 sic
749 3670 766 3713 e
791 3649 816 3712 B
841 3650 1049 3714 scribendum
1074 3656 1139 3714 est:
1174 3649 1273 3713 Esse

69 3756 292 3839 &liquam
325 3757 366 3820 in
395 3757 520 3822 terris
549 3764 724 3839 gentem,
759 3778 841 3838 quse
869 3779 939 3822 suc
968 3759 1165 3840 impense,
1201 3778 1272 3821 sno

61 3846 102 3919 l
126 3862 255 3928 abore
285 3883 330 3927 ec
358 3864 545 3946 periculo
574 3864 684 3929 bella
707 3870 823 3946 gerat
846 3886 919 3946 pro
943 3865 1146 3929 libertate
1170 3863 1272 3928 alio·

59 3974 212 4049 bum,
245 3990 320 4035 nec
350 3970 425 4036 hoc
454 3971 646 4036 finitimis
676 3979 744 4036 aut
772 3972 1009 4055 propinquae
1031 3971 1271 4035 vicinitatis

57 4057 341 4143 hominibus
359 4085 433 4143 aut
453 4079 573 4142 terris
590 4077 903 4143 continentibus
920 4079 1074 4142 iunctis
1092 4083 1271 4160 prestet,

59 4189 108 4240 8
130 4185 180 4251 ed
211 4185 342 4249 maria
369 4186 563 4250 traiiciet
592 4191 653 4249 cet.
710 4185 855 4250 Primum
889 4191 940 4250 est
967 4184 1172 4249 finitimos
1201 4190 1273 4248 out

58 4293 349 4377 Dropinquae
377 4293 612 4363 vicinitatis
640 4292 820 4357 homines
842 4292 1000 4370 liberare,
1034 4292 1177 4357 alterum
1200 4314 1266 4356 non
