2994 5108
712 503 753 564 69
1194 519 1255 574 nib.
1274 520 1309 574 11.

152 686 291 751 toritate
314 686 515 771 optimorum
538 686 688 752 codicum
706 687 928 770 (MRPLIHI)
946 688 1191 775 multorumque
1209 692 1310 758 etiarn

153 794 372 875 deteriorum,
406 815 507 875 quum
534 795 611 860 olim
634 817 651 861 e
675 795 844 862 codicibus
873 796 1071 881 quibusdam
1099 798 1309 884 interpolatis

154 902 321 968 ederetur:
344 910 387 968 ut
408 904 552 987 cuique
575 902 775 969 ceciderit
797 905 941 988 prim03
965 904 1023 969 sed
1039 908 1203 973 sententia
1219 909 1311 974 nulla

153 1016 221 1092 est3
270 1032 348 1076 nam
392 1010 481 1094 quod
520 1009 745 1077 Alschefskius
790 1013 1044 1097 interpretatur:
1098 1015 1218 1094 „welch
1258 1016 1310 1081 ein

155 1117 327 1185 Schiclrsal
355 1117 440 1184 auch
467 1119 583 1184 immor
612 1119 671 1185 der
692 1119 789 1186 Erste
811 1120 934 1204 gehabt
955 1120 1063 1186 haben
1086 1124 1216 1205 moge“,
1245 1124 1311 1188 iam

153 1227 444 1293 Weissenbornius
485 1228 628 1293 sensisse
665 1227 809 1308 videtur,
848 1250 915 1294 non
947 1229 1060 1309 licere,
1100 1251 1200 1313 quum
1234 1238 1311 1296 ante

153 1356 242 1402 sors
276 1335 317 1400 de
346 1336 519 1402 sortitione
549 1342 583 1401 et
611 1335 725 1400 ordine
754 1343 843 1401 sorte
867 1336 945 1402 dato
968 1346 1161 1421 poneretur,
1195 1341 1311 1422 paucis

152 1443 263 1510 verbis
291 1449 368 1528 post
389 1445 423 1509 in
447 1449 564 1529 aperta
586 1443 732 1509 eiusdem
754 1445 923 1510 sententiae
946 1447 1194 1512 continuatione
1218 1469 1311 1530 pror·

154 1573 214 1618 sus
242 1552 339 1618 aliter
366 1537 479 1617 rocem
506 1552 670 1635 accipere,
704 1572 810 1634 neque
844 1553 973 1618 omnino
1010 1574 1097 1618 sors
1131 1554 1311 1620 alicuius

153 1660 355 1726 cecidisse
382 1659 498 1725 Latine
527 1661 577 1725 ita
604 1659 741 1738 dicitur,
776 1667 814 1725 ut
845 1660 986 1726 fortnrme
1019 1668 1154 1727 eventus
1183 1662 1311 1727 intelle·

152 1775 261 1852 gutur.
312 1766 392 1846 Quae
414 1773 503 1833 osset
526 1769 700 1847 sententia,
728 1768 969 1847 intellexerant,
999 1771 1055 1853 qui
1077 1769 1312 1853 interpolatam

152 1876 351 1962 scripturam
378 1874 571 1957 effecerunt;
605 1876 663 1941 sed
696 1877 726 1942 ei
760 1878 932 1942 sententiae
965 1877 1136 1942 meliorum
1163 1877 1311 1943 codicum

152 1985 293 2070 vestigia
337 1984 424 2049 hanc
469 1984 550 2049 dant
587 1984 741 2049 formam:
788 1990 829 2049 ut
874 1985 1071 2067 cuiusque
1116 1985 1312 2050 ceciderit

154 2093 288 2178 primi,
318 2092 381 2157 hoc
404 2097 465 2171 est,
493 2098 532 2156 ut
554 2093 693 2176 quisque
715 2093 839 2177 primus
862 2100 951 2158 sorte
975 2093 1093 2158 ductus
1116 2092 1217 2159 fuerit
1239 2093 1311 2174 (wie

153 2204 245 2268 eines
264 2201 365 2286 jeden
387 2200 472 2266 Loos
495 2200 555 2266 der
575 2198 679 2265 Rcihe
701 2200 786 2264 nach
808 2198 1078 2283 herauskommt).

243 2308 322 2395 Cap.
348 2313 396 2388 16,
420 2312 454 2372 5:
478 2307 548 2372 His
572 2306 727 2390 (Sabinis,
750 2309 903 2390 quicum
926 2309 1016 2374 Attio
1034 2307 1153 2374 Clauso
1173 2310 1311 2374 Romam

152 2415 416 2502 transfugerant)
450 2416 600 2487 civitas
632 2415 731 2482 data
758 2437 940 2501 agerque
968 2423 1082 2483 trans
1110 2417 1311 2482 Anienem.

153 2527 285 2592 Vetus
310 2524 484 2591 Claudia
505 2524 660 2604 tribus,
690 2525 845 2591 additis
875 2531 1021 2610 postca
1042 2526 1155 2591 novis
1178 2524 1312 2590 tribu·

152 2634 277 2714 libus,
301 2634 368 2718 qui
391 2654 437 2698 ex
459 2654 505 2698 eo
529 2655 624 2717 agro
647 2634 849 2714 venirent,
872 2633 1095 2718 appellata.
1145 2634 1184 2698 ln
1205 2634 1257 2699 his
1280 2640 1314 2699 et

154 2743 215 2809 alii
253 2741 421 2808 haeserunt
447 2747 493 2807 ·et
525 2740 742 2822 Niebuhrius‚
782 2741 870 2825 quod
910 2741 988 2808 alibi
1028 2749 1121 2807 vetus
1162 2747 1196 2807 et
1228 2764 1314 2807 nova

154 2850 296 2917 Claudia
330 2850 437 2915 tribus
470 2871 536 2915 non
564 2857 885 2916 commemoraretur.
940 2850 1099 2915 Poterant
1128 2851 1234 2915 verius
1261 2871 1313 2914 rc·

156 2957 390 3044 prehendere,
408 2958 526 3024 miram
555 2957 658 3023 videri
686 2980 822 3024 causam
850 2959 1005 3024 veteris
1034 2956 1169 3022 tribus
1200 2957 1313 3041 appel-

154 3068 273 3147 landae,
303 3066 391 3149 quod
414 3067 445 3131 ci
466 3067 531 3151 ipsi
554 3067 628 3131 novi
652 3066 789 3132 tribules
813 3068 1040 3145 accessissent,
1064 3073 1133 3130 tum
1157 3086 1314 3148 quaerere,

155 3176 292 3258 quinam
320 3157 369 3239 illi
397 3175 474 3239 novi
501 3173 642 3240 tribules
673 3180 783 3241 essent
811 3197 850 3241 ex
879 3196 918 3240 eo
941 3195 1020 3258 agro
1042 3175 1224 3253 venientes,
1258 3173 1315 3256 qui

158 3282 291 3350 Sabinis
314 3283 381 3347 iam
403 3282 501 3348 datus
523 3288 619 3348 esset.
677 3283 872 3349 Obscuravit
899 3304 969 3347 rem
991 3282 1121 3347 facilem
1144 3282 1314 3348 intellectu

158 3413 228 3456 una
270 3391 385 3457 littera
423 3398 553 3456 mutata
592 3397 625 3456 st
666 3392 766 3457 rerba
804 3391 889 3456 male
929 3391 1114 3456 coniuncta.
1176 3392 1314 3475 Scripsit

158 3499 288 3565 Livius:
322 3499 448 3564 Vetus
472 3497 649 3565 Claudia
677 3499 824 3581 tribus,
854 3498 1010 3564 additis
1033 3506 1179 3582 postea
1200 3500 1314 3564 novis

156 3605 397 3688 tribulibus,
425 3607 493 3690 qui
511 3607 587 3689 (hoc
609 3614 668 3688 est,
690 3608 748 3687 illi,
773 3606 844 3692 qui)
863 3629 908 3672 ex
931 3629 975 3673 eo
999 3628 1096 3690 agro
1119 3608 1314 3687 venirent,

157 3713 371 3799 appellati,
393 3713 456 3781 hac
478 3717 657 3782 sententia:
691 3716 740 3779 Ex
763 3715 813 3779 his
838 3715 968 3780 Sabinis
991 3736 1064 3780 cum
1083 3715 1175 3781 Attio
1196 3714 1315 3780 Clauso

155 3822 349 3906 transfugis,
373 3823 494 3906 quibus
516 3844 596 3908 ager
617 3830 711 3889 trans
734 3823 890 3889 Anienem
914 3823 1011 3889 datus
1034 3830 1095 3903 est,
1119 3823 1198 3888 solis
1221 3825 1315 3888 initio

158 3929 299 3996 Claudia
321 3931 428 3996 tribus
450 3933 632 3998 constituta
653 3938 718 4010 est3
752 3937 881 4015 postea,
916 3952 1016 4014 quum
1039 3932 1071 3994 in
1095 3952 1167 3996 eam
1190 3931 1310 3996 tribum
1330 3943 1384 4012 (57)

157 4038 235 4105 nori
256 4038 399 4105 tribules
422 4045 518 4105 extra
539 4060 613 4105 eum
637 4061 753 4123 agrum
775 4038 879 4104 additi
904 4046 1029 4118 essent,
1061 4059 1124 4103 usu
1147 4044 1315 4120 receptum

158 4154 227 4228 est,
255 4152 294 4212 ut
315 4145 380 4227 illi,
410 4148 467 4230 qui
490 4168 590 4213 exeo
614 4169 693 4230 agro
717 4148 856 4212 Romam
880 4154 913 4212 et
936 4148 978 4212 ad
1001 4146 1135 4211 comitia
1156 4145 1314 4223 venirent,

157 4256 310 4320 veteris
343 4251 490 4320 Claudia
523 4255 631 4320 tribus
661 4254 883 4338 appellatione
913 4255 1193 4337 distinguerentur
1222 4273 1316 4317 ace-

158 4363 241 4428 teris
268 4361 459 4428 tribulibus.
510 4363 673 4449 Apparet,
703 4384 762 4427 cur
783 4361 894 4428 Livius
923 4365 956 4428 in
984 4363 1123 4428 relativa
1151 4361 1316 4426 sententia
