2994 5108
218 503 280 558 Lib.
297 501 385 558 xum
766 489 828 552 652

145 728 148 734 <
219 675 500 741 Alexandrum
522 675 748 754 vocabant,
776 674 997 740 naturalis
1026 682 1129 740 erat.
1176 670 1304 737 Codex:
1326 666 1371 734 li·

219 783 301 850 lios
323 784 434 865 duos,
457 785 574 848 cuius
597 783 660 849 vel
678 804 848 866 quornm
866 804 965 868 pars
987 781 1217 866 Philippus
1239 783 1311 857 cet,
1333 797 1372 843 ex

220 913 286 976 quo
301 893 387 970 „alia
403 892 531 958 Livium
550 892 721 975 scripsisse
738 898 839 975 atque
857 891 954 975 vulgo
973 891 1155 975 legantur“,
1167 893 1260 954 recte
1270 886 1372 951 Weis-

221 999 416 1066 senbornius
432 999 605 1078 iudicavit;
629 1001 811 1084 scripserat
828 1007 947 1079 autem,
970 999 1095 1082 opinor,
1117 999 1179 1064 sic:
1200 994 1373 1062 -filios

221 1108 341 1188 duos,
365 1109 485 1174 cuius
508 1108 614 1190 puls
636 1107 861 1192 Philippus
892 1114 1045 1173 natura
1067 1106 1221 1185 frater,
1245 1103 1372 1188 adop·

220 1218 338 1283 tione
367 1215 505 1296 filius,
533 1218 665 1281 minor
688 1223 749 1282 cet.
792 1216 873 1281 Par
894 1215 1037 1282 filiorum
1060 1220 1189 1299 patrem
1212 1212 1372 1297 cingebat.

221 1323 383 1408 Corrupto
405 1325 525 1409 paris
546 1326 694 1402 nomine,
713 1342 814 1408 qnum
837 1325 955 1390 cuius
974 1323 1018 1390 ad
1039 1323 1162 1389 filios
1180 1321 1287 1388 duos
1303 1319 1373 1386 viti·

221 1454 277 1500 ose
300 1433 417 1499 referri
438 1432 622 1509 videretur,
651 1431 767 1498 addita
794 1434 983 1498 coniectura
1005 1439 1071 1498 est:
1094 1431 1160 1496 rel
1194 1449 1371 1514 qnorum

220 1539 411 1625 Philippum
432 1541 589 1606 maiorem
610 1540 721 1620 fuisse,
745 1546 861 1606 notate
882 1541 917 1606 iu
940 1540 1046 1607 altero
1070 1546 1152 1605 aetas
1166 1539 1250 1605 satis
1266 1543 1372 1603 osten·

221 1648 331 1728 debat,
355 1654 393 1714 ut
416 1650 524 1714 omitti
546 1649 678 1732 maior
699 1656 790 1715 recte
812 1655 933 1734 posset.
1361 1653 1364 1656 ’

308 1755 388 1840 Cap.
413 1761 463 1837 53,
488 1762 523 1821 1:
557 1757 684 1836 Quum
713 1778 964 1842 peromnem
987 1756 1225 1822 orationem
1249 1752 1370 1836 (Persei

222 1865 312 1949 apud
334 1864 526 1946 exercitum)
558 1867 665 1931 satis
686 1865 909 1951 frequenti
931 1864 1115 1931 adsensu
1140 1863 1372 1929 succlama-

221 1980 304 2063 tum
327 1981 446 2052 esset,
469 1979 554 2038 tum
575 1994 668 2040 vero
692 1995 739 2041 ea
756 1973 1009 2040 vociferatio
1027 1971 1145 2037 simul
1162 1970 1372 2054 indignan-

222 2083 320 2147 tium
353 2082 714 2165 minitantiumque
747 2118 790 2129 -
823 2089 964 2147 exorta
992 2085 1068 2159 est,
1091 2086 1134 2144 nt
1157 2086 1221 2144 cet.
1266 2077 1372 2157 Miror,

221 2192 279 2273 qui
302 2211 414 2256 omnes
436 2189 606 2270 fefellerit,
629 2196 706 2275 post
728 2198 810 2256 tum
835 2210 929 2256 vero
952 2188 1135 2255 desiderari
1158 2189 1230 2253 eius
1251 2193 1372 2271 tempo-

221 2299 267 2363 ris
290 2299 404 2382 puncti
427 2298 714 2381 significationem,
746 2320 812 2383 quo
843 2319 971 2365 summa
998 2296 1191 2364 vociferatio
1223 2301 1299 2362 orta
1331 2295 1371 2360 sit

223 2405 437 2488 (contrariam
463 2405 544 2471 illis:
579 2428 650 2490 per
682 2427 833 2473 omnem
865 2403 1116 2486 orationem);
1149 2425 1261 2488 neque
1289 2403 1371 2469 euim

221 2520 303 2578 tum
324 2535 417 2579 vero
440 2520 491 2580 est
513 2521 595 2580 tum
617 2537 707 2582 vero
730 2522 826 2594 tum,
850 2516 937 2599 quod
959 2515 1066 2598 ipsum
1087 2511 1228 2578 ridicule
1253 2511 1371 2577 dicere·

221 2629 285 2687 tur.
329 2622 462 2688 Excidit
483 2622 597 2706 igitur:
632 2623 681 2688 ad
708 2622 789 2688 haec
819 2629 1000 2688 extrema
1028 2629 1088 2688 aut
1110 2620 1217 2687 simile
1240 2618 1370 2704 aliquid

308 2729 384 2814 Gap.
410 2735 459 2810 54,
483 2735 500 2796 3
525 2730 579 2813 (de
604 2731 848 2815 oppugnatione
873 2730 986 2815 oppidi
1006 2728 1200 2813 Mylarum):
1236 2727 1372 2793 Multi·

220 2839 317 2904 tudo
340 2839 601 2905 Macedonum
623 2840 674 2904 ad
697 2839 948 2905 subeundum
966 2839 1005 2902 in
1027 2837 1152 2901 vicem
1175 2837 1372 2921 proelium

220 2947 329 3012 haud
353 2947 591 3012 difficulter
614 2947 872 3013 succedebat.
908 2945 994 3023 Quid
1017 2946 1061 3010 sit
1084 2946 1307 3010 succedere
1330 2941 1373 3008 ad

221 3055 471 3120 subeundum
495 3055 673 3139 proelium,
696 3056 822 3134 nesci03
854 3052 1072 3120 succedere
1103 3053 1265 3136 proelio
1289 3052 1373 3130 novi,

221 3163 397 3228 difficultas
421 3164 553 3247 quidem
576 3163 771 3229 succedendi
792 3164 981 3228 necessario
1005 3163 1149 3245 pertinet
1167 3162 1209 3226 ad
1232 3160 1298 3226 loci
1321 3160 1373 3226 ini·

221 3273 397 3355 quitatem,
422 3292 487 3336 non
509 3272 553 3336 ad
575 3273 778 3354 paucitatem
806 3270 1100 3336 multitudinemre.
1146 3268 1261 3335 Codex
1281 3268 1374 3334 habet

221 3379 405 3445 sedebat.
451 3378 666 3445 Scribendum
690 3401 760 3444 esse
784 3386 842 3443 aut
871 3379 1126 3462 suppetebat
1161 3385 1221 3443 aut
1256 3376 1373 3443 suffi-

221 3487 370 3566 ciebat,
394 3489 602 3570 perspicuum
626 3495 676 3552 est
699 3488 798 3551 etiam
821 3508 860 3551 ex
883 3486 1043 3551 similibus
1063 3485 1153 3563 locis,
1178 3486 1237 3551 ubi
1256 3506 1374 3570 oppug-

134 3604 205 3672 (540)
225 3597 374 3659 nantium
414 3594 722 3679 defendentiumque
761 3596 867 3678 impar
900 3615 1054 3658 numerus
1093 3600 1374 3661 commemoratur.

220 3701 376 3783 Sequitur
399 3703 430 3785 (ξ
453 3703 501 3785 4);
537 3704 746 3786 oppidani,
782 3703 945 3786 depulsi
975 3703 1121 3775 muris,
1151 3701 1199 3766 ad
1224 3708 1376 3786 portam

215 3810 408 3875 tuendam
437 3819 699 3877 concurrunt.
744 3811 882 3875 Frustra
910 3808 1059 3893 profecto
1088 3816 1222 3892 portam
1251 3816 1376 3875 tueren-

215 3922 287 3996 tur,
324 3919 351 3983 si
373 3919 487 3984 hostes
510 3919 577 3983 iam
605 3920 704 3984 muria
728 3920 827 4002 potiti
851 3926 977 3993 esseut,
1012 3938 1071 3982 nec
1101 3924 1222 4000 postea
1252 3917 1375 3982 demun

214 4024 245 4107 (ξ
265 4027 297 4106 5)
320 4047 391 4109 per
414 4033 620 4110 petentem
643 4034 798 4109 portam
821 4026 936 4092 hostes
956 4025 1083 4108 accepti
1100 4033 1223 4104 essent,
1249 4027 1278 4091 si
1296 4041 1376 4090 nunc

214 4134 278 4196 iam
298 4136 409 4223 muris·
425 4135 609 4218 oppidanos
631 4134 844 4217 depulissent.
874 4133 912 4197 Iu
937 4133 1048 4198 codice
1071 4132 1247 4198 scribitur:
1274 4132 1375 4218 oppi·

216 4240 311 4304 (lani
335 4239 592 4324 depulmcris
623 4242 672 4306 ad
701 4247 862 4324 portam
892 4249 953 4307 cet.
1000 4241 1112 4305 Livius
1141 4242 1261 4323 igitur,
1294 4234 1375 4325 quod

220 4368 274 4411 res
296 4349 459 4429 postulat,
488 4349 661 4432 depulsum
684 4350 786 4414 muris
815 4350 975 4432 impetum
1004 4349 1170 4428 narravit3
1204 4349 1373 4415 verborum
