2994 5108
147 127 210 181 Lib.
228 126 314 180 XXV.
697 114 758 175 368

147 300 310 364 rationem
351 319 453 363 onera
492 297 671 362 amoliendi
710 296 894 363 indicatam
925 296 1039 364 fuisse.
1098 297 1211 380 Atque
1243 296 1308 362 hoc

147 407 320 472 sententiae
348 407 465 470 vitium
492 405 597 470 haeret
627 406 727 470 etiam
754 405 865 486 inea,
893 427 994 490 quam
1015 405 1307 472 Weissenboruius

148 536 171 579 a
193 515 343 580 codicum
371 515 517 596 vestigiis
539 513 638 596 louge
659 512 816 579 recedens
837 513 1030 580 dubitanter
1052 514 1208 608 tentavit,
1234 535 1308 580 cor·

148 624 296 688 rectione
320 621 456 704 (facile
485 628 575 687 erat
602 621 922 704 trepidantibus.
979 620 1105 699 Quum
1138 621 1307 688 amoliti

148 729 237 810 cet).
293 731 343 794 Ex
370 730 451 809 illis,
487 751 560 814 quae
589 729 672 809 dixi,
705 731 852 814 vestigiis
881 731 952 796 erui
979 750 1078 815 posse
1107 730 1239 796 videtur
1265 729 1309 795 ad

150 859 219 903 rem
243 844 395 921 perapte:
425 837 550 901 facile
574 844 673 903 erat.
717 839 930 902 rendentes
952 839 1113 902 sudibus
1135 837 1307 920 (Trabes-

149 953 208 1007 tes
235 945 427 1025 trudibus)
457 967 574 1029 quum
605 946 766 1012 amoliti
790 952 851 1011 cot.
908 945 1051 1012 Sudibus
1079 968 1097 1012 e
1125 946 1307 1032 longinquo

149 1053 321 1119 trudentes
350 1074 540 1136 compagem
571 1060 605 1117 et
627 1075 748 1138 saepem
772 1053 969 1120 clitellamm
991 1075 1193 1138 ouerumque
1215 1054 1309 1121 laxa·

149 1167 229 1225 runt
257 1169 291 1226 et
320 1161 447 1226 amoliti
478 1171 565 1226 sunt.
623 1161 802 1228 Sudibus
831 1163 971 1248 quidem
994 1163 1069 1244 (aut
1096 1161 1307 1244 trudibus)

149 1271 183 1334 iu
207 1270 328 1334 litteris
352 1269 460 1335 sdibi
483 1270 589 1334 latere
612 1291 716 1353 prope
739 1277 866 1336 certum
888 1271 1025 1336 videtur.
1151 1300 1161 1325 ι

238 1376 317 1461 Cap.
342 1381 396 1457 37,
429 1382 465 1440 ll
497 1377 552 1458 (de
577 1377 732 1442 Romanis
761 1377 915 1444 subitos
935 1399 1072 1444 maerore
1100 1384 1135 1444 et
1163 1378 1310 1461 querelis

149 1484 194 1551 ad
223 1492 416 1569 oppugnata
438 1507 458 1549 a
480 1486 600 1550 Poenis
624 1492 735 1550 castra
757 1485 962 1551 defendenda
984 1485 1181 1569 conversis):
1210 1486 1309 1553 Inde

152 1615 269 1659 verso
303 1600 471 1677 repente
504 1596 545 1658 in
578 1595 681 1658 iram
709 1593 823 1659 luctu
853 1593 1094 1660 discurrunt
1120 1595 1170 1660 ad
1198 1615 1311 1660 arma

150 1723 196 1767 ac
227 1703 358 1768 veluti
391 1703 554 1766 accensi
588 1701 702 1766 rabia
740 1702 979 1769 discurrunt
1012 1704 1060 1768 ad
1093 1708 1238 1787 portas
1270 1709 1311 1769 et

151 1812 191 1875 in
219 1811 373 1875 hostem
401 1810 667 1892 neglegenter
697 1817 821 1892 atque
849 1811 1127 1895 incomposite
1150 1813 1310 1879 venien·

152 1925 231 1984 tem
254 1919 477 1983 incurrunt.
531 1917 625 1994 Quod
649 1918 785 2002 quidam
809 1918 1019 1998 adscribunt,
1049 1919 1199 1985 eiusdem
1221 1922 1310 1986 vocis

152 2028 384 2109 repetitionem
418 2048 439 2090 a
473 2027 563 2090 Livio
602 2047 668 2090 uon
702 2027 849 2092 studiose
881 2028 996 2107 vitari,
1036 2048 1207 2111 nunquam
1239 2034 1310 2093 tam

152 2134 248 2199 foede
282 2133 419 2198 eandem
453 2132 592 2201 formam
626 2135 775 2199 eiusdem
810 2134 901 2200 verbi
931 2134 1129 2219 interposita
1156 2135 1311 2201 coniunc-

152 2244 245 2308 tione
274 2242 453 2325 geminavit
481 2242 735 2322 (discurrunt
756 2277 800 2287 —
822 2263 867 2307 ac
889 2278 931 2288 --
953 2242 1225 2325 discurrunt),
1253 2243 1312 2309 ad·

148 2352 241 2415 'iecto
264 2350 363 2414 etiam
386 2371 425 2414 ex
448 2350 564 2415 eadem
587 2351 698 2415 radice
722 2349 880 2415 simillimi
900 2351 971 2416 soni
994 2350 1091 2416 verbo
1115 2350 1170 2432 (et
1192 2386 1238 2398 —
1257 2351 1314 2416 iu⁴

152 2458 348 2538 currunt).
400 2458 537 2522 Accedit
559 2457 649 2522 aliud
673 2460 783 2523 mendi
805 2459 971 2540 iudicium,
1000 2459 1089 2544 quod
1111 2479 1218 2543 prava
1238 2480 1314 2543 gra·

153 2566 287 2632 datione
327 2567 412 2630 inter
453 2567 638 2631 discursum
672 2565 714 2629 ad
748 2588 841 2631 arma
874 2573 908 2632 et
941 2567 984 2632 ad
1017 2571 1131 2652 portas
1164 2568 1314 2652 interpo-

153 2681 278 2739 nuntur
307 2674 377 2738 illa:
412 2675 525 2738 velut
553 2675 716 2738 accensi
744 2674 873 2753 rabie,
902 2695 976 2758 quae
1004 2675 1139 2758 propius
1166 2675 1314 2741 intuenti

154 2783 330 2865 apparebit
363 2782 406 2846 ad
439 2783 597 2864 impetum
631 2783 664 2844 iu
698 2783 827 2847 hostem
860 2784 1036 2866 pertinere.
1098 2782 1176 2848 Sine
1212 2783 1315 2849 dubio

156 2891 265 2954 Livius
293 2889 375 2953 nihil
405 2891 467 2953 nisi
495 2890 565 2953 haec
596 2891 744 2973 scripsit:
784 2891 1023 2956 discurrunt
1052 2891 1100 2955 ad
1127 2912 1241 2956 arma
1271 2911 1316 2956 ac

155 3020 182 3060 v.
207 3019 237 3061 a.
260 2998 375 3062 rabie
405 2999 443 3061 iu
467 2998 625 3061 hostem
647 3034 690 3042 —
712 3000 945 3063 incurrunt.
996 2998 1135 3064 Addidit
1155 2998 1217 3065 illa
1239 2998 1316 3064 dis·

154 3115 324 3169 currunt
347 3106 395 3169 ad
418 3112 558 3189 portas
582 3113 622 3170 et
644 3105 780 3190 aliquis,
810 3109 867 3188 qui
891 3107 1071 3190 pleniorem
1092 3108 1142 3172 rei
1165 3107 1318 3173 ordinem

154 3219 188 3276 et
227 3215 334 3278 exitus
369 3236 386 3277 e
420 3215 538 3278 castris
583 3215 782 3278 mentionem
822 3215 1039 3295 desideravit;
1083 3212 1157 3297 [aut
1192 3217 1318 3300 potius,
1418 3245 1453 3273 e
1488 3218 1497 3244 ³

157 3340 257 3403 quum
280 3323 312 3385 iu
335 3323 486 3386 discursu
509 3323 572 3384 loci
598 3322 869 3403 significationem
891 3325 1085 3405 requireret,
1110 3344 1215 3407 supra
1237 3323 1320 3389 dis·
1394 3334 1471 3353 Ι

157 3437 327 3494 currunt
356 3430 404 3493 ad
433 3450 546 3493 arma
575 3430 707 3511 scripsit
735 3429 974 3495 discurrunt
1003 3431 1052 3496 ad
1081 3437 1229 3514 portas
1257 3453 1319 3517 pro
1397 3428 1491 3473 0

157 3539 371 3615 correctione,
396 3557 498 3618 eaque
522 3538 682 3601 correctio
706 3537 772 3601 alio
795 3538 868 3602 loco
886 3539 1012 3603 inserta
1029 3545 1080 3602 est
1097 3536 1321 3623 additumque
1365 3535 1473 3586 θ

157 3643 220 3728 et].
265 3646 384 3724 Livius,
415 3645 442 3709 si
466 3651 580 3728 portas
603 3646 904 3710 commemorandas
927 3651 1086 3729 putasset,
1111 3646 1321 3731 scripsisset:
1350 3649 1421 3701 5

68 3765 144 3833 (302)
164 3754 402 3818 discurrunt
430 3754 478 3817 ad
506 3775 613 3819 arma
642 3759 679 3817 et
708 3753 755 3816 ad
783 3760 928 3836 portas
951 3774 997 3817 ac
1020 3752 1149 3818 veluti
1173 3759 1239 3821 cet.
1287 3734 1432 3822 Si23
1458 3754 1497 3780 “⁶

159 3862 231 3942 quis
255 3863 374 3926 omissa
398 3862 556 3926 hocloco
580 3883 601 3925 a
623 3860 758 3926 librario
783 3860 883 3925 verba
905 3869 939 3927 et
961 3868 1079 3945 postea
1101 3861 1169 3927 alio
1194 3852 1494 3944 ordine(9
