2994 5108
678 459 737 520 101
1156 474 1218 529 urs.
1237 474 1286 529 111.

122 649 338 727 nequeant
367 642 548 710 cohaereret
576 662 652 708 cum
681 643 861 709 scituros
890 642 980 724 (hac,
1015 651 1052 710 ut
1072 667 1159 711 nunc
1181 645 1288 730 loqui·

125 772 216 832 mur,
250 752 435 818 sententia:
476 752 635 831 scituros,
671 751 764 818 cuius
797 752 975 836 potestatis
1007 754 1176 820 restitutio
1210 776 1288 820 con·

125 857 216 925 dicio
247 866 336 925 esset
362 860 551 926 necessaria
579 879 691 924 rerum
717 859 751 923 in
780 859 989 927 concordiam
1011 862 1288 946 redigendarum).

126 965 194 1033 Sed
227 968 320 1052 quod
353 968 502 1053 scripsit:
538 968 733 1047 scituros,
768 988 846 1051 qna
879 968 960 1033 nisi
987 971 1187 1036 restituta
1216 976 1288 1050 cet,

125 1095 193 1140 non
216 1081 328 1161 potest
348 1077 432 1142 nisi
456 1077 504 1142 sie
528 1075 648 1141 subiici
670 1074 924 1160 interrogativo,
947 1075 1090 1143 debebat
1113 1099 1184 1144 esse
1208 1100 1288 1163 qua

123 1203 207 1249 non
233 1185 450 1265 restituta;
483 1204 523 1249 ac
552 1205 593 1249 ne
614 1184 693 1249 nisi
716 1183 849 1266 quidem
869 1183 967 1249 facile
990 1207 1029 1250 ex
1053 1187 1137 1252 sine
1161 1188 1288 1252 eruitur

125 1291 249 1371 (multo
283 1292 392 1358 minus
425 1312 504 1375 qua
537 1291 618 1357 sibi
652 1290 751 1373 non).
808 1290 926 1374 Itaque
944 1293 1170 1359 scribendum
1205 1302 1288 1379 puto

125 1398 247 1465 eadem
281 1401 447 1465 sententia
480 1400 616 1484 propius
644 1399 687 1464 ad
716 1398 860 1465 codices:
895 1402 1175 1485 sciturosque,
1211 1424 1289 1487 qua

125 1508 216 1574 sine
244 1508 451 1574 restituta
478 1506 719 1593 potestate),
752 1506 858 1572 forma
880 1509 1040 1574 orationis
1061 1531 1206 1593 perrara,
1229 1511 1287 1575 sed

126 1614 172 1683 ab
194 1617 269 1701 ipso
293 1616 385 1682 Livio
408 1616 519 1701 posita
541 1615 641 1695 XLV,
672 1619 729 1696 25,
761 1620 796 1680 8:
832 1617 918 1682 sine
952 1619 1167 1701 rogatione
1201 1619 1288 1683 ulla

125 1723 311 1811 perlata3
338 1724 397 1790 cfr.
419 1724 462 1803 V,
491 1729 521 1804 4,
549 1728 585 1788 4:
620 1723 705 1788 sine
728 1723 909 1808 impensa
933 1745 1066 1808 opera.
1116 1724 1287 1808 (Varronis

126 1833 343 1919 perspicuum
365 1831 475 1898 locum
499 1837 533 1897 et
555 1828 725 1899 Ciceronis
747 1831 860 1896 addidi
882 1831 962 1896 Adv.
987 1831 1067 1898 Crit.
1090 1832 1122 1898 11
1144 1857 1175 1918 p.
1201 1836 1287 1915 367.)

126 1924 256 2024 (reor.)

216 2046 315 2133 *Cap
346 2052 402 2127 56,
431 2052 465 2112 5:
504 2045 586 2114 Nec
613 2047 654 2112 in
682 2046 912 2112 tribunicio
942 2049 1099 2116 auxilio
1128 2051 1284 2135 Appius
1303 2078 1356 2144 (83)

124 2178 204 2224 neo
232 2158 274 2223 in
302 2155 458 2222 indicio
488 2155 631 2241 populi
660 2154 783 2220 ullam
811 2177 919 2240 spem
947 2157 1143 2239 habebat;
1177 2165 1287 2225 atta·
1373 2161 1385 2178 ⁸

124 2286 217 2332 men
246 2271 286 2331 et
313 2263 506 2331 tribunos
533 2262 670 2349 plebis
699 2263 929 2348 appellavit
959 2271 998 2331 et
1025 2298 1069 2311 —-
1096 2275 1288 2352 arreptus

125 2396 151 2441 a
172 2373 344 2453 viatore,
370 2372 564 2452 Provoco,
589 2372 738 2456 inquit.
767 2372 834 2437 Aut
857 2393 901 2437 ac
924 2379 1059 2440 tamen
1079 2375 1288 2441 scribendum

125 2488 190 2549 ant
212 2482 324 2567 potius
347 2486 389 2546 at
409 2480 601 2561 tollendum,
625 2501 664 2546 ex
687 2479 814 2564 syllaba
835 2481 1035 2565 praecedenti
1057 2491 1174 2549 ortum.

218 2586 298 2675 Cap.
330 2592 386 2669 56,
422 2592 460 2653 12
496 2589 544 2670 (in
578 2589 728 2654 oratione
756 2588 883 2672 Appii):
925 2588 1038 2666 Quod
1072 2592 1104 2656 si
1133 2591 1288 2656 tribuni

124 2698 272 2765 eodem
307 2696 475 2762 loedere
513 2696 723 2780 obligatos
762 2717 802 2761 se
841 2697 1056 2764 fateantur
1094 2697 1288 2764 tollendae

124 2803 432 2892 appellationis
460 2824 597 2884 causa,
631 2806 673 2870 in
702 2825 820 2888 quam
850 2807 1113 2889 conspirasse
1137 2806 1288 2872 decem·

127 2915 242 2981 viros
265 2913 480 2979 criminati
502 2914 601 2994 sint,
631 2918 672 2978 at
699 2934 737 2978 se
768 2933 992 2997 provocare
1015 2914 1064 2978 ad
1086 2908 1287 2998 populum.

127 3022 350 3090 Scribendum
373 3041 461 3087 esse:
496 3020 636 3087 eodem
663 3020 833 3086 foedere
855 3057 907 3101 —,
937 3022 978 3086 in
1002 3022 1119 3102 quod,
1147 3029 1215 3086 tam
1238 3027 1288 3085 est

126 3136 293 3217 apertum,
316 3137 354 3196 ut
376 3131 505 3210 mirere,
527 3130 650 3195 nemini
672 3129 707 3194 in
729 3136 872 3193 mentem
894 3130 1031 3194 venisse.
1081 3129 1128 3193 Ao
1150 3150 1191 3193 ne
1214 3130 1289 3210 quis

127 3239 272 3323 figuram
299 3239 446 3322 aliquam
475 3238 757 3318 comminiscetur,
787 3258 854 3318 qua
880 3236 1056 3301 relativum
1086 3236 1287 3301 abeodem

127 3347 261 3430 seiungi
283 3346 389 3432 possit
410 3344 467 3427 (—
478 3345 540 3411 etsi
561 3344 633 3410 fieri
655 3346 691 3411 id
712 3345 804 3410 nullo
826 3345 924 3410 modo
947 3349 1058 3428 potest
1066 3342 1133 3425 —)‚
1157 3343 1289 3423 addam,

127 3455 270 3522 ridicule
299 3454 363 3520 dici
392 3456 635 3538 conspirare
664 3455 704 3518 in
726 3452 1068 3538 appellationem3
1101 3473 1177 3517 nam
1200 3453 1288 3536 quod

127 3562 358 3630 tollendam
389 3561 497 3627 audiri
524 3563 655 3642 uolunt,
689 3563 762 3647 quis
793 3581 940 3643 unquam
968 3560 1126 3625 eiusmodi
1148 3559 1290 3643 figuram

128 3672 232 3753 norit,
253 3677 292 3737 ut
313 3669 528 3755 gerundivum
551 3670 757 3736 substantivo
781 3669 946 3735 adiectum
970 3668 1126 3733 audiatur
1148 3668 1191 3733 ad
1204 3666 1289 3752 'pro-

130 3799 251 3846 nomen
289 3777 464 3845 relativum
498 3777 681 3844 subiectum
716 3777 826 3862 (quasi
861 3777 968 3842 dicas:
1009 3776 1288 3860 oppugnanda

130 3886 247 3953 urbis
270 3906 410 3967 causa,
439 3887 479 3952 in
509 3907 625 3970 quam
647 3887 740 3952 veni
763 3907 834 3952 esse
856 3886 896 3950 in
919 3905 1036 3967 quam
1060 3903 1288 3967 oppugnan-

132 3993 255 4079 dam)?
290 3993 376 4059 Tum
403 4015 445 4062 ne
473 3994 538 4061 hoc
567 3993 701 4079 quidem
723 3995 882 4059 usitatum
911 4000 962 4058 est
985 3993 1226 4076 conspirare
1249 3991 1289 4056 in

130 4124 211 4169 rem
225 4102 472 4183 faciendam,
490 4102 548 4169 sed
565 4101 957 4169 adremiaciendam.
988 4098 1288 4183 Confitendumigi·

132 4218 201 4293 tur,
229 4211 364 4297 opinor,
392 4211 470 4291 erit,
499 4231 680 4296 pronomen
703 4231 723 4275 a
745 4210 882 4275 librario
906 4230 1016 4275 errore
1040 4207 1082 4274 ad
1104 4208 1289 4293 proximum

132 4340 247 4385 nomen
277 4317 566 4386 accommodatum
595 4340 677 4387 esse.
728 4318 801 4383 Vid.
825 4338 969 4402 prooem.
993 4339 1025 4401 p.
1052 4322 1093 4381 10
1121 4337 1169 4401 sq.
1220 4314 1290 4398 [Sic
