2994 5108
220 489 283 544 Lib.
301 487 387 543 XXII.
769 477 830 538 306

222 661 419 744 spectior,
459 682 578 744 quum
612 661 842 742 dignitates
876 661 1075 726 deessent.
1135 659 1380 742 Dignitates

221 768 386 852 appellari
426 769 515 851 ipsos
555 768 703 832 homines
742 766 902 849 dignitate
941 771 975 831 et
1012 766 1187 832 honestate
1224 768 1381 850 insignes,

221 897 358 959 prorsus
381 877 576 940 inusitatum
601 881 651 940 est
674 875 730 958 [—
752 895 813 938 nec
835 876 932 955 enim,
955 875 1044 959 quod
1066 874 1192 940 Plinius
1214 875 1254 939 H.
1278 876 1318 940 N.
1337 874 1377 955 V,

135 988 266 1066 (100112
294 985 341 1049 sic
370 983 491 1048 dixisse
512 983 657 1061 ridetur,
692 983 734 1047 ad
757 982 883 1046 Livium
912 982 1055 1066 pertinet
1080 980 1154 1063 -];
1186 1003 1249 1048 nec
1271 983 1380 1049 simile

222 1098 286 1170 est,
316 1090 405 1174 quod
427 1089 542 1156 Cicero
566 1090 640 1175 (pro
665 1091 751 1156 Sest.
776 1095 832 1169 51,
864 1091 939 1172 109)
961 1092 995 1156 11
1017 1090 1184 1156 rhetorica
1205 1111 1380 1157 enumera-

221 1201 314 1265 tione
354 1219 490 1263 omnes
528 1198 767 1263 honestates
807 1200 1012 1277 civitatis,
1053 1220 1191 1264 omnes
1222 1206 1377 1279 1111111,

223 1328 360 1372 omnes
384 1306 550 1373 ordines
573 1307 759 1372 consentire
781 1307 816 1371 in
838 1305 952 1389 aliqua
974 1327 1074 1372 causa
1097 1306 1192 1386 dicit,
1220 1328 1287 1372 non
1310 1309 1379 1373 sin-

222 1414 315 1498 gulos
338 1399 485 1480 homines
508 1414 746 1493 demonstrans,
770 1414 827 1479 sed
850 1434 971 1495 genera
993 1421 1028 1479 et
1044 1415 1165 1480 classes
1182 1415 1381 1496 honestatis,

221 1522 382 1606 quidquid
410 1524 454 1587 sit
481 1521 609 1588 honesti
637 1530 670 1587 et
697 1523 826 1604 integri.
883 1521 1201 1605 [111169111111111
1223 1524 1320 1589 abest
1339 1531 1380 1590 ut

221 1633 285 1715 ipsi
319 1630 469 1697 homines
504 1629 762 1695 excellentiae
797 1631 966 1707 dicantur,
1002 1630 1060 1695 sed
1094 1630 1296 1696 excellentia
1329 1631 1379 1697 di·

222 1744 344 1803 cuntur
377 1758 448 1803 esse
482 1737 676 1820 hominnm]
737 1738 889 1817 Accedit,
925 1738 1014 1820 quod
1047 1738 1153 1804 turbae
1186 1760 1253 1805 non
1287 1747 1380 1806 recte

221 1847 400 1928 dignitates
423 1845 559 1930 (plurali
575 1846 725 1926 numero)
744 1847 917 1922 contrariae
934 1854 1111 1929 ponuntur.
1145 1847 1256 1912 Livius
1274 1849 1379 1932 scrip·

222 1961 326 2020 serat:
351 1953 473 2019 turba
497 1955 769 2035 conspectior,
794 1975 911 2037 quum
935 1953 1119 2037 dignitas
1143 1955 1318 2021 deesset.

306 2061 403 2146 *Cap
429 2067 485 2140 41,
518 2065 536 2124 7
565 2060 620 2140 (de
644 2061 829 2126 Hannibale
859 2061 995 2126 insidias
1018 2062 1175 2127 Romanis
1197 2064 1379 2144 struentelt

220 2177 418 2250 transque
453 2171 660 2252 proximos
696 2175 851 2235 montes
879 2168 978 2233 laeva
1005 2170 1170 2252 pedites
1197 2171 1379 2237 instruc·

220 2284 284 2343 tos
315 2276 471 2355 condit,
500 2277 643 2342 dextra
671 2278 848 2359 equites,
877 2277 1171 2361 impedimenta
1194 2300 1266 2361 per
1289 2299 1380 2345 oon-

220 2385 366 2449 vallem
399 2384 572 2449 medium
607 2405 749 2467 agmen
776 2384 972 2449 traducit.
1027 2385 1102 2449 Non
1130 2386 1382 2469 elegantissima

220 2492 291 2556 haec
314 2493 494 2574 appositio:
531 2472 820 2576 impedimenta
847 2492 1019 2557 medium
1047 2512 1187 2574 agmen
1215 2493 1294 2577 (hoc
1317 2503 1378 2576 111,

219 2607 377 2681 tanquam
399 2600 540 2665 medium
564 2600 711 2682 agmen);
741 2600 798 2665 sed
827 2599 953 2665 nullum
981 2606 1054 2665 erat
1077 2602 1208 2667 omnino
1231 2603 1380 2670 medium

221 2726 352 2788 agmen,
380 2709 536 2790 quoniam
564 2708 694 2791 pedites
722 2709 916 2790 equitesque
945 2730 1010 2773 non
1039 2709 1080 2772 ab
1108 2714 1251 2792 utroque
1274 2711 1379 2796 impe·

220 2814 438 2880 dimentornm
461 2815 563 2880 latere
587 2816 781 2892 transibant,
804 2815 861 2879 sed
886 2815 1033 2880 traducti
1059 2818 1125 2880 iam
1149 2823 1381 2899 postmontes

218 2924 371 2988 instructi
395 2925 538 2988 stabant.
583 2923 621 2986 ln
645 2924 669 2986 P
693 2930 759 2987 est:
795 2945 868 3007 per
899 2924 1152 2988 cornuallem
1182 2926 1380 2992 medium·

220 3052 370 3096 amnem
404 3032 604 3105 traducit,
639 3031 703 3097 hoc
737 3038 801 3095 est:
843 3053 913 3114 per
947 3031 1171 3096 convallem
1206 3035 1379 3100 mediam

218 3140 413 3215 traducit,
443 3144 602 3209 correcto,
628 3137 717 3221 qnod
740 3139 881 3221 primum
905 3140 1064 3221 seriptum
1087 3147 1168 3219 erat,
1191 3142 1380 3222 medium,

218 3246 342 3343 111111οΙ
355 3247 473 3311 deinde
496 3268 590 3322 nem,
613 3254 650 3309 ut
673 3245 740 3309 dixi
763 3245 862 3329 paulo
886 3253 962 3310 ante
986 3247 1027 3310 ad
1052 3269 1078 3309 c.
1103 3250 1153 3327 28,
1176 3253 1206 3313 4,

303 3353 382 3437 (lap.
406 3359 456 3432 45,
481 3358 499 3415 7
540 3353 586 3432 (11
616 3354 836 3436 descriptione
865 3354 947 3418 aciei
977 3355 1131 3419 Romanae
1159 3356 1203 3420 ad
1233 3356 1379 3440 Cannas,

217 3469 394 3544 postquam
413 3460 452 3525 de
471 3463 634 3526 sociorum
653 3456 819 3543 peditibus
837 3461 1069 3543 equitibusque
1087 3462 1199 3543 dixitl:
1212 3474 1379 3533 —tenu·

217 3575 349 3646 erunt,
388 3567 645 3633 iaculatores
680 3590 764 3633 cum
799 3571 956 3633 ceteris
990 3570 1138 3634 levium
1172 3591 1376 3641 armorum

216 3675 385 3739 auxiliis
413 3677 543 3758 prima
572 3677 681 3740 acies
704 3677 826 3741 11011.
877 3675 1015 3741 Codices
1039 3677 1151 3759 (etiam
1175 3678 1377 3765 deteriores)

214 3781 468 3847 iaculatores
502 3804 546 3847 ex
580 3785 744 3847 ceteris.
800 3783 889 3848 Nihil
919 3783 1176 3866 desiderabitur,
1212 3789 1242 3853 si
1273 3791 1377 3876 scrip·

215 3892 313 3955 seris:
358 3897 590 3970 tenuerunt3
629 3893 1374 3974 1110111111-11111111011111011

215 3999 309 4063 Levis
332 4007 507 4063 armaturae
531 3999 654 4063 auxilia
677 4006 874 4081 separantur
897 3999 939 4063 ab
960 3999 1088 4064 Latinis
1111 4009 1145 4066 et
1162 3986 1259 4070 Italis
1284 4007 1377 4089 equi·

216 4106 303 4171 tibus
342 4107 582 4189 peditibusque.
646 4106 904 4171 laculatores
945 4108 1133 4191 explicandi
1173 4132 1279 4178 causa
1317 4114 1376 4178 ad·

214 4215 372 4296 seriptum
390 4214 519 4278 videtur
537 4213 568 4295 (e
586 4236 655 4297 cap.
669 4220 719 4293 46,
734 4219 765 4277 1;
789 4214 1050 4297 Baliaribus).
1075 4217 1199 4299 (1862.)
1228 4218 1312 4305 Gap.
1324 4227 1375 4302 46,

216 4324 234 4381 5
258 4342 297 4384 ex
320 4322 546 4385 antetalius
565 4322 617 4402 (P)
636 4321 823 4387 faciendum
846 4328 933 4386 erat:
957 4331 1044 4385 ente
1068 4324 1168 4387 ellos
1191 4326 1376 4406 (habitus
