<?xml version="1.0" encoding="UTF-8"?>
<!DOCTYPE html PUBLIC "-//W3C//DTD XHTML 1.0 Transitional//EN"
    "http://www.w3.org/TR/xhtml1/DTD/xhtml1-transitional.dtd">
<html xmlns="http://www.w3.org/1999/xhtml" xml:lang="en" lang="en">
 <head>
  <title>
</title>
<meta http-equiv="Content-Type" content="text/html;charset=utf-8" />
  <meta name='ocr-system' content='tesseract 3.04.00' />
  <meta name='ocr-capabilities' content='ocr_page ocr_carea ocr_par ocr_line ocrx_word'/>
</head>
<body>
  <div class='ocr_page' id='page_1' title='image "./emendationesliv00madvgoog_0043.png"; bbox 0 0 2994 5108; ppageno 0'>
   <div class='ocr_carea' id='block_1_1' title="bbox 760 457 801 519">
    <p class='ocr_par' dir='ltr' id='par_1_1' title="bbox 760 457 801 519">
     <span class='ocr_line' id='line_1_1' title="bbox 760 457 801 519; baseline 0 0"><span class='ocrx_word' id='word_1_1' title='bbox 760 457 801 519; x_wconf 89' lang='grc'><strong>30</strong></span> 
     </span>
    </p>
   </div>
   <div class='ocr_carea' id='block_1_2' title="bbox 134 640 1357 728">
    <p class='ocr_par' dir='ltr' id='par_1_2' title="bbox 134 640 1357 728">
     <span class='ocr_line' id='line_1_2' title="bbox 134 640 1357 728; baseline 0.005 -26"><span class='ocrx_word' id='word_1_2' title='bbox 134 650 186 717; x_wconf 76' lang='lat'>(28)</span> <span class='ocrx_word' id='word_1_3' title='bbox 205 641 488 725; x_wconf 88' lang='lat' dir='ltr'><strong>Interpolatiouis,</strong></span> <span class='ocrx_word' id='word_1_4' title='bbox 518 662 591 724; x_wconf 84' lang='lat' dir='ltr'><strong>quae</strong></span> <span class='ocrx_word' id='word_1_5' title='bbox 618 643 751 725; x_wconf 90' lang='lat' dir='ltr'><strong>quidem</strong></span> <span class='ocrx_word' id='word_1_6' title='bbox 779 642 911 728; x_wconf 89' lang='lat' dir='ltr'>proprie</span> <span class='ocrx_word' id='word_1_7' title='bbox 934 640 1055 707; x_wconf 85' lang='lat' dir='ltr'><strong>dicitur</strong></span> <span class='ocrx_word' id='word_1_8' title='bbox 1077 641 1167 724; x_wconf 89' lang='lat' dir='ltr'><strong>(nam</strong></span> <span class='ocrx_word' id='word_1_9' title='bbox 1189 641 1272 708; x_wconf 91' lang='lat' dir='ltr'><strong>illud</strong></span> <span class='ocrx_word' id='word_1_10' title='bbox 1293 642 1357 708; x_wconf 85' lang='lat' dir='ltr'><strong>La-</strong></span> 
     </span>
    </p>
   </div>
   <div class='ocr_carea' id='block_1_3' title="bbox 166 750 1357 3210">
    <p class='ocr_par' dir='ltr' id='par_1_3' title="bbox 166 750 1357 3210">
     <span class='ocr_line' id='line_1_3' title="bbox 202 750 1356 834; baseline 0.001 -19"><span class='ocrx_word' id='word_1_11' title='bbox 202 751 289 816; x_wconf 88' lang='lat' dir='ltr'><strong>tinas</strong></span> <span class='ocrx_word' id='word_1_12' title='bbox 322 771 418 815; x_wconf 83' lang='lat' dir='ltr'><strong>voces</strong></span> <span class='ocrx_word' id='word_1_13' title='bbox 452 750 694 834; x_wconf 88' lang='lat' dir='ltr'><strong>qualescunque</strong></span> <span class='ocrx_word' id='word_1_14' title='bbox 728 750 891 815; x_wconf 85' lang='lat' dir='ltr'><strong>efficiendi</strong></span> <span class='ocrx_word' id='word_1_15' title='bbox 923 750 1071 815; x_wconf 92' lang='lat' dir='ltr'><strong>studium</strong></span> <span class='ocrx_word' id='word_1_16' title='bbox 1103 772 1168 817; x_wconf 88' lang='lat' dir='ltr'><strong>non</strong></span> <span class='ocrx_word' id='word_1_17' title='bbox 1195 751 1356 832; x_wconf 89' lang='lat' dir='ltr'><strong>numero),</strong></span> 
     </span>
     <span class='ocr_line' id='line_1_4' title="bbox 202 857 1356 944; baseline 0.002 -22"><span class='ocrx_word' id='word_1_18' title='bbox 202 859 370 924; x_wconf 89' lang='lat' dir='ltr'><strong>rarissima</strong></span> <span class='ocrx_word' id='word_1_19' title='bbox 391 859 529 942; x_wconf 81' lang='lat' dir='ltr'><strong>vestigia</strong></span> <span class='ocrx_word' id='word_1_20' title='bbox 551 864 628 924; x_wconf 89' lang='lat' dir='ltr'><strong>sunt</strong></span> <span class='ocrx_word' id='word_1_21' title='bbox 649 857 843 925; x_wconf 60' lang='lat' dir='ltr'><strong>uec‘tamen</strong></span> <span class='ocrx_word' id='word_1_22' title='bbox 864 857 966 923; x_wconf 89' lang='lat' dir='ltr'><strong>nulla.</strong></span> <span class='ocrx_word' id='word_1_23' title='bbox 1011 857 1096 924; x_wconf 90' lang='lat' dir='ltr'><strong>Nam</strong></span> <span class='ocrx_word' id='word_1_24' title='bbox 1121 858 1356 944; x_wconf 82' lang='lat' dir='ltr'><strong>[praeterquam</strong></span> 
     </span>
     <span class='ocr_line' id='line_1_5' title="bbox 166 966 1357 1050; baseline -0.001 -17"><span class='ocrx_word' id='word_1_25' title='bbox 166 996 171 1003; x_wconf 94' lang='lat'>·</span> <span class='ocrx_word' id='word_1_26' title='bbox 203 967 293 1050; x_wconf 90' lang='lat' dir='ltr'><strong>quod</strong></span> <span class='ocrx_word' id='word_1_27' title='bbox 308 966 363 1046; x_wconf 88' lang='lat' dir='ltr'><strong>IV,</strong></span> <span class='ocrx_word' id='word_1_28' title='bbox 388 971 438 1047; x_wconf 81' lang='lat'><strong>35,</strong></span> <span class='ocrx_word' id='word_1_29' title='bbox 465 972 555 1032; x_wconf 81' lang='lat' dir='ltr'><strong>loct</strong></span> <span class='ocrx_word' id='word_1_30' title='bbox 580 966 617 1047; x_wconf 89' lang='lat' dir='ltr'><strong>V,</strong></span> <span class='ocrx_word' id='word_1_31' title='bbox 636 970 664 1046; x_wconf 87' lang='lat'><strong>3,</strong></span> <span class='ocrx_word' id='word_1_32' title='bbox 683 970 703 1031; x_wconf 77' lang='lat'><strong>2</strong></span> <span class='ocrx_word' id='word_1_33' title='bbox 722 967 921 1032; x_wconf 90' lang='lat' dir='ltr'><strong>omittuntur</strong></span> <span class='ocrx_word' id='word_1_34' title='bbox 940 966 1071 1047; x_wconf 85' lang='lat' dir='ltr'><strong>litterae,</strong></span> <span class='ocrx_word' id='word_1_35' title='bbox 1094 966 1156 1032; x_wconf 90' lang='lat' dir='ltr'><strong>sub</strong></span> <span class='ocrx_word' id='word_1_36' title='bbox 1180 967 1300 1049; x_wconf 89' lang='lat' dir='ltr'><strong>quibus</strong></span> <span class='ocrx_word' id='word_1_37' title='bbox 1321 968 1357 1032; x_wconf 90' lang='lat' dir='ltr'><strong>in</strong></span> 
     </span>
     <span class='ocr_line' id='line_1_6' title="bbox 201 1073 1355 1160; baseline 0.001 -21"><span class='ocrx_word' id='word_1_38' title='bbox 201 1075 338 1160; x_wconf 87' lang='lat' dir='ltr'><strong>reliquis</strong></span> <span class='ocrx_word' id='word_1_39' title='bbox 370 1075 459 1140; x_wconf 85' lang='lat' dir='ltr'><strong>varie</strong></span> <span class='ocrx_word' id='word_1_40' title='bbox 493 1077 656 1160; x_wconf 87' lang='lat' dir='ltr'><strong>corruptis</strong></span> <span class='ocrx_word' id='word_1_41' title='bbox 689 1074 795 1140; x_wconf 89' lang='lat' dir='ltr'><strong>latent</strong></span> <span class='ocrx_word' id='word_1_42' title='bbox 828 1095 871 1139; x_wconf 92' lang='lat' dir='ltr'><strong>os</strong></span> <span class='ocrx_word' id='word_1_43' title='bbox 900 1083 934 1139; x_wconf 91' lang='lat' dir='ltr'><strong>et</strong></span> <span class='ocrx_word' id='word_1_44' title='bbox 963 1073 1160 1157; x_wconf 82' lang='lat' dir='ltr'><strong>Quirites]</strong></span> <span class='ocrx_word' id='word_1_45' title='bbox 1184 1075 1242 1156; x_wconf 91' lang='lat' dir='ltr'><strong>VI,</strong></span> <span class='ocrx_word' id='word_1_46' title='bbox 1270 1079 1305 1155; x_wconf 78' lang='lat'><strong>2,</strong></span> <span class='ocrx_word' id='word_1_47' title='bbox 1332 1081 1355 1140; x_wconf 82' lang='lat'><strong>·5</strong></span> 
     </span>
     <span class='ocr_line' id='line_1_7' title="bbox 203 1181 1356 1267; baseline 0.003 -22"><span class='ocrx_word' id='word_1_48' title='bbox 203 1205 305 1265; x_wconf 84' lang='lat' dir='ltr'><strong>quum</strong></span> <span class='ocrx_word' id='word_1_49' title='bbox 339 1182 450 1249; x_wconf 85' lang='lat' dir='ltr'><strong>Livius</strong></span> <span class='ocrx_word' id='word_1_50' title='bbox 491 1184 694 1267; x_wconf 81' lang='lat' dir='ltr'><strong>scripsisset,</strong></span> <span class='ocrx_word' id='word_1_51' title='bbox 735 1182 824 1267; x_wconf 88' lang='lat' dir='ltr'><strong>quod</strong></span> <span class='ocrx_word' id='word_1_52' title='bbox 861 1181 896 1246; x_wconf 90' lang='lat' dir='ltr'><strong>in</strong></span> <span class='ocrx_word' id='word_1_53' title='bbox 934 1182 1152 1248; x_wconf 87' lang='lat' dir='ltr'><strong>deterioribus</strong></span> <span class='ocrx_word' id='word_1_54' title='bbox 1186 1183 1356 1249; x_wconf 82' lang='lat' dir='ltr'><strong>codicibus</strong></span> 
     </span>
     <span class='ocr_line' id='line_1_8' title="bbox 202 1291 1357 1376; baseline 0.003 -22"><span class='ocrx_word' id='word_1_55' title='bbox 202 1291 366 1356; x_wconf 84' lang='lat' dir='ltr'><strong>nonnullis</strong></span> <span class='ocrx_word' id='word_1_56' title='bbox 397 1292 586 1357; x_wconf 89' lang='lat' dir='ltr'><strong>coniectura</strong></span> <span class='ocrx_word' id='word_1_57' title='bbox 613 1292 805 1357; x_wconf 90' lang='lat' dir='ltr'><strong>restitutum</strong></span> <span class='ocrx_word' id='word_1_58' title='bbox 834 1297 886 1356; x_wconf 90' lang='lat' dir='ltr'><strong>est</strong></span> <span class='ocrx_word' id='word_1_59' title='bbox 908 1298 941 1356; x_wconf 88' lang='lat' dir='ltr'><strong>et</strong></span> <span class='ocrx_word' id='word_1_60' title='bbox 963 1312 1064 1375; x_wconf 90' lang='lat' dir='ltr'><strong>quum</strong></span> <span class='ocrx_word' id='word_1_61' title='bbox 1087 1291 1165 1356; x_wconf 91' lang='lat' dir='ltr'><strong>olim</strong></span> <span class='ocrx_word' id='word_1_62' title='bbox 1187 1299 1258 1356; x_wconf 92' lang='lat' dir='ltr'><strong>tum</strong></span> <span class='ocrx_word' id='word_1_63' title='bbox 1279 1299 1357 1376; x_wconf 92' lang='lat' dir='ltr'><strong>post</strong></span> 
     </span>
     <span class='ocr_line' id='line_1_9' title="bbox 204 1399 1356 1483; baseline 0.001 -20"><span class='ocrx_word' id='word_1_64' title='bbox 204 1400 404 1465; x_wconf 84' lang='lat' dir='ltr'><strong>Gronovium</strong></span> <span class='ocrx_word' id='word_1_65' title='bbox 437 1399 480 1464; x_wconf 85' lang='lat' dir='ltr'><strong>ed</strong></span> <span class='ocrx_word' id='word_1_66' title='bbox 508 1407 634 1465; x_wconf 87' lang='lat' dir='ltr'><strong>nostra.</strong></span> <span class='ocrx_word' id='word_1_67' title='bbox 651 1406 802 1483; x_wconf 87' lang='lat' dir='ltr'><strong>tempora</strong></span> <span class='ocrx_word' id='word_1_68' title='bbox 831 1399 971 1465; x_wconf 91' lang='lat' dir='ltr'><strong>editum:</strong></span> <span class='ocrx_word' id='word_1_69' title='bbox 1005 1399 1168 1483; x_wconf 83' lang='lat' dir='ltr'><strong>placuit</strong></span> <span class='ocrx_word' id='word_1_70' title='bbox 1200 1399 1356 1465; x_wconf 89' lang='lat' dir='ltr'><strong>eisdem</strong></span> 
     </span>
     <span class='ocr_line' id='line_1_10' title="bbox 203 1506 1357 1592; baseline 0.001 -20"><span class='ocrx_word' id='word_1_71' title='bbox 203 1509 404 1592; x_wconf 80' lang='lat' dir='ltr'><strong>auspiciis</strong></span> <span class='ocrx_word' id='word_1_72' title='bbox 422 1507 589 1573; x_wconf 83' lang='lat' dir='ltr'><strong>defendi</strong></span> <span class='ocrx_word' id='word_1_73' title='bbox 612 1506 926 1591; x_wconf 87' lang='lat' dir='ltr'><strong>rempublicam,</strong></span> <span class='ocrx_word' id='word_1_74' title='bbox 949 1507 1095 1591; x_wconf 90' lang='lat' dir='ltr'><strong>quibus</strong></span> <span class='ocrx_word' id='word_1_75' title='bbox 1111 1514 1357 1592; x_wconf 87' lang='lat' dir='ltr'><strong>recuperata</strong></span> 
     </span>
     <span class='ocr_line' id='line_1_11' title="bbox 203 1615 1355 1700; baseline -0.001 -18"><span class='ocrx_word' id='word_1_76' title='bbox 203 1623 329 1695; x_wconf 87' lang='lat' dir='ltr'><strong>esset,</strong></span> <span class='ocrx_word' id='word_1_77' title='bbox 358 1637 417 1700; x_wconf 90' lang='lat' dir='ltr'><strong>pro</strong></span> <span class='ocrx_word' id='word_1_78' title='bbox 447 1616 628 1681; x_wconf 89' lang='lat' dir='ltr'><strong>eiusdem</strong></span> <span class='ocrx_word' id='word_1_79' title='bbox 651 1615 827 1680; x_wconf 88' lang='lat' dir='ltr'><strong>hominis</strong></span> <span class='ocrx_word' id='word_1_80' title='bbox 850 1615 1050 1700; x_wconf 82' lang='lat' dir='ltr'><strong>auspiciis</strong></span> <span class='ocrx_word' id='word_1_81' title='bbox 1075 1615 1186 1680; x_wconf 88' lang='lat' dir='ltr'><strong>dicens</strong></span> <span class='ocrx_word' id='word_1_82' title='bbox 1209 1616 1355 1696; x_wconf 87' lang='lat' dir='ltr'><strong>eadem,</strong></span> 
     </span>
     <span class='ocr_line' id='line_1_12' title="bbox 202 1723 1354 1808; baseline 0 -19"><span class='ocrx_word' id='word_1_83' title='bbox 202 1732 302 1806; x_wconf 90' lang='lat' dir='ltr'><strong>atque</strong></span> <span class='ocrx_word' id='word_1_84' title='bbox 335 1724 411 1788; x_wconf 87' lang='lat' dir='ltr'><strong>iude</strong></span> <span class='ocrx_word' id='word_1_85' title='bbox 445 1726 478 1788; x_wconf 88' lang='lat' dir='ltr'><strong>iu</strong></span> <span class='ocrx_word' id='word_1_86' title='bbox 513 1723 625 1789; x_wconf 91' lang='lat' dir='ltr'><strong>codice</strong></span> <span class='ocrx_word' id='word_1_87' title='bbox 654 1724 833 1808; x_wconf 82' lang='lat' dir='ltr'><strong>archetypo</strong></span> <span class='ocrx_word' id='word_1_88' title='bbox 861 1743 928 1788; x_wconf 87' lang='lat' dir='ltr'><strong>una</strong></span> <span class='ocrx_word' id='word_1_89' title='bbox 955 1723 1137 1788; x_wconf 87' lang='lat' dir='ltr'><strong>littera-</strong></span> <span class='ocrx_word' id='word_1_90' title='bbox 1165 1724 1284 1789; x_wconf 81' lang='lat' dir='ltr'><strong>calami</strong></span> <span class='ocrx_word' id='word_1_91' title='bbox 1311 1745 1354 1789; x_wconf 89' lang='lat' dir='ltr'><strong>au</strong></span> 
     </span>
     <span class='ocr_line' id='line_1_13' title="bbox 202 1831 1353 1915; baseline 0 -18"><span class='ocrx_word' id='word_1_92' title='bbox 202 1833 304 1897; x_wconf 86' lang='lat' dir='ltr'><strong>animi</strong></span> <span class='ocrx_word' id='word_1_93' title='bbox 326 1854 452 1912; x_wconf 89' lang='lat' dir='ltr'><strong>errore,</strong></span> <span class='ocrx_word' id='word_1_94' title='bbox 481 1832 611 1897; x_wconf 80' lang='lat' dir='ltr'><strong>dicam?</strong></span> <span class='ocrx_word' id='word_1_95' title='bbox 632 1866 677 1877; x_wconf 92' lang='lat'><em>-</em></span> <span class='ocrx_word' id='word_1_96' title='bbox 698 1831 832 1911; x_wconf 71' lang='lat' dir='ltr'><strong>addita„</strong></span> <span class='ocrx_word' id='word_1_97' title='bbox 850 1838 960 1896; x_wconf 91' lang='lat' dir='ltr'><strong>ortum</strong></span> <span class='ocrx_word' id='word_1_98' title='bbox 982 1837 1078 1911; x_wconf 87' lang='lat' dir='ltr'><strong>esset,</strong></span> <span class='ocrx_word' id='word_1_99' title='bbox 1107 1832 1196 1915; x_wconf 90' lang='lat' dir='ltr'><strong>quod</strong></span> <span class='ocrx_word' id='word_1_100' title='bbox 1217 1833 1251 1896; x_wconf 90' lang='lat' dir='ltr'><strong>in</strong></span> <span class='ocrx_word' id='word_1_101' title='bbox 1276 1831 1353 1897; x_wconf 92' lang='lat' dir='ltr'><strong>PHl</strong></span> 
     </span>
     <span class='ocr_line' id='line_1_14' title="bbox 202 1939 1354 2024; baseline 0 -18"><span class='ocrx_word' id='word_1_102' title='bbox 202 1943 340 2006; x_wconf 88' lang='lat' dir='ltr'><strong>mansit:</strong></span> <span class='ocrx_word' id='word_1_103' title='bbox 375 1941 558 2006; x_wconf 89' lang='lat' dir='ltr'><strong>eiusdem</strong></span> <span class='ocrx_word' id='word_1_104' title='bbox 579 1941 798 2024; x_wconf 85' lang='lat' dir='ltr'><strong>¹auspiciis</strong></span> <span class='ocrx_word' id='word_1_105' title='bbox 831 1975 875 1985; x_wconf 90' lang='lat'><strong>—</strong></span> <span class='ocrx_word' id='word_1_106' title='bbox 908 1939 1074 2023; x_wconf 86' lang='lat' dir='ltr'><strong>quibus,</strong></span> <span class='ocrx_word' id='word_1_107' title='bbox 1106 1941 1140 2004; x_wconf 91' lang='lat' dir='ltr'><strong>iu</strong></span> <span class='ocrx_word' id='word_1_108' title='bbox 1168 1939 1248 2004; x_wconf 92' lang='lat' dir='ltr'><strong>MLl</strong></span> <span class='ocrx_word' id='word_1_109' title='bbox 1279 1941 1354 2006; x_wconf 89' lang='lat' dir='ltr'><strong>aliis</strong></span> 
     </span>
     <span class='ocr_line' id='line_1_15' title="bbox 201 2047 1355 2133; baseline 0 -21"><span class='ocrx_word' id='word_1_110' title='bbox 201 2049 325 2114; x_wconf 85' lang='lat' dir='ltr'><strong>factum</strong></span> <span class='ocrx_word' id='word_1_111' title='bbox 359 2057 423 2113; x_wconf 89' lang='lat' dir='ltr'><strong>est:</strong></span> <span class='ocrx_word' id='word_1_112' title='bbox 458 2049 639 2113; x_wconf 87' lang='lat' dir='ltr'><strong>eiusdem</strong></span> <span class='ocrx_word' id='word_1_113' title='bbox 674 2049 878 2131; x_wconf 89' lang='lat' dir='ltr'><strong>auspiciis</strong></span> <span class='ocrx_word' id='word_1_114' title='bbox 906 2049 1093 2112; x_wconf 88' lang='lat' dir='ltr'><strong>-cuius</strong></span> <span class='ocrx_word' id='word_1_115' title='bbox 1121 2047 1220 2130; x_wconf 90' lang='lat' dir='ltr'><strong>idque</strong></span> <span class='ocrx_word' id='word_1_116' title='bbox 1248 2069 1355 2133; x_wconf 84' lang='lat' dir='ltr'><strong>nuper</strong></span> 
     </span>
     <span class='ocr_line' id='line_1_16' title="bbox 202 2155 1356 2241; baseline -0.002 -19"><span class='ocrx_word' id='word_1_117' title='bbox 202 2157 393 2241; x_wconf 89' lang='lat' dir='ltr'><strong>probatum,</strong></span> <span class='ocrx_word' id='word_1_118' title='bbox 427 2178 527 2240; x_wconf 91' lang='lat' dir='ltr'><strong>quam</strong></span> <span class='ocrx_word' id='word_1_119' title='bbox 553 2155 692 2220; x_wconf 87' lang='lat' dir='ltr'><strong>formam</strong></span> <span class='ocrx_word' id='word_1_120' title='bbox 720 2157 747 2220; x_wconf 94' lang='lat' dir='ltr'><strong>si</strong></span> <span class='ocrx_word' id='word_1_121' title='bbox 772 2156 883 2220; x_wconf 87' lang='lat' dir='ltr'><strong>Livius</strong></span> <span class='ocrx_word' id='word_1_122' title='bbox 912 2162 1044 2221; x_wconf 90' lang='lat' dir='ltr'><strong>secutus</strong></span> <span class='ocrx_word' id='word_1_123' title='bbox 1068 2164 1170 2234; x_wconf 88' lang='lat' dir='ltr'><strong>esset,</strong></span> <span class='ocrx_word' id='word_1_124' title='bbox 1203 2162 1262 2220; x_wconf 91' lang='lat' dir='ltr'><strong>aut</strong></span> <span class='ocrx_word' id='word_1_125' title='bbox 1283 2155 1356 2220; x_wconf 92' lang='lat' dir='ltr'><strong>ho·</strong></span> 
     </span>
     <span class='ocr_line' id='line_1_17' title="bbox 205 2262 1355 2347; baseline -0.002 -17"><span class='ocrx_word' id='word_1_126' title='bbox 205 2266 324 2330; x_wconf 88' lang='lat' dir='ltr'><strong>minis</strong></span> <span class='ocrx_word' id='word_1_127' title='bbox 353 2271 411 2328; x_wconf 86' lang='lat' dir='ltr'><strong>aut</strong></span> <span class='ocrx_word' id='word_1_128' title='bbox 438 2265 515 2328; x_wconf 90' lang='lat' dir='ltr'><strong>viri</strong></span> <span class='ocrx_word' id='word_1_129' title='bbox 544 2262 779 2344; x_wconf 73' lang='lat' dir='ltr'><strong>addidissetl)</strong></span> <span class='ocrx_word' id='word_1_130' title='bbox 829 2263 1014 2329; x_wconf 80' lang='lat' dir='ltr'><strong>Admodum</strong></span> <span class='ocrx_word' id='word_1_131' title='bbox 1042 2265 1143 2330; x_wconf 91' lang='lat' dir='ltr'><strong>etiam</strong></span> <span class='ocrx_word' id='word_1_132' title='bbox 1166 2271 1355 2347; x_wconf 85' lang='lat' dir='ltr'><strong>suspectum</strong></span> 
     </span>
     <span class='ocr_line' id='line_1_18' title="bbox 203 2370 1353 2454; baseline -0.001 -17"><span class='ocrx_word' id='word_1_133' title='bbox 203 2380 268 2452; x_wconf 90' lang='grc' dir='ltr'>θεῖ,</span> <span class='ocrx_word' id='word_1_134' title='bbox 297 2372 386 2454; x_wconf 90' lang='lat' dir='ltr'><strong>quod</strong></span> <span class='ocrx_word' id='word_1_135' title='bbox 408 2371 453 2451; x_wconf 86' lang='lat' dir='ltr'><strong>x,</strong></span> <span class='ocrx_word' id='word_1_136' title='bbox 486 2375 539 2451; x_wconf 90' lang='lat'><strong>13,</strong></span> <span class='ocrx_word' id='word_1_137' title='bbox 569 2374 603 2449; x_wconf 90' lang='lat'><strong>3,</strong></span> <span class='ocrx_word' id='word_1_138' title='bbox 633 2370 691 2435; x_wconf 90' lang='lat' dir='ltr'><strong>ubi</strong></span> <span class='ocrx_word' id='word_1_139' title='bbox 718 2371 752 2436; x_wconf 92' lang='lat' dir='ltr'><strong>in</strong></span> <span class='ocrx_word' id='word_1_140' title='bbox 781 2372 897 2437; x_wconf 89' lang='lat' dir='ltr'><strong>ceteris</strong></span> <span class='ocrx_word' id='word_1_141' title='bbox 921 2371 1089 2437; x_wconf 88' lang='lat' dir='ltr'><strong>codicibus</strong></span> <span class='ocrx_word' id='word_1_142' title='bbox 1112 2372 1263 2437; x_wconf 82' lang='lat' dir='ltr'><strong>omnibus</strong></span> <span class='ocrx_word' id='word_1_143' title='bbox 1287 2378 1353 2437; x_wconf 88' lang='lat' dir='ltr'><strong>est:</strong></span> 
     </span>
     <span class='ocr_line' id='line_1_19' title="bbox 203 2478 1355 2564; baseline -0.001 -19"><span class='ocrx_word' id='word_1_144' title='bbox 203 2482 426 2545; x_wconf 85' lang='lat' dir='ltr'><strong>exercitum</strong></span> <span class='ocrx_word' id='word_1_145' title='bbox 458 2479 661 2544; x_wconf 87' lang='lat' dir='ltr'><strong>Lucanum</strong></span> <span class='ocrx_word' id='word_1_146' title='bbox 700 2478 857 2544; x_wconf 91' lang='lat' dir='ltr'><strong>hostem</strong></span> <span class='ocrx_word' id='word_1_147' title='bbox 892 2487 1185 2564; x_wconf 87' lang='lat' dir='ltr'><strong>comparatum,</strong></span> <span class='ocrx_word' id='word_1_148' title='bbox 1212 2478 1246 2544; x_wconf 91' lang='lat' dir='ltr'>M</span> <span class='ocrx_word' id='word_1_149' title='bbox 1269 2501 1355 2544; x_wconf 86' lang='lat' dir='ltr'><strong>unus</strong></span> 
     </span>
     <span class='ocr_line' id='line_1_20' title="bbox 202 2586 1354 2672; baseline -0.003 -18"><span class='ocrx_word' id='word_1_150' title='bbox 202 2589 317 2654; x_wconf 91' lang='lat' dir='ltr'><strong>habet:</strong></span> <span class='ocrx_word' id='word_1_151' title='bbox 337 2588 564 2653; x_wconf 84' lang='lat' dir='ltr'><strong>exercitum</strong></span> <span class='ocrx_word' id='word_1_152' title='bbox 581 2587 780 2651; x_wconf 84' lang='lat' dir='ltr'><strong>adversus</strong></span> <span class='ocrx_word' id='word_1_153' title='bbox 797 2586 886 2652; x_wconf 89' lang='lat' dir='ltr'><strong>Luc.</strong></span> <span class='ocrx_word' id='word_1_154' title='bbox 904 2587 936 2651; x_wconf 93' lang='lat' dir='ltr'><strong>h.</strong></span> <span class='ocrx_word' id='word_1_155' title='bbox 955 2609 1077 2672; x_wconf 91' lang='lat' dir='ltr'><strong>comp.</strong></span> <span class='ocrx_word' id='word_1_156' title='bbox 1111 2586 1251 2652; x_wconf 88' lang='lat' dir='ltr'><strong>Videtur</strong></span> <span class='ocrx_word' id='word_1_157' title='bbox 1268 2587 1354 2652; x_wconf 89' lang='lat' dir='ltr'><strong>enim</strong></span> 
     </span>
     <span class='ocr_line' id='line_1_21' title="bbox 203 2695 1354 2780; baseline -0.002 -19"><span class='ocrx_word' id='word_1_158' title='bbox 203 2698 328 2780; x_wconf 88' lang='lat' dir='ltr'><strong>potius,</strong></span> <span class='ocrx_word' id='word_1_159' title='bbox 364 2696 451 2779; x_wconf 86' lang='lat' dir='ltr'><strong>quod</strong></span> <span class='ocrx_word' id='word_1_160' title='bbox 481 2695 665 2760; x_wconf 87' lang='lat' dir='ltr'><strong>Gronovius</strong></span> <span class='ocrx_word' id='word_1_161' title='bbox 699 2695 874 2774; x_wconf 83' lang='lat' dir='ltr'><strong>intellexit,</strong></span> <span class='ocrx_word' id='word_1_162' title='bbox 908 2696 947 2759; x_wconf 91' lang='lat' dir='ltr'><strong>in</strong></span> <span class='ocrx_word' id='word_1_163' title='bbox 982 2702 1058 2779; x_wconf 87' lang='lat' dir='ltr'><strong>post</strong></span> <span class='ocrx_word' id='word_1_164' title='bbox 1085 2715 1113 2756; x_wconf 80' lang='grc' dir='ltr'><strong>ιι</strong></span> <span class='ocrx_word' id='word_1_165' title='bbox 1143 2695 1354 2777; x_wconf 60' lang='lat' dir='ltr'><strong>excidisset)</strong></span> 
     </span>
     <span class='ocr_line' id='line_1_22' title="bbox 203 2801 1355 2886; baseline -0.001 -17"><span class='ocrx_word' id='word_1_166' title='bbox 203 2805 264 2885; x_wconf 86' lang='lat' dir='ltr'><strong>(De</strong></span> <span class='ocrx_word' id='word_1_167' title='bbox 287 2805 393 2870; x_wconf 87' lang='lat' dir='ltr'><strong>altera</strong></span> <span class='ocrx_word' id='word_1_168' title='bbox 416 2825 512 2868; x_wconf 89' lang='lat' dir='ltr'><strong>mauu</strong></span> <span class='ocrx_word' id='word_1_169' title='bbox 537 2803 658 2869; x_wconf 88' lang='lat' dir='ltr'><strong>codicis</strong></span> <span class='ocrx_word' id='word_1_170' title='bbox 675 2801 719 2882; x_wconf 89' lang='lat' dir='ltr'><strong>M,</strong></span> <span class='ocrx_word' id='word_1_171' title='bbox 743 2824 815 2886; x_wconf 88' lang='lat' dir='ltr'><strong>quae</strong></span> <span class='ocrx_word' id='word_1_172' title='bbox 840 2803 1005 2868; x_wconf 89' lang='lat' dir='ltr'><strong>interdum</strong></span> <span class='ocrx_word' id='word_1_173' title='bbox 1028 2802 1113 2867; x_wconf 88' lang='lat' dir='ltr'><strong>levia</strong></span> <span class='ocrx_word' id='word_1_174' title='bbox 1129 2803 1248 2868; x_wconf 87' lang='lat' dir='ltr'><strong>menda</strong></span> <span class='ocrx_word' id='word_1_175' title='bbox 1264 2811 1355 2868; x_wconf 90' lang='lat' dir='ltr'><strong>recte</strong></span> 
     </span>
     <span class='ocr_line' id='line_1_23' title="bbox 202 2911 1354 2994; baseline -0.002 -17"><span class='ocrx_word' id='word_1_176' title='bbox 202 2913 353 2991; x_wconf 85' lang='lat' dir='ltr'><strong>sustulit,</strong></span> <span class='ocrx_word' id='word_1_177' title='bbox 383 2913 548 2978; x_wconf 88' lang='lat' dir='ltr'><strong>interdurn</strong></span> <span class='ocrx_word' id='word_1_178' title='bbox 570 2911 800 2994; x_wconf 87' lang='lat' dir='ltr'><strong>interpolando</strong></span> <span class='ocrx_word' id='word_1_179' title='bbox 823 2913 976 2994; x_wconf 85' lang='lat' dir='ltr'><strong>graviora</strong></span> <span class='ocrx_word' id='word_1_180' title='bbox 997 2911 1156 2989; x_wconf 86' lang='lat' dir='ltr'><strong>reddidit,</strong></span> <span class='ocrx_word' id='word_1_181' title='bbox 1184 2911 1265 2975; x_wconf 88' lang='lat' dir='ltr'><strong>nihil</strong></span> <span class='ocrx_word' id='word_1_182' title='bbox 1288 2911 1354 2976; x_wconf 89' lang='lat' dir='ltr'><strong>dici</strong></span> 
     </span>
     <span class='ocr_line' id='line_1_24' title="bbox 201 3019 1354 3106; baseline 0.003 -26"><span class='ocrx_word' id='word_1_183' title='bbox 201 3044 284 3106; x_wconf 85' lang='lat' dir='ltr'><strong>opus</strong></span> <span class='ocrx_word' id='word_1_184' title='bbox 308 3020 382 3102; x_wconf 88' lang='grc' dir='ltr'>θεῖ.)</span> <span class='ocrx_word' id='word_1_185' title='bbox 434 3019 542 3085; x_wconf 90' lang='lat' dir='ltr'><strong>Unum</strong></span> <span class='ocrx_word' id='word_1_186' title='bbox 565 3025 725 3103; x_wconf 88' lang='lat' dir='ltr'><strong>superest,</strong></span> <span class='ocrx_word' id='word_1_187' title='bbox 753 3020 840 3102; x_wconf 88' lang='lat' dir='ltr'><strong>quod</strong></span> <span class='ocrx_word' id='word_1_188' title='bbox 863 3021 906 3086; x_wconf 91' lang='lat' dir='ltr'><strong>ad</strong></span> <span class='ocrx_word' id='word_1_189' title='bbox 928 3019 963 3084; x_wconf 91' lang='lat' dir='ltr'>M</span> <span class='ocrx_word' id='word_1_190' title='bbox 984 3021 1137 3103; x_wconf 87' lang='lat' dir='ltr'><strong>pertinet,</strong></span> <span class='ocrx_word' id='word_1_191' title='bbox 1160 3040 1354 3084; x_wconf 79' lang='lat' dir='ltr'><strong>commemo</strong></span> 
     </span>
     <span class='ocr_line' id='line_1_25' title="bbox 200 3127 1354 3210; baseline -0.004 -15"><span class='ocrx_word' id='word_1_192' title='bbox 200 3130 356 3208; x_wconf 88' lang='lat' dir='ltr'><strong>randum,</strong></span> <span class='ocrx_word' id='word_1_193' title='bbox 392 3131 424 3192; x_wconf 92' lang='lat' dir='ltr'><strong>in</strong></span> <span class='ocrx_word' id='word_1_194' title='bbox 460 3128 605 3210; x_wconf 88' lang='lat' dir='ltr'><strong>antiquis</strong></span> <span class='ocrx_word' id='word_1_195' title='bbox 639 3127 750 3193; x_wconf 83' lang='lat' dir='ltr'><strong>saeculi</strong></span> <span class='ocrx_word' id='word_1_196' title='bbox 780 3129 887 3210; x_wconf 89' lang='lat' dir='ltr'><strong>quinti</strong></span> <span class='ocrx_word' id='word_1_197' title='bbox 916 3128 1034 3193; x_wconf 89' lang='lat' dir='ltr'><strong>decimi</strong></span> <span class='ocrx_word' id='word_1_198' title='bbox 1063 3127 1278 3207; x_wconf 88' lang='lat' dir='ltr'><strong>editionibus,</strong></span> <span class='ocrx_word' id='word_1_199' title='bbox 1311 3127 1354 3192; x_wconf 89' lang='lat' dir='ltr'><strong>ad</strong></span> 
     </span>
    </p>
   </div>
   <div class='ocr_carea' id='block_1_4' title="bbox 224 3313 1355 4408">
    <p class='ocr_par' dir='ltr' id='par_1_4' title="bbox 267 3313 1355 3896">
     <span class='ocr_line' id='line_1_26' title="bbox 269 3313 1355 3384; baseline -0.001 -16"><span class='ocrx_word' id='word_1_200' title='bbox 269 3315 404 3382; x_wconf 85' lang='lat' dir='ltr'><strong>letalia,</strong></span> <span class='ocrx_word' id='word_1_201' title='bbox 428 3314 539 3384; x_wconf 89' lang='lat' dir='ltr'><strong>poetica</strong></span> <span class='ocrx_word' id='word_1_202' title='bbox 562 3331 631 3368; x_wconf 88' lang='lat' dir='ltr'><strong>voce</strong></span> <span class='ocrx_word' id='word_1_203' title='bbox 654 3315 684 3369; x_wconf 91' lang='lat' dir='ltr'><strong>in</strong></span> <span class='ocrx_word' id='word_1_204' title='bbox 701 3315 776 3368; x_wconf 82' lang='lat' dir='ltr'><strong>Livii</strong></span> <span class='ocrx_word' id='word_1_205' title='bbox 798 3315 955 3369; x_wconf 84' lang='lat' dir='ltr'><strong>orationem</strong></span> <span class='ocrx_word' id='word_1_206' title='bbox 977 3313 1059 3367; x_wconf 84' lang='lat' dir='ltr'><strong>illata</strong></span> <span class='ocrx_word' id='word_1_207' title='bbox 1082 3320 1202 3371; x_wconf 72' lang='grc' dir='ltr'><strong>θῖιιονθ</strong></span> <span class='ocrx_word' id='word_1_208' title='bbox 1220 3331 1272 3383; x_wconf 89' lang='lat' dir='ltr'><strong>pro</strong></span> <span class='ocrx_word' id='word_1_209' title='bbox 1291 3315 1355 3368; x_wconf 82' lang='lat' dir='ltr'><strong>sub·</strong></span> 
     </span>
     <span class='ocr_line' id='line_1_27' title="bbox 269 3398 1352 3469; baseline 0 -17"><span class='ocrx_word' id='word_1_210' title='bbox 269 3402 391 3454; x_wconf 84' lang='lat' dir='ltr'><strong>stantivo</strong></span> <span class='ocrx_word' id='word_1_211' title='bbox 409 3401 516 3469; x_wconf 83' lang='lat' dir='ltr'><strong>posite,</strong></span> <span class='ocrx_word' id='word_1_212' title='bbox 537 3417 589 3454; x_wconf 91' lang='lat' dir='ltr'><strong>nec</strong></span> <span class='ocrx_word' id='word_1_213' title='bbox 608 3406 703 3455; x_wconf 85' lang='lat' dir='ltr'><strong>tamen</strong></span> <span class='ocrx_word' id='word_1_214' title='bbox 722 3406 772 3453; x_wconf 89' lang='lat' dir='ltr'><strong>aut</strong></span> <span class='ocrx_word' id='word_1_215' title='bbox 793 3400 1061 3465; x_wconf 82' lang='lat' dir='ltr'><strong>animadverterunt,</strong></span> <span class='ocrx_word' id='word_1_216' title='bbox 1080 3398 1183 3466; x_wconf 78' lang='lat' dir='ltr'><strong>utillo,</strong></span> <span class='ocrx_word' id='word_1_217' title='bbox 1204 3416 1287 3467; x_wconf 82' lang='lat' dir='ltr'><strong>quam</strong></span> <span class='ocrx_word' id='word_1_218' title='bbox 1302 3416 1352 3455; x_wconf 83' lang='lat' dir='ltr'><strong>vo·</strong></span> 
     </span>
     <span class='ocr_line' id='line_1_28' title="bbox 267 3483 1353 3552; baseline -0.001 -14"><span class='ocrx_word' id='word_1_219' title='bbox 267 3487 340 3551; x_wconf 91' lang='lat' dir='ltr'><strong>lunt,</strong></span> <span class='ocrx_word' id='word_1_220' title='bbox 360 3485 518 3541; x_wconf 85' lang='lat' dir='ltr'><strong>efficeretur</strong></span> <span class='ocrx_word' id='word_1_221' title='bbox 531 3486 679 3539; x_wconf 86' lang='lat' dir='ltr'><strong>verborum</strong></span> <span class='ocrx_word' id='word_1_222' title='bbox 695 3486 865 3552; x_wconf 83' lang='lat' dir='ltr'><strong>coniunctio,</strong></span> <span class='ocrx_word' id='word_1_223' title='bbox 880 3484 1032 3539; x_wconf 87' lang='lat' dir='ltr'><strong>dicendum</strong></span> <span class='ocrx_word' id='word_1_224' title='bbox 1044 3483 1144 3538; x_wconf 70' lang='lat' dir='ltr'><strong>fixisse:</strong></span> <span class='ocrx_word' id='word_1_225' title='bbox 1159 3491 1353 3552; x_wconf 88' lang='lat' dir='ltr'><strong>coquentes</strong></span> 
     </span>
     <span class='ocr_line' id='line_1_29' title="bbox 268 3569 1354 3639; baseline 0.001 -15"><span class='ocrx_word' id='word_1_226' title='bbox 268 3571 431 3639; x_wconf 71' lang='lat' dir='ltr'><strong>‹puasdam</strong></span> <span class='ocrx_word' id='word_1_227' title='bbox 454 3576 489 3625; x_wconf 90' lang='lat' dir='ltr'><strong>et</strong></span> <span class='ocrx_word' id='word_1_228' title='bbox 512 3571 770 3625; x_wconf 79' lang='lat' dir='ltr'><strong>medicamenta</strong></span> <span class='ocrx_word' id='word_1_229' title='bbox 792 3577 825 3624; x_wconf 90' lang='lat' dir='ltr'><strong>et</strong></span> <span class='ocrx_word' id='word_1_230' title='bbox 849 3569 1032 3626; x_wconf 85' lang='lat' dir='ltr'><strong>recondite</strong></span> <span class='ocrx_word' id='word_1_231' title='bbox 1049 3569 1188 3637; x_wconf 79' lang='lat' dir='ltr'><strong>letalia,</strong></span> <span class='ocrx_word' id='word_1_232' title='bbox 1211 3575 1261 3623; x_wconf 84' lang='lat' dir='ltr'><strong>aut</strong></span> <span class='ocrx_word' id='word_1_233' title='bbox 1279 3569 1354 3625; x_wconf 84' lang='lat' dir='ltr'><strong>dixe·</strong></span> 
     </span>
     <span class='ocr_line' id='line_1_30' title="bbox 267 3652 1354 3727; baseline 0.001 -19"><span class='ocrx_word' id='word_1_234' title='bbox 267 3662 341 3721; x_wconf 88' lang='lat' dir='ltr'><strong>runt,</strong></span> <span class='ocrx_word' id='word_1_235' title='bbox 360 3673 422 3724; x_wconf 81' lang='lat' dir='ltr'><strong>quoe</strong></span> <span class='ocrx_word' id='word_1_236' title='bbox 441 3661 536 3711; x_wconf 84' lang='lat' dir='ltr'><strong>essent</strong></span> <span class='ocrx_word' id='word_1_237' title='bbox 554 3655 653 3709; x_wconf 83' lang='lat' dir='ltr'><strong>letalia</strong></span> <span class='ocrx_word' id='word_1_238' title='bbox 670 3672 687 3708; x_wconf 88' lang='lat' dir='ltr'><strong>a</strong></span> <span class='ocrx_word' id='word_1_239' title='bbox 704 3655 916 3711; x_wconf 81' lang='lat' dir='ltr'><strong>medicamentis</strong></span> <span class='ocrx_word' id='word_1_240' title='bbox 935 3652 1090 3727; x_wconf 67' lang='grc' dir='ltr'><strong>(φαρμάκοις)</strong></span> <span class='ocrx_word' id='word_1_241' title='bbox 1109 3660 1248 3724; x_wconf 79' lang='lat' dir='ltr'><strong>separate.</strong></span> <span class='ocrx_word' id='word_1_242' title='bbox 1291 3653 1354 3723; x_wconf 79' lang='lat'><strong>(§8</strong></span> 
     </span>
     <span class='ocr_line' id='line_1_31' title="bbox 268 3740 1353 3809; baseline -0.001 -15"><span class='ocrx_word' id='word_1_243' title='bbox 268 3742 330 3795; x_wconf 86' lang='lat' dir='ltr'><strong>sole</strong></span> <span class='ocrx_word' id='word_1_244' title='bbox 351 3742 606 3797; x_wconf 84' lang='lat' dir='ltr'><strong>medicamenta</strong></span> <span class='ocrx_word' id='word_1_245' title='bbox 628 3741 900 3809; x_wconf 83' lang='lat' dir='ltr'><strong>commemorantur.)</strong></span> <span class='ocrx_word' id='word_1_246' title='bbox 948 3740 1069 3794; x_wconf 80' lang='lat' dir='ltr'><strong>Tantum</strong></span> <span class='ocrx_word' id='word_1_247' title='bbox 1093 3756 1218 3795; x_wconf 81' lang='lat' dir='ltr'><strong>errorum</strong></span> <span class='ocrx_word' id='word_1_248' title='bbox 1240 3741 1353 3809; x_wconf 88' lang='lat' dir='ltr'><strong>peperit</strong></span> 
     </span>
     <span class='ocr_line' id='line_1_32' title="bbox 269 3826 880 3896; baseline 0.002 -16"><span class='ocrx_word' id='word_1_249' title='bbox 269 3828 465 3896; x_wconf 85' lang='lat' dir='ltr'><strong>superstitiosa</strong></span> <span class='ocrx_word' id='word_1_250' title='bbox 483 3827 584 3896; x_wconf 88' lang='lat' dir='ltr'><strong>optimi</strong></span> <span class='ocrx_word' id='word_1_251' title='bbox 603 3826 709 3881; x_wconf 85' lang='lat' dir='ltr'><strong>codicis</strong></span> <span class='ocrx_word' id='word_1_252' title='bbox 727 3827 880 3881; x_wconf 79' lang='lat' dir='ltr'><strong>veneratio.</strong></span> 
     </span>
    </p>

    <p class='ocr_par' dir='ltr' id='par_1_5' title="bbox 229 3909 1351 4063">
     <span class='ocr_line' id='line_1_33' title="bbox 229 3909 1351 3981; baseline -0.004 -14"><span class='ocrx_word' id='word_1_253' title='bbox 229 3913 250 3979; x_wconf 86' lang='lat'><strong>¹)</strong></span> <span class='ocrx_word' id='word_1_254' title='bbox 270 3910 436 3981; x_wconf 87' lang='lat' dir='ltr'><strong>[eiusdem</strong></span> <span class='ocrx_word' id='word_1_255' title='bbox 447 3954 453 3966; x_wconf 86' lang='lat'><strong>.</strong></span> <span class='ocrx_word' id='word_1_256' title='bbox 464 3913 596 3967; x_wconf 87' lang='lat' dir='ltr'><strong>..cuius</strong></span> <span class='ocrx_word' id='word_1_257' title='bbox 614 3912 698 3965; x_wconf 85' lang='lat' dir='ltr'><strong>etiam</strong></span> <span class='ocrx_word' id='word_1_258' title='bbox 713 3911 746 3978; x_wconf 90' lang='lat' dir='ltr'><strong>V,</strong></span> <span class='ocrx_word' id='word_1_259' title='bbox 762 3927 814 3965; x_wconf 87' lang='lat' dir='ltr'><strong>nec</strong></span> <span class='ocrx_word' id='word_1_260' title='bbox 832 3918 927 3967; x_wconf 80' lang='lat' dir='ltr'><strong>tamen</strong></span> <span class='ocrx_word' id='word_1_261' title='bbox 944 3915 1023 3965; x_wconf 87' lang='lat' dir='ltr'><strong>muto</strong></span> <span class='ocrx_word' id='word_1_262' title='bbox 1042 3911 1185 3977; x_wconf 90' lang='lat' dir='ltr'><strong>iudicium,</strong></span> <span class='ocrx_word' id='word_1_263' title='bbox 1203 3909 1257 3963; x_wconf 81' lang='lat' dir='ltr'><strong>nisi</strong></span> <span class='ocrx_word' id='word_1_264' title='bbox 1276 3910 1351 3977; x_wconf 87' lang='lat' dir='ltr'><strong>quod</strong></span> 
     </span>
     <span class='ocr_line' id='line_1_34' title="bbox 267 3993 762 4063; baseline -0.002 -12"><span class='ocrx_word' id='word_1_265' title='bbox 267 3998 311 4052; x_wconf 83' lang='lat' dir='ltr'><strong>bis</strong></span> <span class='ocrx_word' id='word_1_266' title='bbox 330 3997 428 4052; x_wconf 85' lang='lat' dir='ltr'><strong>eadem</strong></span> <span class='ocrx_word' id='word_1_267' title='bbox 446 3998 522 4053; x_wconf 84' lang='lat' dir='ltr'><strong>lacta</strong></span> <span class='ocrx_word' id='word_1_268' title='bbox 540 3997 679 4053; x_wconf 86' lang='lat' dir='ltr'><strong>correctio</strong></span> <span class='ocrx_word' id='word_1_269' title='bbox 699 3993 762 4063; x_wconf 84' lang='lat' dir='ltr'><strong>est]</strong></span> 
     </span>
    </p>

    <p class='ocr_par' dir='ltr' id='par_1_6' title="bbox 820 4083 913 4138">
     <span class='ocr_line' id='line_1_35' title="bbox 820 4083 913 4138; baseline 0 -1"><span class='ocrx_word' id='word_1_270' title='bbox 820 4083 913 4138; x_wconf 79' lang='lat' dir='ltr'><strong>altus</strong></span> 
     </span>
    </p>

    <p class='ocr_par' dir='ltr' id='par_1_7' title="bbox 224 4167 1354 4408">
     <span class='ocr_line' id='line_1_36' title="bbox 224 4167 1353 4238; baseline -0.004 -14"><span class='ocrx_word' id='word_1_271' title='bbox 224 4171 250 4237; x_wconf 76' lang='lat'><strong>²)</strong></span> <span class='ocrx_word' id='word_1_272' title='bbox 269 4169 300 4224; x_wconf 91' lang='lat' dir='ltr'><strong>ln</strong></span> <span class='ocrx_word' id='word_1_273' title='bbox 323 4168 364 4236; x_wconf 84' lang='lat' dir='ltr'><strong>X,</strong></span> <span class='ocrx_word' id='word_1_274' title='bbox 382 4172 447 4236; x_wconf 78' lang='lat' dir='ltr'><strong>9,ss</strong></span> <span class='ocrx_word' id='word_1_275' title='bbox 470 4170 500 4222; x_wconf 88' lang='lat' dir='ltr'><strong>in</strong></span> <span class='ocrx_word' id='word_1_276' title='bbox 523 4169 677 4238; x_wconf 78' lang='lat' dir='ltr'><strong>archetypo</strong></span> <span class='ocrx_word' id='word_1_277' title='bbox 704 4167 792 4222; x_wconf 84' lang='lat' dir='ltr'><strong>fuisse</strong></span> <span class='ocrx_word' id='word_1_278' title='bbox 819 4170 949 4224; x_wconf 83' lang='lat' dir='ltr'><strong>arduus</strong></span> <span class='ocrx_word' id='word_1_279' title='bbox 975 4173 1080 4236; x_wconf 79' lang='lat' dir='ltr'><strong>atque</strong></span> <span class='ocrx_word' id='word_1_280' title='bbox 1106 4167 1140 4220; x_wconf 91' lang='lat' dir='ltr'><strong>in</strong></span> <span class='ocrx_word' id='word_1_281' title='bbox 1166 4171 1265 4237; x_wconf 83' lang='lat' dir='ltr'><strong>perte</strong></span> <span class='ocrx_word' id='word_1_282' title='bbox 1288 4183 1353 4220; x_wconf 85' lang='lat' dir='ltr'><strong>una</strong></span> 
     </span>
     <span class='ocr_line' id='line_1_37' title="bbox 266 4251 1354 4325; baseline -0.005 -16"><span class='ocrx_word' id='word_1_283' title='bbox 266 4271 432 4324; x_wconf 85' lang='lat' dir='ltr'><strong>praeceps,</strong></span> <span class='ocrx_word' id='word_1_284' title='bbox 460 4261 590 4325; x_wconf 77' lang='lat' dir='ltr'><strong>apparet,</strong></span> <span class='ocrx_word' id='word_1_285' title='bbox 618 4255 695 4321; x_wconf 86' lang='lat' dir='ltr'><strong>quod</strong></span> <span class='ocrx_word' id='word_1_286' title='bbox 721 4270 785 4307; x_wconf 88' lang='lat' dir='ltr'><strong>oum</strong></span> <span class='ocrx_word' id='word_1_287' title='bbox 803 4252 833 4306; x_wconf 91' lang='lat' dir='ltr'>M</span> <span class='ocrx_word' id='word_1_288' title='bbox 854 4255 885 4308; x_wconf 89' lang='lat' dir='ltr'><strong>in</strong></span> <span class='ocrx_word' id='word_1_289' title='bbox 907 4252 1037 4307; x_wconf 84' lang='lat' dir='ltr'><strong>addendo</strong></span> <span class='ocrx_word' id='word_1_290' title='bbox 1061 4251 1153 4307; x_wconf 84' lang='lat' dir='ltr'><strong>ultus</strong></span> <span class='ocrx_word' id='word_1_291' title='bbox 1170 4251 1354 4307; x_wconf 88' lang='lat' dir='ltr'><strong>consentiunt</strong></span> 
     </span>
     <span class='ocr_line' id='line_1_38' title="bbox 266 4337 1127 4408; baseline -0.002 -14"><span class='ocrx_word' id='word_1_292' title='bbox 266 4340 306 4394; x_wconf 79' lang='lat' dir='ltr'><strong>hl</strong></span> <span class='ocrx_word' id='word_1_293' title='bbox 327 4345 356 4395; x_wconf 89' lang='lat' dir='ltr'><strong>et</strong></span> <span class='ocrx_word' id='word_1_294' title='bbox 375 4357 424 4394; x_wconf 84' lang='lat' dir='ltr'><strong>sex</strong></span> <span class='ocrx_word' id='word_1_295' title='bbox 443 4348 585 4408; x_wconf 83' lang='lat' dir='ltr'><strong>septemve</strong></span> <span class='ocrx_word' id='word_1_296' title='bbox 604 4339 765 4393; x_wconf 82' lang='lat' dir='ltr'><strong>deteriores.</strong></span> <span class='ocrx_word' id='word_1_297' title='bbox 802 4338 823 4392; x_wconf 92' lang='lat' dir='ltr'><strong>P</strong></span> <span class='ocrx_word' id='word_1_298' title='bbox 843 4345 919 4394; x_wconf 85' lang='lat' dir='ltr'><strong>recte</strong></span> <span class='ocrx_word' id='word_1_299' title='bbox 936 4337 1127 4407; x_wconf 75' lang='lat' dir='ltr'><strong>praetermisit</strong></span> 
     </span>
    </p>
   </div>
   <div class='ocr_carea' id='block_1_5' title="bbox 0 0 1502 5108">
    <p class='ocr_par' dir='ltr' id='par_1_8' title="bbox 0 0 1502 5108">
     <span class='ocr_line' id='line_1_39' title="bbox 0 0 1502 5108; baseline 0 0"><span class='ocrx_word' id='word_1_300' title='bbox 0 0 1502 5108; x_wconf 95' lang='lat' dir='ltr'><strong> </strong></span> 
     </span>
    </p>
   </div>
  </div>
 </body>
</html>
