2994 5108
206 482 268 538 Lib.
287 480 388 534 xxm.
754 468 814 529 316

208 654 308 738 pelli
331 654 464 717 vinum
486 659 529 717 ut
551 657 725 735 potaret,
748 672 882 735 prorsus
905 652 1049 717 alienum
1073 659 1124 717 est
1146 653 1212 718 vini
1234 674 1365 735 nomen,

208 764 257 827 ita
279 762 461 846 praesertim
484 759 644 844 positum,
678 765 716 825 ut
745 759 910 842 singulare
933 759 1068 841 aliquod
1090 760 1221 844 pondus
1242 760 1368 828 habere

208 872 375 950 videatur3
408 890 516 951 neque
545 869 632 932 enim
660 868 724 933 nisi
753 869 864 933 vinum
893 867 974 948 (sive
1001 889 1128 934 merum
1150 870 1216 934 sive
1239 875 1367 954 tempe·

208 977 333 1058 ratum)
357 976 534 1060 potabant3
564 977 678 1060 itaque
701 976 872 1060 potandi
895 975 1005 1055 verbo,
1034 997 1101 1042 non
1122 977 1206 1043 vini
1229 983 1369 1045 suenus

211 1087 348 1152 convivii
372 1084 583 1168 participatio
606 1085 695 1167 apud
717 1091 847 1150 veteres
869 1083 1085 1166 significanda
1107 1090 1189 1164 erat,
1217 1085 1367 1171 latetque

210 1195 245 1260 id
274 1193 409 1259 verbum
437 1192 470 1255 in
499 1191 621 1257 litteris
650 1192 746 1258 foede
775 1193 947 1258 distractis
970 1199 1004 1256 et
1025 1192 1228 1274 perturbatis
1251 1193 1368 1260 bola·

210 1302 357 1379 vinum,
384 1299 449 1366 hoc
471 1305 532 1379 est,
561 1300 793 1383 potandum.
844 1299 1012 1365 Habemus
1034 1301 1135 1384 igitur
1156 1300 1228 1367 haec
1249 1299 1368 1368 funda·

210 1415 323 1475 menta
345 1414 379 1473 et
400 1407 648 1473 hano-formam
670 1409 734 1474 loci
752 1408 942 1492 supplendi:
965 1407 1074 1473 Unus
1096 1429 1168 1474 nec
1191 1408 1369 1476 domino·

211 1540 296 1583 rum
324 1516 576 1581 invitatione
604 1536 678 1580 nec
705 1516 839 1599 ipsius
868 1517 938 1581 int.
969 1515 1220 1583 Hannibalis
1248 1516 1369 1584 Gala-

212 1627 300 1690 vius
331 1623 449 1688 iilius
476 1623 621 1708 per'††
648 1623 868 1707 potandum
897 1625 1045 1706 potuit.
1100 1624 1234 1690 Excidit
1259 1625 1370 1693 infini-

211 1735 297 1799 tivus
324 1740 357 1798 et
379 1731 443 1811 ad;
470 1733 584 1815 itaque
608 1731 750 1810 adscito,
779 1731 868 1813 quod
890 1733 923 1796 in
947 1732 1059 1798 codice
1080 1733 1205 1798 recenti
1227 1733 1371 1813 (Retuli-

213 1841 320 1923 nensi)
349 1842 431 1905 scite
459 1836 682 1923 excogitatum
709 1839 849 1923 legitur,
884 1840 987 1906 verbo
1016 1841 1113 1921 satis,
1146 1841 1241 1906 utin
1264 1843 1372 1907 rein·

214 1958 314 2029 certa,
345 1946 565 2033 probabiliter
588 1947 641 2011 edi
664 1948 802 2030 poterit:
839 1945 1030 2014 Calavius
1052 1948 1170 2013 filius
1193 1949 1371 2033 perpelli

215 2059 264 2125 ad
297 2055 517 2141 potandum
552 2054 737 2138 potuit.¹)
792 2054 919 2120 Eodem
947 2057 1057 2140 capite
1087 2054 1103 2138 ξ
1134 2061 1153 2120 9
1184 2057 1231 2123 sic
1258 2058 1294 2122 in
1316 2077 1371 2122 co·

216 2166 344 2231 dinibus
378 2163 443 2228 fide
473 2163 579 2245 dignis
609 2163 778 2228 scribitur:
820 2161 1060 2242 Consilium,
1093 2164 1232 2245 inquit
1259 2164 1372 2246 (Cala-

216 2275 288 2338 vius
311 2271 428 2353 filius),
458 2271 608 2350 adfero,
636 2276 762 2354 pater,
785 2292 862 2353 quo
886 2292 964 2336 non
986 2272 1104 2337 venia
1125 2271 1256 2337 solum
1279 2293 1372 2357 pec·

217 2382 314 2459 cati,
354 2378 459 2463 quod
494 2378 717 2443 defecimus
751 2378 799 2443 ad
833 2378 1116 2458 Hannibalem,
1149 2380 1372 2463 impetraui

217 2491 278 2570 (sio
300 2489 325 2552 P
349 2510 390 2552 m.
418 2493 450 2566 13
485 2507 570 2550 man.
595 2491 614 2549 2
637 2484 697 2550 CM
721 2487 888 2568 ceterique
911 2485 1139 2570 impetrari)
1163 2487 1211 2551 ab
1234 2487 1372 2554 Roma·

216 2600 278 2663 nis
309 2605 348 2660 et
375 2597 415 2660 in
444 2594 570 2659 multo
599 2595 750 2658 maiore
778 2594 985 2677 dignitate
1015 2601 1054 2660 et
1082 2596 1217 2677 gratia
1246 2597 1374 2663 simus

218 2705 409 2789 (lampani
438 2722 551 2785 quam
583 2723 754 2784 unquam
783 2702 941 2766 fuimus.
992 2703 1102 2781 Recte,
1125 2703 1255 2786 opinor‚'
1277 2704 1375 2770 Valla

218 2822 252 2879 et
278 2814 441 2878 editiones
469 2811 512 2875 ad
541 2816 688 2876 nostram
713 2818 861 2875 aetatem:
896 2811 1050 2874 veniam
1072 2809 1222 2892 (venia)
1245 2812 1374 2894 impe·

217 2921 369 2988 traturi
399 2920 470 3000 (cfr.
495 2919 535 2983 de
559 2919 721 2983 similibus
744 2919 871 2983 mendis
894 2918 1017 2982 codicis
1041 2917 1179 2982 Vindob.
1204 2919 1248 2984 ad
1271 2919 1374 3001 XLII,

218 3037 275 3110 25,
305 3032 353 3110 8);
382 3028 440 3093 sed
462 3028 533 3092 iure
556 3035 711 3108 negatur,
741 3028 868 3091 simus
892 3025 989 3090 simul
1012 3045 1085 3089 cum
1109 3027 1376 3110 impetraturi

218 3138 371 3219 coniungi
399 3144 432 3201 et
459 3137 494 3199 in
522 3134 629 3200 altero
660 3135 804 3199 membro
833 3133 985 3199 absolute
1015 3134 1086 3199 sine
1109 3135 1284 3218 participio
1308 3136 1376 3202 dici

116 3235 125 3252 “
217 3267 330 3330 posse,
371 3264 470 3325 quum
510 3243 694 3326 praesertim
728 3243 815 3307 idem
849 3250 978 3324 tempus
1013 3249 1154 3324 utroque
1187 3243 1262 3308 loco
1295 3245 1376 3328 poni

219 3355 349 3419 debeat.
405 3351 522 3432 ltaque
557 3352 604 3414 sic
632 3350 843 3414 scribendum
866 3357 962 3431 puto:
998 3371 1075 3433 quo
1109 3371 1184 3414 non
1216 3353 1375 3418 veniam

218 3461 344 3526 solum
377 3494 420 3503 -
452 3458 721 3540 impetraturi
754 3457 803 3521 ab
838 3458 1044 3537 Romanis,
1079 3465 1141 3522 set
1173 3460 1214 3523 in
1248 3461 1377 3526 multo

133 3585 204 3654 (aaa)
222 3568 376 3633 maiore
405 3566 607 3648 dignitate
635 3574 675 3630 et
701 3567 837 3648 gratia
865 3566 991 3630 simus
1015 3564 1222 3650 Campani,
1256 3588 1377 3650 quarn

187 3735 191 3743 '
218 3739 448 3750 ————-··'·—‘

246 3821 269 3889 ¹)
290 3820 386 3890 [Recte
417 3820 500 3873 Valla
539 3820 847 3889 perturbationem.
902 3817 1151 3874 Interturbare
1186 3820 1262 3889 apud
1299 3822 1378 3877 solos

287 3907 410 3963 comicos
428 3906 531 3975 legitur
545 3906 580 3961 de
593 3907 636 3972 iis,
653 3905 699 3974 qui
713 3905 896 3974 interpellant
909 3910 937 3959 et
949 3905 1112 3960 interventu
1125 3903 1264 3974 turbant]
1287 3906 1379 3963 Paulo

287 4000 351 4046 ante
372 3990 437 4060 (§6}
457 4008 521 4045 vere
539 3991 729 4060 Kreyssigius:
749 3990 930 4045 in-domo
950 3991 1014 4044 diti
1034 4008 1070 4046 ac
1089 3991 1281 4058 luxuriosa,
1300 3993 1380 4061 qnod

287 4095 402 4148 prorsus
433 4076 555 4132 efficitur
582 4095 616 4131 ex
638 4077 766 4145 vestigiis
789 4077 890 4130 veteris
914 4077 1061 4145 scripturae
1087 4075 1377 4141 (mododiuadua-

288 4164 408 4229 ricae),
436 4163 524 4217 nihilo
550 4162 684 4217 incertius
704 4179 786 4229 quam
805 4161 916 4216 infinita
934 4162 1001 4227 alia,
1029 4178 1090 4229 quse
1110 4178 1144 4215 ex
1162 4161 1379 4230 perturbatisP

289 4249 392 4302 litteris
412 4254 559 4314 eruuntur;
587 4247 703 4301 domus
727 4246 785 4301 diu
808 4248 987 4301 luxuriosa
1009 4264 1063 4314 pro
1088 4262 1135 4314 ec,
1163 4246 1239 4314 quod
1258 4253 1303 4301 est
1321 4264 1378 4302 ve·

288 4335 373 4388 teris
393 4334 548 4399 luxuriae,
567 4333 625 4387 dici
643 4333 748 4400 nequit.
