3000 5116
236 483 298 538 Lib.
317 482 442 538 XXXIX
783 474 844 535 562

236 656 372 720 verbum
396 655 549 720 dixerit
569 656 751 721 tollendum
780 678 866 737 esse3
900 678 1006 740 neque
1029 659 1114 722 enim
1137 657 1319 742 quidquam
1347 660 1398 723 vi·

235 765 324 828 racis
347 764 470 846 ingenii
493 765 525 827 in
548 785 587 828 eo
611 772 759 846 apparet,
788 764 876 846 quod
904 771 1078 829 accusatus
1112 773 1176 844 est,
1210 765 1271 830 sed
1304 767 1392 850 qnod

234 872 307 954 ipse
331 891 465 935 causam
489 872 608 948 oravit,
633 878 853 955 accurateque
875 870 945 936 haec
969 871 1033 935 duo
1057 873 1143 937 inter
1166 892 1201 936 se
1224 875 1391 939 contraria

234 979 430 1057 referuntur,
453 976 611 1042 Catonem
634 984 725 1042 sexto
749 985 782 1042 et
804 981 1006 1061 octogesimo
1029 1000 1116 1045 anno
1139 981 1249 1063 ipsum
1272 1002 1332 1063 pro
1355 1003 1393 1046 se

234 1107 368 1151 causam
391 1087 552 1164 oravisse,
577 1086 788 1167 nonagesimo
813 1085 952 1150 Galbam
975 1106 1158 1151 accusasse.
1206 1088 1367 1170 (1865.)¹)

320 1191 399 1275 Cap.
429 1198 480 1271 46,
506 1198 523 1257 5
548 1191 701 1274 Ussingio
728 1214 794 1257 non
828 1194 897 1258 sine
931 1214 1031 1257 causa
1054 1195 1226 1276 displicuit
1256 1195 1392 1261 verbum

233 1307 336 1379 erat,
360 1299 562 1383 significatur
581 1301 674 1379 enim,
693 1299 773 1382 quid
790 1299 982 1383 religionem
999 1303 1156 1366 iniectam
1174 1310 1392 1369 consecutum

231 1409 283 1487 sit,
306 1429 372 1472 non
394 1429 447 1472 res
471 1416 547 1472 ante
576 1407 675 1472 facta.
723 1406 847 1471 Saltem
866 1407 981 1472 melius
1005 1409 1141 1473 verbum
1165 1409 1278 1476 Livius
1308 1415 1389 1477 omi·

196 1597 198 1602 ι
231 1520 338 1584 sisset.
363 1515 485 1596 (1865.)
521 1514 604 1597 [lam
627 1515 806 1597 Rupertius
830 1522 893 1579 est
915 1537 975 1598 pro
999 1515 1113 1598 erat]

317 1624 396 1708 Cap.
420 1628 472 1701 47,
496 1627 514 1686 9
539 1622 587 1703 (in
614 1643 775 1704 responso
803 1628 939 1686 senatus
962 1622 1128 1689 Demetrio
1152 1624 1299 1711 Philippi
1322 1625 1391 1692 filio

230 1732 339 1814 dato):
363 1731 490 1796 Multa
513 1736 551 1794 et
574 1727 833 1793 dissimulare
856 1738 895 1793 et
918 1729 1112 1795 oblivisci
1130 1739 1171 1796 ct
1188 1735 1277 1816 pati
1295 1756 1386 1818 prae-

229 1841 358 1906 terita
381 1846 565 1904 senatum
588 1852 722 1920 posse,
746 1834 785 1900 e't
808 1836 974 1902 credere
1004 1839 1143 1917 etiam,
1176 1839 1384 1907 Demetrio

230 1946 476 2013 credendum
509 1965 609 2009 esse.
654 1943 745 2007 Mirae
773 1943 824 2007 hae
853 1943 1006 2026 ambages
1031 1952 1109 2009 sunt
1130 1946 1290 2029 loquendi
1312 1969 1385 2013 cnm

227 2058 417 2139 importuna
428 2052 572 2117 eiusdem
591 2051 682 2115 verbi
692 2052 906 2134 repetitione;
928 2053 1111 2117 rectissime
1131 2055 1265 2120 codices
1277 2055 1383 2121 Lor.4

227 2171 262 2229 et
288 2162 395 2227 Mead.
426 2158 533 2240 tide
561 2160 594 2223 M
628 2159 771 2239 tacetur)
806 2157 929 2223 habent
962 2165 1109 2223 tantum:
1145 2168 1184 2226 et
1219 2163 1385 2228 credere

227 2272 350 2337 etiam
372 2267 577 2332 Demetrio
607 2265 733 2346 (multa,
763 2266 804 2330 de
832 2266 968 2346 multis).
1002 2266 1177 2350 Polybium
1202 2269 1333 2349 (XXIV,
1354 2273 1379 2349 2,

227 2379 349 2461 9)11111
378 2374 666 2440 Drakenborchius
690 2376 908 2456 comparavit:
945 2380 1090 2455 ἀπόκρισιν
1125 2380 1224 2437 ἔδωκεν
1259 2377 1290 2457 (ἡ
1317 2384 1381 2458 οὐχ·

226 2485 342 2566 κλητος),
376 2491 443 2546 διότι
474 2490 536 2563 περὶ
566 2490 673 2544 πάντων
696 2488 741 2543 καὶ
763 2490 815 2543 τῶν
836 2487 981 2564 εἰρημένων
1003 2488 1055 2544 ὑπ’
1079 2487 1163 2545 αὐτοῦ
1180 2490 1226 2545 aul
1243 2492 1298 2546 τῶν
1324 2490 1379 2546 dre·

225 2600 387 2677 γνωσμένων
409 2600 551 2671 Δημητρίῳ
575 2597 703 2653 πιστεύει.
739 2589 851 2670 (1111110
871 2591 970 2654 hulUS
993 2590 1112 2672 capitis
1135 2593 1243 2655 oratio
1266 2593 1313 2657 Sic
1332 2585 1377 2656 i'n·

225 2699 453 2783 terpungenda
477 2705 535 2776 est,
560 2697 744 2780 significato
773 2698 836 2761 leri
867 2697 1083 2761 anacolutho:
1118 2698 1376 2782 Responden-

225 2809 316 2873 dum
337 2806 607 2870 -Demetrio
631 2811 728 2870 erat.
776 2803 900 2880 Quum
923 2804 1029 2868 haud
1052 2805 1177 2869 facile
1207 2814 1318 2872 esset
1337 2840 1378 2851 -

224 2915 440 2998 complecti
464 2913 548 2993 (nec
577 2915 678 2976 enim
706 2948 749 2957 -
771 2912 1001 2993 iudicatis),
1025 2912 1127 2976 nihil
1156 2913 1300 2978 horum
1320 2935 1375 2978 ne·

136 3043 212 3111 (458)
232 3022 567 3107 queDemetrium
588 3022 735 3085 docere
754 3020 935 3084 dilucide
955 3041 1024 3084 nec
1042 3042 1081 3084 se
1100 3023 1203 3085 satis
1221 3021 1377 3103 liquido

223 3133 384 3197 discere
414 3129 460 3193 ab
490 3151 533 3194 eo
558 3136 723 3192 senatus
746 3149 863 3209 quum
887 3136 1076 3191 cerneret
1099 3150 1232 3211 posse,
1264 3127 1376 3193 simul

222 3247 283 3305 cet.
329 3239 367 3301 ln
390 3236 494 3300 nihil
518 3236 658 3300 horum
681 3237 858 3299 resumitur
879 3234 1067 3315 sententia.)

307 3345 386 3428 Cap.
410 3350 460 3408 48.
484 3349 502 3405 2
527 3352 560 3407 et
583 3347 616 3406 3:
641 3343 776 3406 Multae
794 3352 832 3407 et
849 3342 1029 3425 parrnlae
1050 3343 1379 3426 disceptationes

220 3454 487 3518 iactabantur
522 3452 577 3530 (ab
607 3451 724 3533 legatis
750 3450 1005 3515 Lacedaemoniis
1032 3451 1066 3513 in
1101 3457 1257 3516 senatum
1280 3453 1380 3518 intro·

221 3561 360 3641 ductis),
396 3559 465 3624 sed
499 3581 581 3641 quse
616 3560 783 3622 maxime
812 3579 891 3622 rem
926 3559 1211 3633 continerent,
1249 3567 1379 3641 erant,

218 3676 352 3734 utrum
385 3667 724 3743 restituerentur,
761 3688 862 3747 quos
898 3664 1028 3729 Achaei
1063 3665 1380 3747 damnaverant,

219 3797 359 3853 necne,
394 3774 535 3854 inique
569 3795 617 3835 an
651 3774 738 3836 iure
774 3773 1045 3844 occidissent,
1080 3794 1181 3856 quos
1218 3777 1384 3842 occide·

218 3890 325 3963 rant,
359 3881 601 3946 vertebatur
636 3887 690 3956 et,
725 3886 862 3942 utrum
896 3887 1111 3945 manerent
1134 3882 1178 3944 in
1202 3884 1385 3951 Achaico

244 4155 267 4222 ¹)
286 4154 363 4223 [Cap.
383 4156 424 4218 42,
447 4155 474 4203 ll
496 4169 553 4203 non
572 4151 632 4202 sine
651 4168 734 4203 carisa
754 4149 902 4218 Siesbyeus
921 4167 972 4218 pro
991 4150 1051 4202 Vis
1070 4156 1108 4204 tu
1127 4153 1201 4217 -Ρ,
1223 4157 1305 4224 quod
1322 4175 1389 4226 quo·

284 4238 370 4293 modo
398 4238 516 4300 dicatur,
544 4253 568 4288 r.
597 4253 680 4303 supra
699 4254 725 4303 p.
745 4238 870 4288 219111..
890 4235 916 4289 h.
936 4235 989 4303 ed,
1011 4235 1194 4289 scribendum
1225 4243 1390 4310 suspicatur

287 4323 351 4376 Vin
370 4328 406 4376 tn
423 4323 478 4375 -?
502 4320 586 4390 rste]
