2994 5108
736 450 796 510 451

83 678 88 685 -
191 631 301 697 Livius
331 630 524 714 amplificat,
554 632 716 709 omiserit,
746 632 786 695 de
808 631 913 711 fumo,
942 632 1163 710 declamare,
1193 633 1233 698 de
1258 635 1343 698 seni·

191 738 303 804 ombus
326 745 361 803 et
383 740 509 822 pueris,
543 745 603 802 cet.
654 738 765 803 Nihilo
796 746 907 804 autem
936 739 986 804 his
1009 739 1219 822 prudentius,
1254 740 1343 823 quod

192 845 235 913 ad
256 845 404 925 XXXIV,
428 850 477 925 57,
500 850 519 910 8
543 847 729 924 adnotatur,
757 844 938 930 qni'locus,
963 854 998 910 ut
1020 847 1177 911 Emendd.
1201 847 1287 911 Livv.
1311 872 1342 932 p.

194 958 256 1020 364
279 952 426 1033 ostendi,
459 954 511 1018 vel
539 953 765 1037 apertissimus
790 953 903 1018 estad
926 953 1075 1018 codicum
1098 952 1267 1037 dignitatis
1290 976 1342 1021 or-

193 1062 300 1128 dinem
336 1061 612 1127 constituendum.
668 1059 753 1123 Nam
781 1060 828 1124 ibi
855 1061 889 1124 in
917 1060 950 1123 bl
979 1061 1162 1143 aptissime,
1196 1063 1344 1129 oratione

192 1171 326 1255 propria
359 1175 393 1234 et
424 1169 577 1252 antiqua,
620 1167 792 1232 scribitur:
833 1175 903 1230 aut
942 1191 985 1231 ex
1024 1166 1199 1233 formula
1237 1171 1343 1236 iuris

149 1318 152 1325 ·
192 1277 356 1361 antiqui
390 1281 459 1340 aut
492 1298 537 1339 ex
570 1276 714 1360 partis¹
738 1275 957 1357 utriusque
990 1279 1210 1358 commod0;
1244 1300 1344 1362 quum

193 1391 303 1450 autem
325 1385 359 1448 in
382 1404 421 1448 eo
445 1384 566 1462 codice,
595 1406 635 1448 ex
657 1405 722 1465 quo
746 1383 772 1445 B
797 1391 830 1446 et
852 1382 1001 1465 vulgares
1024 1385 1088 1447 orti
1111 1392 1197 1464 sunt,
1226 1387 1244 1448 ll
1266 1388 1300 1451 in
1322 1390 1343 1449 ll

193 1498 329 1570 mutato,
357 1497 473 1555 natum
496 1498 600 1555 esset:
636 1513 680 1556 ex
704 1512 748 1556 eo
772 1490 914 1571 rmula,
942 1491 1019 1554 hinc
1041 1493 1074 1555 in
1098 1492 1209 1557 codice
1231 1495 1342 1577 vulga·

192 1600 277 1665 rium
309 1598 456 1682 principe
486 1597 627 1663 mirabili
657 1597 842 1681 corrigendi
871 1598 1083 1682 simplicitate
1113 1598 1265 1665 ellectum
1293 1608 1344 1665 est

194 1728 239 1773 ex
271 1728 315 1773 eo
350 1705 468 1771 simul
503 1729 536 1783 a,
577 1706 829 1788 Bambergensis
870 1713 981 1770 autem
1023 1707 1145 1771 codicis
1177 1707 1342 1787 librarius,

195 1814 284 1898 quod
305 1814 385 1878 fecit
407 1813 600 1896 sapissime,
629 1813 758 1877 obiecta
781 1814 880 1877 ctiam
903 1814 937 1876 in
959 1815 1141 1878 notissimis
1165 1815 1271 1879 verbis
1292 1816 1345 1880 vel

193 1928 326 2005 propter
353 1920 507 1985 ductuum
536 1920 770 1985 obscuritatem
792 1920 843 1984 vel
866 1926 1002 2004 propter
1024 1920 1177 1984 litterula
1200 1943 1342 1987 errorem

192 2029 243 2095 vel
276 2036 411 2113 propter
443 2027 573 2092 litteras
603 2028 757 2092 evanidas
786 2034 844 2091 aut
871 2026 1019 2090 chartam
1047 2034 1218 2110 pertusam
1248 2030 1342 2093 dubi·

192 2136 332 2213 tatione,
361 2155 422 2219 pro
451 2134 500 2199 bis
529 2157 574 2199 ex
598 2157 642 2199 eo
664 2135 794 2199 rmula
816 2136 918 2199 iuris
943 2134 1101 2215 antiqui
1125 2136 1268 2218 spatium
1289 2157 1344 2201 va-

194 2264 289 2308 cuum
310 2243 452 2325 reliquit.
504 2241 588 2320 Quid
612 2242 918 2309 ll'cissenbornius‘?
952 2242 1016 2306 Ubi
1040 2242 1161 2305 codicis
1184 2242 1210 2304 B
1234 2243 1344 2308 scriba

193 2356 288 2415 cante
311 2349 455 2433 spatium
478 2348 672 2432 reliquerat,
707 2358 850 2414 veterem
872 2349 1023 2413 lacunam
1047 2351 1133 2413 varie
1158 2351 1343 2434 suppletam

192 2463 298 2541 putat.
343 2456 444 2539 Atqui
466 2457 557 2520 ncilla
581 2464 633 2521 cst
655 2458 797 2521 varietas
820 2457 992 2538 supplendi
1026 2458 1182 2539 quoniam
1205 2459 1344 2524 ridicula

191 2565 251 2631 illa
268 2587 315 2630 ex
333 2586 376 2628 co
394 2565 511 2627 simul
532 2585 551 2626 a
571 2564 872 2628 manifestissimum
893 2563 1038 2628 estnihil
1058 2564 1148 2627 aliud
1161 2566 1344 2645 significare

191 2672 256 2737 nisi
285 2694 329 2737 ex
358 2671 538 2735 formula.
596 2671 666 2736 Hoc
694 2678 803 2734 autem
826 2671 1089 2753 supplementum
1114 2673 1279 2753 quomodo
1303 2696 1344 2738 ex

192 2778 236 2858 M,
260 2800 281 2843 a
303 2778 493 2859 vulgaribus
516 2779 746 2854 remotissima
771 2779 803 2841 in
826 2777 900 2841 illos
924 2779 1022 2856 venit,
1045 2778 1100 2858 qui
1124 2778 1245 2862 ubique
1269 2802 1344 2846 cum

191 2885 220 2950 B
242 2886 492 2968 coniunguntur,
523 2886 658 2949 assecla
682 2908 759 2949 sanc
782 2886 878 2967 louge
902 2886 1073 2948 inferiores
1096 2892 1128 2947 ot
1152 2885 1345 2969 depravati?

192 2992 363 3057 Postremo
388 2992 461 3076 quis
483 2993 549 3056 illis
572 2993 714 3070 sacculis,
749 3014 887 3074 quorum
917 2999 964 3056 ost
996 2993 1097 3055 codcs
1121 2992 1342 3074 Moguntinus

189 3099 377 3165 huiusmodi
412 3101 690 3183 supplementum,
724 3107 792 3163 tarn
822 3100 976 3163 Latinum
1004 3121 1043 3163 ac
1071 3101 1256 3182 proprium,
1290 3123 1344 3165 ex-

195 3208 378 3291 cogitavit?
417 3205 482 3270 Sed
516 3205 604 3287 (nam
640 3230 717 3272 casu
752 3207 885 3284 accidit,
920 3214 957 3269 ut
990 3207 1160 3288 aptissimo
1193 3209 1343 3292 exemplo

191 3315 366 3379 veritatem
395 3312 588 3378 confirmare
611 3313 722 3397 liceat)
745 3322 783 3379 ut
804 3315 867 3378 hoc
889 3313 961 3378 loco
984 3311 1159 3377 formula
1182 3316 1343 3399 antiqui

190 3423 295 3487 iuris
323 3423 359 3486 in
386 3420 413 3484 B
443 3421 576 3487 sublata
605 3430 676 3486 tota
706 3430 771 3505 ost,
802 3422 849 3485 sic
877 3419 1013 3498 XXXV,
1049 3424 1104 3497 16,
1136 3426 1170 3499 6,
1198 3422 1256 3487 ubi
1283 3445 1343 3489 nec

190 3528 475 3595 Weissenbornius
508 3550 568 3594 nec
601 3530 774 3613 quisquam
808 3527 953 3605 dubitat,
988 3528 1067 3609 quin
1097 3526 1208 3593 Livius
1242 3531 1344 3616 scrip-

192 3639 284 3717 serit,
308 3646 347 3701 ut
367 3636 401 3701 in
424 3637 457 3701 M
481 3642 544 3701 est:
568 3638 608 3701 in
631 3636 839 3718 antiquum
860 3635 923 3699 ius
946 3633 1110 3716 repetit,
1134 3635 1168 3697 in
1189 3634 1216 3698 B
1240 3636 1342 3719 (quod

191 3744 352 3828 scriptum
380 3751 451 3808 crat
479 3744 670 3824 anticum)
693 3742 816 3807 factum
839 3749 891 3805 est
913 3740 1155 3804 Antiochum
1176 3746 1343 3825 repetit,

194 3850 315 3917 deinde
338 3854 371 3916 in
394 3851 581 3935 vulgaribus
604 3849 796 3932 corrigendo
822 3848 1047 3912 Antiochus
1070 3849 1233 3929 repetit.
1278 3849 1344 3935 llp-

191 3966 289 4044 paret
312 3959 505 4042 depravatio
528 3960 562 4023 in
584 3959 611 4023 B
635 3958 808 4040 incipiens,
843 3956 876 4018 in
906 3956 1024 4018 ceteris
1053 3954 1182 4035 longius
1210 3978 1344 4040 progre-

193 4065 296 4131 diens.
352 4065 472 4130 Verum
500 4086 540 4129 ne
569 4066 601 4129 in
631 4065 744 4147 paucis
771 4063 852 4128 locis
876 4063 997 4126 morari
1019 4060 1202 4140 videamur,
1238 4062 1344 4130 dicam

193 4174 335 4257 primum
358 4175 524 4251 universe,
556 4171 700 4237 codicem
722 4171 965 4254 llloguntinum,
993 4190 1089 4250 quem
1113 4169 1169 4250 qui
1191 4169 1345 4236 viderunt

193 4277 426 4362 (Garbacbius,
461 4279 629 4357 Gelenius,
659 4278 746 4360 alii),
777 4300 888 4342 omnes
911 4297 1042 4343 summae
1065 4275 1273 4356 antiquitatis
1294 4279 1345 4343 in·

1063 4392 1113 4446 29*
