<?xml version="1.0" encoding="UTF-8"?>
<!DOCTYPE html PUBLIC "-//W3C//DTD XHTML 1.0 Transitional//EN"
    "http://www.w3.org/TR/xhtml1/DTD/xhtml1-transitional.dtd">
<html xmlns="http://www.w3.org/1999/xhtml" xml:lang="en" lang="en">
 <head>
  <title>
</title>
<meta http-equiv="Content-Type" content="text/html;charset=utf-8" />
  <meta name='ocr-system' content='tesseract 3.04.00' />
  <meta name='ocr-capabilities' content='ocr_page ocr_carea ocr_par ocr_line ocrx_word'/>
</head>
<body>
  <div class='ocr_page' id='page_1' title='image "./emendationesliv00madvgoog_0125.png"; bbox 0 0 2994 5108; ppageno 0'>
   <div class='ocr_carea' id='block_1_1' title="bbox 238 468 849 536">
    <p class='ocr_par' dir='ltr' id='par_1_1' title="bbox 238 468 849 536">
     <span class='ocr_line' id='line_1_1' title="bbox 238 468 849 536; baseline -0.015 0"><span class='ocrx_word' id='word_1_1' title='bbox 238 480 301 536; x_wconf 85' lang='lat' dir='ltr'><strong>Lib.</strong></span> <span class='ocrx_word' id='word_1_2' title='bbox 319 480 365 536; x_wconf 85' lang='lat' dir='ltr'><strong>IV.</strong></span> <span class='ocrx_word' id='word_1_3' title='bbox 787 468 849 528; x_wconf 85' lang='lat'><strong>114</strong></span> 
     </span>
    </p>
   </div>
   <div class='ocr_carea' id='block_1_2' title="bbox 167 650 1398 2694">
    <p class='ocr_par' dir='ltr' id='par_1_2' title="bbox 237 650 1398 2369">
     <span class='ocr_line' id='line_1_2' title="bbox 240 650 1397 738; baseline -0.001 -18"><span class='ocrx_word' id='word_1_4' title='bbox 240 655 289 720; x_wconf 89' lang='lat' dir='ltr'><strong>als</strong></span> <span class='ocrx_word' id='word_1_5' title='bbox 328 652 432 719; x_wconf 87' lang='lat' dir='ltr'><strong>Glanz</strong></span> <span class='ocrx_word' id='word_1_6' title='bbox 469 650 677 718; x_wconf 88' lang='lat' dir='ltr'><strong>verleihende</strong></span> <span class='ocrx_word' id='word_1_7' title='bbox 710 652 1014 736; x_wconf 82' lang='lat' dir='ltr'><strong>Dienstleietung“,</strong></span> <span class='ocrx_word' id='word_1_8' title='bbox 1052 652 1261 738; x_wconf 88' lang='lat' dir='ltr'><strong>apertissime</strong></span> <span class='ocrx_word' id='word_1_9' title='bbox 1293 651 1397 719; x_wconf 84' lang='lat' dir='ltr'><strong>aliam</strong></span> 
     </span>
     <span class='ocr_line' id='line_1_3' title="bbox 240 744 1394 857; baseline -0.003 -28"><span class='ocrx_word' id='word_1_10' title='bbox 240 764 439 848; x_wconf 83' lang='lat' dir='ltr'><strong>scripturam</strong></span> <span class='ocrx_word' id='word_1_11' title='bbox 471 761 593 827; x_wconf 87' lang='lat' dir='ltr'><strong>invitus</strong></span> <span class='ocrx_word' id='word_1_12' title='bbox 622 759 829 844; x_wconf 85' lang='lat' dir='ltr'><strong>sequitur.)¹)</strong></span> <span class='ocrx_word' id='word_1_13' title='bbox 885 760 951 827; x_wconf 85' lang='lat' dir='ltr'><strong>Sed</strong></span> <span class='ocrx_word' id='word_1_14' title='bbox 978 782 1020 857; x_wconf 86' lang='lat' dir='ltr'><strong>ne</strong></span> <span class='ocrx_word' id='word_1_15' title='bbox 1048 760 1083 826; x_wconf 94' lang='lat' dir='ltr'><strong>id</strong></span> <span class='ocrx_word' id='word_1_16' title='bbox 1111 761 1261 846; x_wconf 91' lang='lat' dir='ltr'><strong>quidem,</strong></span> <span class='ocrx_word' id='word_1_17' title='bbox 1295 744 1394 847; x_wconf 84' lang='lat' dir='ltr'><strong>qnod,</strong></span> 
     </span>
     <span class='ocr_line' id='line_1_4' title="bbox 238 869 1397 955; baseline 0.001 -18"><span class='ocrx_word' id='word_1_18' title='bbox 238 873 350 938; x_wconf 91' lang='lat' dir='ltr'><strong>nescio</strong></span> <span class='ocrx_word' id='word_1_19' title='bbox 384 870 477 936; x_wconf 90' lang='lat' dir='ltr'><strong>cuius</strong></span> <span class='ocrx_word' id='word_1_20' title='bbox 505 870 702 936; x_wconf 85' lang='lat' dir='ltr'><strong>coniectura</strong></span> <span class='ocrx_word' id='word_1_21' title='bbox 734 876 865 950; x_wconf 89' lang='lat' dir='ltr'><strong>natum,</strong></span> <span class='ocrx_word' id='word_1_22' title='bbox 904 870 1003 954; x_wconf 86' lang='lat' dir='ltr'><strong>vulgo</strong></span> <span class='ocrx_word' id='word_1_23' title='bbox 1037 869 1227 953; x_wconf 81' lang='lat' dir='ltr'><strong>legebatur:</strong></span> <span class='ocrx_word' id='word_1_24' title='bbox 1267 870 1397 955; x_wconf 78' lang='lat' dir='ltr'><strong>magis</strong></span> 
     </span>
     <span class='ocr_line' id='line_1_5' title="bbox 238 978 1397 1064; baseline -0.001 -18"><span class='ocrx_word' id='word_1_25' title='bbox 238 979 513 1046; x_wconf 86' lang='lat' dir='ltr'><strong>necessariam</strong></span> <span class='ocrx_word' id='word_1_26' title='bbox 541 998 658 1062; x_wconf 87' lang='lat' dir='ltr'><strong>quam</strong></span> <span class='ocrx_word' id='word_1_27' title='bbox 686 978 866 1063; x_wconf 81' lang='lat' dir='ltr'><strong>speciosi</strong></span> <span class='ocrx_word' id='word_1_28' title='bbox 887 979 1117 1044; x_wconf 90' lang='lat' dir='ltr'><strong>ministerii</strong></span> <span class='ocrx_word' id='word_1_29' title='bbox 1138 980 1397 1064; x_wconf 88' lang='lat' dir='ltr'><strong>procuratio-</strong></span> 
     </span>
     <span class='ocr_line' id='line_1_6' title="bbox 238 1087 1397 1172; baseline -0.003 -17"><span class='ocrx_word' id='word_1_30' title='bbox 238 1111 336 1169; x_wconf 85' lang='lat' dir='ltr'>nem,</span> <span class='ocrx_word' id='word_1_31' title='bbox 369 1108 481 1172; x_wconf 86' lang='lat' dir='ltr'><strong>verum</strong></span> <span class='ocrx_word' id='word_1_32' title='bbox 510 1107 583 1152; x_wconf 89' lang='lat' dir='ltr'><strong>esse</strong></span> <span class='ocrx_word' id='word_1_33' title='bbox 611 1092 737 1171; x_wconf 79' lang='lat' dir='ltr'><strong>poteet3</strong></span> <span class='ocrx_word' id='word_1_34' title='bbox 770 1088 819 1152; x_wconf 85' lang='lat' dir='ltr'><strong>ita</strong></span> <span class='ocrx_word' id='word_1_35' title='bbox 846 1087 932 1152; x_wconf 91' lang='lat' dir='ltr'><strong>enim</strong></span> <span class='ocrx_word' id='word_1_36' title='bbox 961 1087 1142 1171; x_wconf 83' lang='lat' dir='ltr'><strong>speciosi</strong></span> <span class='ocrx_word' id='word_1_37' title='bbox 1164 1087 1397 1154; x_wconf 86' lang='lat' dir='ltr'><strong>ministerii</strong></span> 
     </span>
     <span class='ocr_line' id='line_1_7' title="bbox 238 1194 1398 1281; baseline 0 -18"><span class='ocrx_word' id='word_1_38' title='bbox 238 1198 389 1281; x_wconf 88' lang='lat' dir='ltr'><strong>genetivo</strong></span> <span class='ocrx_word' id='word_1_39' title='bbox 418 1195 491 1275; x_wconf 86' lang='lat' dir='ltr'><strong>illo,</strong></span> <span class='ocrx_word' id='word_1_40' title='bbox 532 1215 629 1279; x_wconf 90' lang='lat' dir='ltr'><strong>quem</strong></span> <span class='ocrx_word' id='word_1_41' title='bbox 669 1195 840 1279; x_wconf 78' lang='lat' dir='ltr'><strong>qualitatis</strong></span> <span class='ocrx_word' id='word_1_42' title='bbox 880 1194 1048 1280; x_wconf 90' lang='lat' dir='ltr'><strong>appellare</strong></span> <span class='ocrx_word' id='word_1_43' title='bbox 1087 1196 1261 1263; x_wconf 86' lang='lat' dir='ltr'><strong>brevitatis</strong></span> <span class='ocrx_word' id='word_1_44' title='bbox 1294 1216 1398 1263; x_wconf 84' lang='lat' dir='ltr'><strong>causa</strong></span> 
     </span>
     <span class='ocr_line' id='line_1_8' title="bbox 239 1303 1395 1390; baseline -0.001 -18"><span class='ocrx_word' id='word_1_45' title='bbox 239 1307 390 1385; x_wconf 89' lang='lat' dir='ltr'><strong>solemus,</strong></span> <span class='ocrx_word' id='word_1_46' title='bbox 413 1303 541 1369; x_wconf 87' lang='lat' dir='ltr'><strong>dicetur</strong></span> <span class='ocrx_word' id='word_1_47' title='bbox 563 1304 615 1386; x_wconf 90' lang='lat' dir='ltr'><strong>(ut</strong></span> <span class='ocrx_word' id='word_1_48' title='bbox 637 1305 837 1371; x_wconf 85' lang='lat' dir='ltr'><strong>contrarium</strong></span> <span class='ocrx_word' id='word_1_49' title='bbox 860 1305 905 1370; x_wconf 88' lang='lat' dir='ltr'><strong>sit</strong></span> <span class='ocrx_word' id='word_1_50' title='bbox 920 1305 1117 1371; x_wconf 74' lang='lat' dir='ltr'><strong>necessarie</strong></span> <span class='ocrx_word' id='word_1_51' title='bbox 1135 1304 1395 1390; x_wconf 86' lang='lat' dir='ltr'><strong>procurationi);</strong></span> 
     </span>
     <span class='ocr_line' id='line_1_9' title="bbox 239 1413 1394 1498; baseline -0.001 -17"><span class='ocrx_word' id='word_1_52' title='bbox 239 1422 289 1482; x_wconf 84' lang='lat' dir='ltr'><strong>est</strong></span> <span class='ocrx_word' id='word_1_53' title='bbox 322 1420 433 1480; x_wconf 86' lang='lat' dir='ltr'><strong>autem</strong></span> <span class='ocrx_word' id='word_1_54' title='bbox 461 1420 574 1498; x_wconf 84' lang='lat' dir='ltr'><strong>aperte</strong></span> <span class='ocrx_word' id='word_1_55' title='bbox 602 1413 800 1494; x_wconf 82' lang='lat' dir='ltr'><strong>obiectivns3</strong></span> <span class='ocrx_word' id='word_1_56' title='bbox 833 1434 911 1478; x_wconf 88' lang='lat' dir='ltr'><strong>nam</strong></span> <span class='ocrx_word' id='word_1_57' title='bbox 937 1419 1135 1496; x_wconf 89' lang='lat' dir='ltr'><strong>procuratur</strong></span> <span class='ocrx_word' id='word_1_58' title='bbox 1163 1413 1394 1480; x_wconf 76' lang='lat' dir='ltr'><strong>ministerium.</strong></span> 
     </span>
     <span class='ocr_line' id='line_1_10' title="bbox 239 1520 1397 1609; baseline 0.001 -21"><span class='ocrx_word' id='word_1_59' title='bbox 239 1521 326 1600; x_wconf 85' lang='lat' dir='ltr'><strong>Quid</strong></span> <span class='ocrx_word' id='word_1_60' title='bbox 348 1523 587 1605; x_wconf 83' lang='lat' dir='ltr'><strong>requireretur,</strong></span> <span class='ocrx_word' id='word_1_61' title='bbox 615 1520 904 1589; x_wconf 83' lang='lat' dir='ltr'><strong>Drakenborohius</strong></span> <span class='ocrx_word' id='word_1_62' title='bbox 928 1521 1068 1588; x_wconf 87' lang='lat' dir='ltr'><strong>obscure</strong></span> <span class='ocrx_word' id='word_1_63' title='bbox 1090 1522 1203 1602; x_wconf 89' lang='lat' dir='ltr'><strong>sensit,</strong></span> <span class='ocrx_word' id='word_1_64' title='bbox 1231 1521 1300 1604; x_wconf 91' lang='lat' dir='ltr'><strong>sed,</strong></span> <span class='ocrx_word' id='word_1_65' title='bbox 1328 1542 1397 1609; x_wconf 87' lang='lat' dir='ltr'><strong>quo</strong></span> 
     </span>
     <span class='ocr_line' id='line_1_11' title="bbox 238 1630 1396 1715; baseline 0 -18"><span class='ocrx_word' id='word_1_66' title='bbox 238 1638 312 1698; x_wconf 86' lang='lat' dir='ltr'><strong>erat</strong></span> <span class='ocrx_word' id='word_1_67' title='bbox 333 1632 473 1715; x_wconf 84' lang='lat' dir='ltr'><strong>ingenio,</strong></span> <span class='ocrx_word' id='word_1_68' title='bbox 500 1651 561 1695; x_wconf 88' lang='lat' dir='ltr'><strong>nec</strong></span> <span class='ocrx_word' id='word_1_69' title='bbox 583 1631 751 1715; x_wconf 86' lang='lat' dir='ltr'><strong>perspexit</strong></span> <span class='ocrx_word' id='word_1_70' title='bbox 772 1651 833 1696; x_wconf 90' lang='lat' dir='ltr'><strong>uec</strong></span> <span class='ocrx_word' id='word_1_71' title='bbox 854 1631 977 1712; x_wconf 81' lang='lat' dir='ltr'><strong>tenuit3</strong></span> <span class='ocrx_word' id='word_1_72' title='bbox 1009 1651 1088 1695; x_wconf 93' lang='lat' dir='ltr'><strong>nam</strong></span> <span class='ocrx_word' id='word_1_73' title='bbox 1109 1630 1237 1714; x_wconf 82' lang='lat' dir='ltr'><strong>magis</strong></span> <span class='ocrx_word' id='word_1_74' title='bbox 1258 1652 1396 1697; x_wconf 89' lang='lat' dir='ltr'><strong>neces·</strong></span> 
     </span>
     <span class='ocr_line' id='line_1_12' title="bbox 238 1738 1396 1824; baseline -0.001 -18"><span class='ocrx_word' id='word_1_75' title='bbox 238 1743 390 1807; x_wconf 90' lang='lat' dir='ltr'><strong>sariam</strong></span> <span class='ocrx_word' id='word_1_76' title='bbox 422 1740 560 1805; x_wconf 88' lang='lat' dir='ltr'><strong>mirifica</strong></span> <span class='ocrx_word' id='word_1_77' title='bbox 593 1738 741 1822; x_wconf 87' lang='lat' dir='ltr'><strong>enallage</strong></span> <span class='ocrx_word' id='word_1_78' title='bbox 769 1760 831 1824; x_wconf 88' lang='lat' dir='ltr'><strong>pro</strong></span> <span class='ocrx_word' id='word_1_79' title='bbox 857 1739 989 1822; x_wconf 83' lang='lat' dir='ltr'><strong>magis</strong></span> <span class='ocrx_word' id='word_1_80' title='bbox 1018 1739 1246 1806; x_wconf 89' lang='lat' dir='ltr'><strong>necessarii</strong></span> <span class='ocrx_word' id='word_1_81' title='bbox 1268 1738 1396 1805; x_wconf 81' lang='lat' dir='ltr'><strong>dictum</strong></span> 
     </span>
     <span class='ocr_line' id='line_1_13' title="bbox 237 1847 1396 1936; baseline -0.001 -22"><span class='ocrx_word' id='word_1_82' title='bbox 237 1851 377 1936; x_wconf 85' lang='lat' dir='ltr'><strong>putavit.</strong></span> <span class='ocrx_word' id='word_1_83' title='bbox 432 1848 471 1913; x_wconf 93' lang='lat' dir='ltr'><strong>Id</strong></span> <span class='ocrx_word' id='word_1_84' title='bbox 497 1850 605 1932; x_wconf 90' lang='lat' dir='ltr'><strong>ipsum</strong></span> <span class='ocrx_word' id='word_1_85' title='bbox 634 1847 744 1913; x_wconf 89' lang='lat' dir='ltr'><strong>Livius</strong></span> <span class='ocrx_word' id='word_1_86' title='bbox 773 1848 968 1931; x_wconf 83' lang='lat' dir='ltr'><strong>scripserat:</strong></span> <span class='ocrx_word' id='word_1_87' title='bbox 1001 1849 1133 1932; x_wconf 82' lang='lat' dir='ltr'><strong>magis</strong></span> <span class='ocrx_word' id='word_1_88' title='bbox 1167 1848 1396 1914; x_wconf 89' lang='lat' dir='ltr'><strong>necessarii</strong></span> 
     </span>
     <span class='ocr_line' id='line_1_14' title="bbox 238 1942 1395 2044; baseline -0.001 -20"><span class='ocrx_word' id='word_1_89' title='bbox 238 1980 354 2044; x_wconf 90' lang='lat' dir='ltr'><strong>quam</strong></span> <span class='ocrx_word' id='word_1_90' title='bbox 383 1942 820 2042; x_wconf 46' lang='lat' dir='ltr'><strong>speciosi&#39;ministerii</strong></span> <span class='ocrx_word' id='word_1_91' title='bbox 847 1957 1200 2041; x_wconf 69' lang='lat' dir='ltr'><strong>procurationem</strong></span> <span class='ocrx_word' id='word_1_92' title='bbox 1234 1956 1296 2023; x_wconf 90' lang='lat' dir='ltr'><strong>sed</strong></span> <span class='ocrx_word' id='word_1_93' title='bbox 1317 1956 1395 2023; x_wconf 92' lang='lat' dir='ltr'><strong>dor·</strong></span> 
     </span>
     <span class='ocr_line' id='line_1_15' title="bbox 237 2064 1394 2145; baseline -0.003 -12"><span class='ocrx_word' id='word_1_94' title='bbox 237 2071 359 2134; x_wconf 85' lang='lat' dir='ltr'><strong>mitens</strong></span> <span class='ocrx_word' id='word_1_95' title='bbox 381 2066 537 2132; x_wconf 87' lang='lat' dir='ltr'><strong>librarius</strong></span> <span class='ocrx_word' id='word_1_96' title='bbox 559 2064 660 2130; x_wconf 88' lang='lat' dir='ltr'><strong>verba</strong></span> <span class='ocrx_word' id='word_1_97' title='bbox 682 2066 728 2130; x_wconf 89' lang='lat' dir='ltr'><strong>sic</strong></span> <span class='ocrx_word' id='word_1_98' title='bbox 745 2065 957 2145; x_wconf 86' lang='lat' dir='ltr'><strong>continuavit,</strong></span> <span class='ocrx_word' id='word_1_99' title='bbox 978 2071 1106 2131; x_wconf 84' lang='lat' dir='ltr'><strong>mutato</strong></span> <span class='ocrx_word' id='word_1_100' title='bbox 1124 2064 1279 2131; x_wconf 86' lang='lat' dir='ltr'><strong>adiectivi</strong></span> <span class='ocrx_word' id='word_1_101' title='bbox 1297 2085 1394 2131; x_wconf 86' lang='lat' dir='ltr'><strong>casu:</strong></span> 
     </span>
     <span class='ocr_line' id='line_1_16' title="bbox 237 2173 1395 2261; baseline -0.002 -19"><span class='ocrx_word' id='word_1_102' title='bbox 237 2177 293 2258; x_wconf 92' lang='lat' dir='ltr'><strong>id,</strong></span> <span class='ocrx_word' id='word_1_103' title='bbox 326 2175 432 2261; x_wconf 91' lang='lat' dir='ltr'><strong>quod</strong></span> <span class='ocrx_word' id='word_1_104' title='bbox 464 2179 546 2239; x_wconf 85' lang='lat' dir='ltr'><strong>tum</strong></span> <span class='ocrx_word' id='word_1_105' title='bbox 579 2180 670 2239; x_wconf 84' lang='lat' dir='ltr'><strong>erat</strong></span> <span class='ocrx_word' id='word_1_106' title='bbox 702 2175 832 2257; x_wconf 84' lang='lat' dir='ltr'><strong>magis</strong></span> <span class='ocrx_word' id='word_1_107' title='bbox 866 2174 1156 2241; x_wconf 90' lang='lat' dir='ltr'><strong>necessarium.</strong></span> <span class='ocrx_word' id='word_1_108' title='bbox 1211 2173 1261 2240; x_wconf 93' lang='lat' dir='ltr'><strong>De</strong></span> <span class='ocrx_word' id='word_1_109' title='bbox 1283 2173 1395 2240; x_wconf 91' lang='lat' dir='ltr'><strong>mendi</strong></span> 
     </span>
     <span class='ocr_line' id='line_1_17' title="bbox 237 2281 858 2369; baseline -0.005 -19"><span class='ocrx_word' id='word_1_110' title='bbox 237 2306 354 2369; x_wconf 88' lang='lat' dir='ltr'><strong>genere</strong></span> <span class='ocrx_word' id='word_1_111' title='bbox 377 2283 446 2349; x_wconf 88' lang='lat' dir='ltr'><strong>dixi</strong></span> <span class='ocrx_word' id='word_1_112' title='bbox 466 2282 500 2345; x_wconf 92' lang='lat' dir='ltr'><strong>in</strong></span> <span class='ocrx_word' id='word_1_113' title='bbox 522 2282 690 2365; x_wconf 86' lang='lat' dir='ltr'><strong>prooemio</strong></span> <span class='ocrx_word' id='word_1_114' title='bbox 714 2305 745 2367; x_wconf 90' lang='lat' dir='ltr'><strong>p.</strong></span> <span class='ocrx_word' id='word_1_115' title='bbox 772 2281 858 2364; x_wconf 77' lang='lat'>11.²)</span> 
     </span>
    </p>

    <p class='ocr_par' dir='ltr' id='par_1_3' title="bbox 167 2388 1394 2694">
     <span class='ocr_line' id='line_1_18' title="bbox 167 2388 1394 2480; baseline 0 -24"><span class='ocrx_word' id='word_1_116' title='bbox 167 2412 221 2480; x_wconf 79' lang='lat'><strong>(95)</strong></span> <span class='ocrx_word' id='word_1_117' title='bbox 327 2390 406 2476; x_wconf 82' lang='lat' dir='ltr'><strong>(lap.</strong></span> <span class='ocrx_word' id='word_1_118' title='bbox 428 2395 477 2471; x_wconf 82' lang='lat'><strong>12,</strong></span> <span class='ocrx_word' id='word_1_119' title='bbox 501 2394 535 2453; x_wconf 81' lang='lat'><strong>7:</strong></span> <span class='ocrx_word' id='word_1_120' title='bbox 558 2388 683 2455; x_wconf 91' lang='lat' dir='ltr'><strong>Unum</strong></span> <span class='ocrx_word' id='word_1_121' title='bbox 705 2390 813 2457; x_wconf 84' lang='lat' dir='ltr'><strong>afuit</strong></span> <span class='ocrx_word' id='word_1_122' title='bbox 833 2390 987 2456; x_wconf 92' lang='lat' dir='ltr'><strong>bellum</strong></span> <span class='ocrx_word' id='word_1_123' title='bbox 1009 2396 1236 2473; x_wconf 82' lang='lat' dir='ltr'><strong>externum;</strong></span> <span class='ocrx_word' id='word_1_124' title='bbox 1259 2410 1337 2474; x_wconf 91' lang='lat' dir='ltr'><strong>quo</strong></span> <span class='ocrx_word' id='word_1_125' title='bbox 1360 2391 1394 2457; x_wconf 91' lang='lat' dir='ltr'><strong>si</strong></span> 
     </span>
     <span class='ocr_line' id='line_1_19' title="bbox 237 2499 1393 2586; baseline -0.003 -18"><span class='ocrx_word' id='word_1_126' title='bbox 237 2506 468 2586; x_wconf 77' lang='lat' dir='ltr'><strong>aggravatae</strong></span> <span class='ocrx_word' id='word_1_127' title='bbox 490 2520 556 2564; x_wconf 90' lang='lat' dir='ltr'><strong>res</strong></span> <span class='ocrx_word' id='word_1_128' title='bbox 579 2505 729 2580; x_wconf 86' lang='lat' dir='ltr'><strong>essent,</strong></span> <span class='ocrx_word' id='word_1_129' title='bbox 758 2499 824 2564; x_wconf 87' lang='lat' dir='ltr'><strong>vix</strong></span> <span class='ocrx_word' id='word_1_130' title='bbox 847 2519 920 2583; x_wconf 89' lang='lat' dir='ltr'><strong>ope</strong></span> <span class='ocrx_word' id='word_1_131' title='bbox 944 2500 1111 2566; x_wconf 87' lang='lat' dir='ltr'><strong>deorum</strong></span> <span class='ocrx_word' id='word_1_132' title='bbox 1135 2499 1312 2565; x_wconf 90' lang='lat' dir='ltr'><strong>omnium</strong></span> <span class='ocrx_word' id='word_1_133' title='bbox 1333 2519 1393 2565; x_wconf 92' lang='lat' dir='ltr'><strong>re-</strong></span> 
     </span>
     <span class='ocr_line' id='line_1_20' title="bbox 236 2606 1394 2694; baseline -0.003 -19"><span class='ocrx_word' id='word_1_134' title='bbox 236 2611 333 2676; x_wconf 88' lang='lat' dir='ltr'><strong>sisti</strong></span> <span class='ocrx_word' id='word_1_135' title='bbox 361 2608 578 2694; x_wconf 89' lang='lat' dir='ltr'><strong>potuisset.</strong></span> <span class='ocrx_word' id='word_1_136' title='bbox 614 2608 716 2673; x_wconf 86' lang='lat' dir='ltr'><strong>Recte</strong></span> <span class='ocrx_word' id='word_1_137' title='bbox 739 2606 925 2674; x_wconf 82' lang='lat' dir='ltr'><strong>Gronovius</strong></span> <span class='ocrx_word' id='word_1_138' title='bbox 948 2608 1044 2674; x_wconf 86' lang='lat' dir='ltr'><strong>sisti</strong></span> <span class='ocrx_word' id='word_1_139' title='bbox 1064 2607 1271 2693; x_wconf 89' lang='lat' dir='ltr'><strong>requirebat;</strong></span> <span class='ocrx_word' id='word_1_140' title='bbox 1293 2606 1394 2674; x_wconf 81' lang='lat' dir='ltr'><strong>aliter</strong></span> 
     </span>
    </p>
   </div>
   <div class='ocr_carea' id='block_1_3' title="bbox 263 2815 1397 4434">
    <p class='ocr_par' dir='ltr' id='par_1_4' title="bbox 265 2815 1117 2889">
     <span class='ocr_line' id='line_1_21' title="bbox 265 2815 1117 2889; baseline -0.001 -17"><span class='ocrx_word' id='word_1_141' title='bbox 265 2820 288 2888; x_wconf 87' lang='lat'><strong>¹)</strong></span> <span class='ocrx_word' id='word_1_142' title='bbox 307 2818 421 2889; x_wconf 83' lang='lat' dir='ltr'><strong>[Postea</strong></span> <span class='ocrx_word' id='word_1_143' title='bbox 437 2818 499 2873; x_wconf 83' lang='lat' dir='ltr'><strong>haec</strong></span> <span class='ocrx_word' id='word_1_144' title='bbox 517 2818 629 2886; x_wconf 83' lang='lat' dir='ltr'><strong>abiecit,</strong></span> <span class='ocrx_word' id='word_1_145' title='bbox 647 2818 704 2872; x_wconf 88' lang='lat' dir='ltr'><strong>alia</strong></span> <span class='ocrx_word' id='word_1_146' title='bbox 721 2818 895 2888; x_wconf 79' lang='lat' dir='ltr'><strong>excogitavit</strong></span> <span class='ocrx_word' id='word_1_147' title='bbox 913 2835 992 2887; x_wconf 74' lang='lat' dir='ltr'><strong>aeque</strong></span> <span class='ocrx_word' id='word_1_148' title='bbox 1009 2815 1117 2889; x_wconf 87' lang='lat' dir='ltr'><strong>prava]</strong></span> 
     </span>
    </p>

    <p class='ocr_par' dir='ltr' id='par_1_5' title="bbox 263 2902 1397 4434">
     <span class='ocr_line' id='line_1_22' title="bbox 263 2902 1394 2975; baseline -0.002 -16"><span class='ocrx_word' id='word_1_149' title='bbox 263 2906 288 2974; x_wconf 78' lang='lat'><strong>²)</strong></span> <span class='ocrx_word' id='word_1_150' title='bbox 306 2906 426 2975; x_wconf 87' lang='lat' dir='ltr'><strong>Propter</strong></span> <span class='ocrx_word' id='word_1_151' title='bbox 447 2906 542 2960; x_wconf 90' lang='lat' dir='ltr'><strong>mendi</strong></span> <span class='ocrx_word' id='word_1_152' title='bbox 565 2905 677 2974; x_wconf 79' lang='lat' dir='ltr'><strong>generis</strong></span> <span class='ocrx_word' id='word_1_153' title='bbox 699 2903 787 2972; x_wconf 86' lang='lat' dir='ltr'><strong>(qnod</strong></span> <span class='ocrx_word' id='word_1_154' title='bbox 808 2921 896 2975; x_wconf 91' lang='lat' dir='ltr'><strong>prava</strong></span> <span class='ocrx_word' id='word_1_155' title='bbox 918 2921 998 2959; x_wconf 89' lang='lat' dir='ltr'><strong>casus</strong></span> <span class='ocrx_word' id='word_1_156' title='bbox 1022 2904 1058 2958; x_wconf 91' lang='lat' dir='ltr'><strong>ad</strong></span> <span class='ocrx_word' id='word_1_157' title='bbox 1075 2902 1265 2974; x_wconf 73' lang='lat' dir='ltr'><strong>precedentia</strong></span> <span class='ocrx_word' id='word_1_158' title='bbox 1283 2919 1394 2961; x_wconf 85' lang='lat' dir='ltr'><strong>accom-</strong></span> 
     </span>
     <span class='ocr_line' id='line_1_23' title="bbox 303 2988 1391 3061; baseline -0.003 -13"><span class='ocrx_word' id='word_1_159' title='bbox 303 2992 466 3048; x_wconf 89' lang='lat' dir='ltr'><strong>modatione</strong></span> <span class='ocrx_word' id='word_1_160' title='bbox 484 2990 654 3057; x_wconf 86' lang='lat' dir='ltr'><strong>continetur)</strong></span> <span class='ocrx_word' id='word_1_161' title='bbox 673 2994 702 3044; x_wconf 83' lang='lat' dir='ltr'><strong>et</strong></span> <span class='ocrx_word' id='word_1_162' title='bbox 718 2996 839 3060; x_wconf 87' lang='lat' dir='ltr'><strong>propter</strong></span> <span class='ocrx_word' id='word_1_163' title='bbox 856 2991 1062 3061; x_wconf 85' lang='lat' dir='ltr'><strong>perversissimi</strong></span> <span class='ocrx_word' id='word_1_164' title='bbox 1080 2988 1284 3060; x_wconf 78' lang='lat' dir='ltr'><strong>interpretandi</strong></span> <span class='ocrx_word' id='word_1_165' title='bbox 1302 2988 1391 3045; x_wconf 86' lang='lat' dir='ltr'><strong>artifi-</strong></span> 
     </span>
     <span class='ocr_line' id='line_1_24' title="bbox 305 3074 1394 3147; baseline -0.003 -13"><span class='ocrx_word' id='word_1_166' title='bbox 305 3079 342 3134; x_wconf 92' lang='lat' dir='ltr'><strong>cii</strong></span> <span class='ocrx_word' id='word_1_167' title='bbox 361 3078 573 3133; x_wconf 87' lang='lat' dir='ltr'><strong>similitudinem</strong></span> <span class='ocrx_word' id='word_1_168' title='bbox 591 3077 730 3147; x_wconf 80' lang='lat' dir='ltr'><strong>attingam</strong></span> <span class='ocrx_word' id='word_1_169' title='bbox 749 3077 779 3130; x_wconf 93' lang='lat' dir='ltr'><strong>in</strong></span> <span class='ocrx_word' id='word_1_170' title='bbox 796 3082 960 3132; x_wconf 87' lang='lat' dir='ltr'><strong>transcursu</strong></span> <span class='ocrx_word' id='word_1_171' title='bbox 977 3081 1136 3131; x_wconf 86' lang='lat' dir='ltr'><strong>monstrum</strong></span> <span class='ocrx_word' id='word_1_172' title='bbox 1150 3074 1219 3130; x_wconf 91' lang='lat' dir='ltr'><strong>illud</strong></span> <span class='ocrx_word' id='word_1_173' title='bbox 1234 3075 1394 3146; x_wconf 72' lang='lat' dir='ltr'><strong>scripturae,</strong></span> 
     </span>
     <span class='ocr_line' id='line_1_25' title="bbox 305 3162 1393 3232; baseline 0.001 -14"><span class='ocrx_word' id='word_1_174' title='bbox 305 3164 393 3232; x_wconf 84' lang='lat' dir='ltr'><strong>quod,</strong></span> <span class='ocrx_word' id='word_1_175' title='bbox 416 3181 502 3232; x_wconf 91' lang='lat' dir='ltr'><strong>quum</strong></span> <span class='ocrx_word' id='word_1_176' title='bbox 525 3164 554 3216; x_wconf 90' lang='lat' dir='ltr'><strong>in</strong></span> <span class='ocrx_word' id='word_1_177' title='bbox 572 3162 698 3218; x_wconf 90' lang='lat' dir='ltr'><strong>editione</strong></span> <span class='ocrx_word' id='word_1_178' title='bbox 715 3162 895 3218; x_wconf 89' lang='lat' dir='ltr'><strong>Frobeniana</strong></span> <span class='ocrx_word' id='word_1_179' title='bbox 912 3179 936 3216; x_wconf 85' lang='lat' dir='ltr'><strong>a</strong></span> <span class='ocrx_word' id='word_1_180' title='bbox 958 3165 1022 3218; x_wconf 80' lang='grc'><strong>1581</strong></span> <span class='ocrx_word' id='word_1_181' title='bbox 1041 3163 1129 3218; x_wconf 85' lang='lat' dir='ltr'><strong>tacite</strong></span> <span class='ocrx_word' id='word_1_182' title='bbox 1146 3163 1290 3217; x_wconf 84' lang='lat' dir='ltr'><strong>sublatum</strong></span> <span class='ocrx_word' id='word_1_183' title='bbox 1307 3166 1393 3231; x_wconf 79' lang='lat' dir='ltr'><strong>esset,</strong></span> 
     </span>
     <span class='ocr_line' id='line_1_26' title="bbox 305 3247 1395 3319; baseline 0.001 -16"><span class='ocrx_word' id='word_1_184' title='bbox 305 3267 321 3303; x_wconf 86' lang='lat' dir='ltr'><strong>a</strong></span> <span class='ocrx_word' id='word_1_185' title='bbox 339 3248 570 3304; x_wconf 85' lang='lat' dir='ltr'><strong>Drakenborchio</strong></span> <span class='ocrx_word' id='word_1_186' title='bbox 593 3249 649 3302; x_wconf 90' lang='lat' dir='ltr'><strong>iam</strong></span> <span class='ocrx_word' id='word_1_187' title='bbox 672 3265 753 3318; x_wconf 82' lang='lat' dir='ltr'><strong>paene</strong></span> <span class='ocrx_word' id='word_1_188' title='bbox 770 3251 937 3319; x_wconf 88' lang='lat' dir='ltr'><strong>probatum,</strong></span> <span class='ocrx_word' id='word_1_189' title='bbox 961 3250 996 3303; x_wconf 88' lang='lat' dir='ltr'><strong>ab</strong></span> <span class='ocrx_word' id='word_1_190' title='bbox 1014 3247 1193 3304; x_wconf 80' lang='lat' dir='ltr'><strong>Alschefskio</strong></span> <span class='ocrx_word' id='word_1_191' title='bbox 1213 3264 1228 3302; x_wconf 94' lang='lat' dir='ltr'><strong>e</strong></span> <span class='ocrx_word' id='word_1_192' title='bbox 1246 3247 1395 3304; x_wconf 80' lang='lat' dir='ltr'><strong>codicibus</strong></span> 
     </span>
     <span class='ocr_line' id='line_1_27' title="bbox 304 3332 1396 3402; baseline 0.002 -15"><span class='ocrx_word' id='word_1_193' title='bbox 304 3335 482 3402; x_wconf 82' lang='lat' dir='ltr'><strong>restitutum,</strong></span> <span class='ocrx_word' id='word_1_194' title='bbox 505 3335 751 3389; x_wconf 89' lang='lat' dir='ltr'><strong>Weissenbornius</strong></span> <span class='ocrx_word' id='word_1_195' title='bbox 775 3340 803 3389; x_wconf 92' lang='lat' dir='ltr'><strong>et</strong></span> <span class='ocrx_word' id='word_1_196' title='bbox 820 3335 953 3390; x_wconf 84' lang='lat' dir='ltr'><strong>Hertzius</strong></span> <span class='ocrx_word' id='word_1_197' title='bbox 975 3339 1128 3390; x_wconf 87' lang='lat' dir='ltr'><strong>tenuerunt</strong></span> <span class='ocrx_word' id='word_1_198' title='bbox 1145 3335 1175 3389; x_wconf 90' lang='lat' dir='ltr'><strong>in</strong></span> <span class='ocrx_word' id='word_1_199' title='bbox 1193 3352 1216 3390; x_wconf 91' lang='lat' dir='ltr'><strong>c.</strong></span> <span class='ocrx_word' id='word_1_200' title='bbox 1239 3335 1279 3401; x_wconf 77' lang='lat'><strong>13,</strong></span> <span class='ocrx_word' id='word_1_201' title='bbox 1301 3336 1331 3388; x_wconf 81' lang='lat'><strong>4:</strong></span> <span class='ocrx_word' id='word_1_202' title='bbox 1358 3332 1396 3389; x_wconf 85' lang='lat' dir='ltr'><strong>id</strong></span> 
     </span>
     <span class='ocr_line' id='line_1_28' title="bbox 305 3419 1393 3491; baseline 0.003 -18"><span class='ocrx_word' id='word_1_203' title='bbox 305 3437 404 3473; x_wconf 87' lang='lat' dir='ltr'><strong>unum</strong></span> <span class='ocrx_word' id='word_1_204' title='bbox 442 3419 580 3489; x_wconf 80' lang='lat' dir='ltr'><strong>dignum</strong></span> <span class='ocrx_word' id='word_1_205' title='bbox 612 3423 714 3475; x_wconf 88' lang='lat' dir='ltr'><strong>tanto</strong></span> <span class='ocrx_word' id='word_1_206' title='bbox 747 3427 914 3491; x_wconf 88' lang='lat' dir='ltr'><strong>apparatu</strong></span> <span class='ocrx_word' id='word_1_207' title='bbox 947 3421 1178 3476; x_wconf 86' lang='lat' dir='ltr'><strong>consiliorum</strong></span> <span class='ocrx_word' id='word_1_208' title='bbox 1209 3424 1244 3474; x_wconf 93' lang='lat' dir='ltr'><strong>et</strong></span> <span class='ocrx_word' id='word_1_209' title='bbox 1275 3424 1393 3476; x_wconf 83' lang='lat' dir='ltr'><strong>certa·</strong></span> 
     </span>
     <span class='ocr_line' id='line_1_29' title="bbox 304 3505 1395 3577; baseline 0.003 -18"><span class='ocrx_word' id='word_1_210' title='bbox 304 3506 441 3573; x_wconf 87' lang='lat' dir='ltr'><strong>minum,</strong></span> <span class='ocrx_word' id='word_1_211' title='bbox 469 3506 558 3575; x_wconf 90' lang='lat' dir='ltr'><strong>quod</strong></span> <span class='ocrx_word' id='word_1_212' title='bbox 580 3507 704 3575; x_wconf 78' lang='lat' dir='ltr'><strong>ingens</strong></span> <span class='ocrx_word' id='word_1_213' title='bbox 728 3507 960 3563; x_wconf 84' lang='lat' dir='ltr'><strong>exsudandum</strong></span> <span class='ocrx_word' id='word_1_214' title='bbox 979 3511 1085 3574; x_wconf 87' lang='lat' dir='ltr'><strong>esset,</strong></span> <span class='ocrx_word' id='word_1_215' title='bbox 1111 3506 1293 3577; x_wconf 80' lang='lat' dir='ltr'><strong>praemium</strong></span> <span class='ocrx_word' id='word_1_216' title='bbox 1310 3505 1395 3562; x_wconf 85' lang='lat' dir='ltr'><strong>iore.</strong></span> 
     </span>
     <span class='ocr_line' id='line_1_30' title="bbox 304 3590 1394 3662; baseline 0.003 -17"><span class='ocrx_word' id='word_1_217' title='bbox 304 3590 382 3645; x_wconf 85' lang='lat' dir='ltr'><strong>Nihil</strong></span> <span class='ocrx_word' id='word_1_218' title='bbox 404 3592 469 3647; x_wconf 92' lang='lat' dir='ltr'><strong>dico</strong></span> <span class='ocrx_word' id='word_1_219' title='bbox 493 3591 528 3646; x_wconf 93' lang='lat' dir='ltr'><strong>de</strong></span> <span class='ocrx_word' id='word_1_220' title='bbox 555 3596 726 3662; x_wconf 84' lang='lat' dir='ltr'><strong>apparatu</strong></span> <span class='ocrx_word' id='word_1_221' title='bbox 750 3593 992 3660; x_wconf 67' lang='lat' dir='ltr'><strong>certaminum</strong></span> <span class='ocrx_word' id='word_1_222' title='bbox 1019 3593 1069 3647; x_wconf 89' lang='lat' dir='ltr'><strong>sed</strong></span> <span class='ocrx_word' id='word_1_223' title='bbox 1090 3591 1267 3662; x_wconf 79' lang='lat' dir='ltr'><strong>preamium</strong></span> <span class='ocrx_word' id='word_1_224' title='bbox 1290 3609 1394 3648; x_wconf 83' lang='lat' dir='ltr'><strong>exsu-</strong></span> 
     </span>
     <span class='ocr_line' id='line_1_31' title="bbox 305 3677 1393 3746; baseline 0.001 -14"><span class='ocrx_word' id='word_1_225' title='bbox 305 3677 381 3732; x_wconf 84' lang='lat' dir='ltr'><strong>dari</strong></span> <span class='ocrx_word' id='word_1_226' title='bbox 399 3678 534 3745; x_wconf 87' lang='lat' dir='ltr'><strong>admiror,</strong></span> <span class='ocrx_word' id='word_1_227' title='bbox 562 3695 646 3745; x_wconf 90' lang='lat' dir='ltr'><strong>quum</strong></span> <span class='ocrx_word' id='word_1_228' title='bbox 664 3677 733 3731; x_wconf 91' lang='lat' dir='ltr'><strong>alibi</strong></span> <span class='ocrx_word' id='word_1_229' title='bbox 751 3678 864 3732; x_wconf 87' lang='lat' dir='ltr'><strong>labores</strong></span> <span class='ocrx_word' id='word_1_230' title='bbox 883 3684 911 3733; x_wconf 86' lang='lat' dir='ltr'><strong>et</strong></span> <span class='ocrx_word' id='word_1_231' title='bbox 928 3679 1083 3733; x_wconf 85' lang='lat' dir='ltr'><strong>certamina</strong></span> <span class='ocrx_word' id='word_1_232' title='bbox 1100 3677 1283 3746; x_wconf 80' lang='lat' dir='ltr'><strong>exsudentnr,</strong></span> <span class='ocrx_word' id='word_1_233' title='bbox 1301 3682 1331 3733; x_wconf 85' lang='lat' dir='ltr'><strong>et</strong></span> <span class='ocrx_word' id='word_1_234' title='bbox 1348 3678 1393 3733; x_wconf 91' lang='lat' dir='ltr'><strong>in·</strong></span> 
     </span>
     <span class='ocr_line' id='line_1_32' title="bbox 304 3762 1397 3835; baseline 0.001 -17"><span class='ocrx_word' id='word_1_235' title='bbox 304 3764 471 3834; x_wconf 85' lang='lat' dir='ltr'><strong>terpositum</strong></span> <span class='ocrx_word' id='word_1_236' title='bbox 489 3763 626 3833; x_wconf 75' lang='lat' dir='ltr'><strong>ingens,</strong></span> <span class='ocrx_word' id='word_1_237' title='bbox 650 3764 783 3832; x_wconf 88' lang='lat' dir='ltr'><strong>quoniam</strong></span> <span class='ocrx_word' id='word_1_238' title='bbox 800 3768 864 3819; x_wconf 88' lang='lat' dir='ltr'><strong>toto</strong></span> <span class='ocrx_word' id='word_1_239' title='bbox 883 3765 996 3819; x_wconf 90' lang='lat' dir='ltr'><strong>demum</strong></span> <span class='ocrx_word' id='word_1_240' title='bbox 1013 3763 1163 3818; x_wconf 87' lang='lat' dir='ltr'><strong>verborum</strong></span> <span class='ocrx_word' id='word_1_241' title='bbox 1180 3762 1302 3818; x_wconf 85' lang='lat' dir='ltr'><strong>circuitu</strong></span> <span class='ocrx_word' id='word_1_242' title='bbox 1318 3781 1397 3835; x_wconf 76' lang='lat' dir='ltr'><strong>mag·</strong></span> 
     </span>
     <span class='ocr_line' id='line_1_33' title="bbox 304 3848 1393 3921; baseline 0 -17"><span class='ocrx_word' id='word_1_243' title='bbox 304 3850 404 3905; x_wconf 85' lang='lat' dir='ltr'><strong>nitudo</strong></span> <span class='ocrx_word' id='word_1_244' title='bbox 422 3851 532 3921; x_wconf 75' lang='lat' dir='ltr'><strong>praemii</strong></span> <span class='ocrx_word' id='word_1_245' title='bbox 549 3849 734 3920; x_wconf 80' lang='lat' dir='ltr'><strong>significatur,</strong></span> <span class='ocrx_word' id='word_1_246' title='bbox 761 3856 791 3905; x_wconf 88' lang='lat' dir='ltr'><strong>et</strong></span> <span class='ocrx_word' id='word_1_247' title='bbox 813 3851 973 3920; x_wconf 79' lang='lat' dir='ltr'><strong>elegantem</strong></span> <span class='ocrx_word' id='word_1_248' title='bbox 996 3848 1159 3904; x_wconf 85' lang='lat' dir='ltr'><strong>mehercule</strong></span> <span class='ocrx_word' id='word_1_249' title='bbox 1176 3850 1329 3905; x_wconf 86' lang='lat' dir='ltr'><strong>verborum</strong></span> <span class='ocrx_word' id='word_1_250' title='bbox 1347 3866 1393 3905; x_wconf 86' lang='lat' dir='ltr'><strong>or·</strong></span> 
     </span>
     <span class='ocr_line' id='line_1_34' title="bbox 305 3934 1395 4008; baseline 0 -17"><span class='ocrx_word' id='word_1_251' title='bbox 305 3938 414 3992; x_wconf 89' lang='lat' dir='ltr'><strong>dinem:</strong></span> <span class='ocrx_word' id='word_1_252' title='bbox 441 3938 631 4008; x_wconf 80' lang='lat' dir='ltr'><strong>dignum...</strong></span> <span class='ocrx_word' id='word_1_253' title='bbox 647 3936 884 4006; x_wconf 85' lang='lat' dir='ltr'><strong>certaminum,</strong></span> <span class='ocrx_word' id='word_1_254' title='bbox 904 3936 992 4006; x_wconf 90' lang='lat' dir='ltr'><strong>qnod</strong></span> <span class='ocrx_word' id='word_1_255' title='bbox 1014 3936 1139 4004; x_wconf 79' lang='lat' dir='ltr'><strong>ingene</strong></span> <span class='ocrx_word' id='word_1_256' title='bbox 1158 3934 1395 3991; x_wconf 81' lang='lat' dir='ltr'><strong>exsudandum</strong></span> 
     </span>
     <span class='ocr_line' id='line_1_35' title="bbox 305 4020 1396 4093; baseline 0 -17"><span class='ocrx_word' id='word_1_257' title='bbox 305 4025 363 4092; x_wconf 88' lang='lat' dir='ltr'><strong>sit,</strong></span> <span class='ocrx_word' id='word_1_258' title='bbox 390 4024 576 4093; x_wconf 87' lang='lat' dir='ltr'><strong>praemium.</strong></span> <span class='ocrx_word' id='word_1_259' title='bbox 622 4022 660 4076; x_wconf 85' lang='lat' dir='ltr'><strong>Et</strong></span> <span class='ocrx_word' id='word_1_260' title='bbox 684 4023 740 4079; x_wconf 92' lang='lat' dir='ltr'><strong>hoc</strong></span> <span class='ocrx_word' id='word_1_261' title='bbox 763 4023 891 4078; x_wconf 91' lang='lat' dir='ltr'><strong>homines</strong></span> <span class='ocrx_word' id='word_1_262' title='bbox 914 4021 1088 4093; x_wconf 79' lang='lat' dir='ltr'><strong>philologos,</strong></span> <span class='ocrx_word' id='word_1_263' title='bbox 1115 4037 1168 4075; x_wconf 87' lang='lat' dir='ltr'><strong>nec</strong></span> <span class='ocrx_word' id='word_1_264' title='bbox 1186 4020 1396 4077; x_wconf 78' lang='lat' dir='ltr'><strong>Alschefskium</strong></span> 
     </span>
     <span class='ocr_line' id='line_1_36' title="bbox 304 4106 1397 4179; baseline -0.003 -15"><span class='ocrx_word' id='word_1_265' title='bbox 304 4111 408 4176; x_wconf 88' lang='lat' dir='ltr'><strong>solum,</strong></span> <span class='ocrx_word' id='word_1_266' title='bbox 435 4108 554 4179; x_wconf 80' lang='lat' dir='ltr'><strong>fingere,</strong></span> <span class='ocrx_word' id='word_1_267' title='bbox 581 4110 659 4177; x_wconf 87' lang='lat' dir='ltr'><strong>quod</strong></span> <span class='ocrx_word' id='word_1_268' title='bbox 682 4110 813 4164; x_wconf 88' lang='lat' dir='ltr'><strong>librarius</strong></span> <span class='ocrx_word' id='word_1_269' title='bbox 839 4125 892 4179; x_wconf 86' lang='lat' dir='ltr'><strong>pro</strong></span> <span class='ocrx_word' id='word_1_270' title='bbox 911 4112 1082 4179; x_wconf 81' lang='lat' dir='ltr'><strong>apparatu</strong></span> <span class='ocrx_word' id='word_1_271' title='bbox 1109 4106 1338 4162; x_wconf 84' lang='lat' dir='ltr'><strong>consiliorum</strong></span> <span class='ocrx_word' id='word_1_272' title='bbox 1362 4110 1397 4162; x_wconf 87' lang='lat' dir='ltr'><strong>et</strong></span> 
     </span>
     <span class='ocr_line' id='line_1_37' title="bbox 305 4194 1395 4266; baseline -0.005 -15"><span class='ocrx_word' id='word_1_273' title='bbox 305 4197 498 4251; x_wconf 85' lang='lat' dir='ltr'><strong>certamine</strong></span> <span class='ocrx_word' id='word_1_274' title='bbox 526 4195 684 4250; x_wconf 87' lang='lat' dir='ltr'><strong>dormitans</strong></span> <span class='ocrx_word' id='word_1_275' title='bbox 708 4200 737 4252; x_wconf 89' lang='lat' dir='ltr'><strong>et</strong></span> <span class='ocrx_word' id='word_1_276' title='bbox 758 4196 916 4266; x_wconf 87' lang='lat' dir='ltr'><strong>proximum</strong></span> <span class='ocrx_word' id='word_1_277' title='bbox 938 4194 1101 4265; x_wconf 79' lang='lat' dir='ltr'><strong>genetivum</strong></span> <span class='ocrx_word' id='word_1_278' title='bbox 1120 4209 1241 4261; x_wconf 89' lang='lat' dir='ltr'><strong>sequens</strong></span> <span class='ocrx_word' id='word_1_279' title='bbox 1264 4197 1296 4247; x_wconf 82' lang='lat' dir='ltr'><strong>el</strong></span> <span class='ocrx_word' id='word_1_280' title='bbox 1319 4208 1395 4248; x_wconf 86' lang='lat' dir='ltr'><strong>cer·</strong></span> 
     </span>
     <span class='ocr_line' id='line_1_38' title="bbox 305 4278 1396 4351; baseline -0.004 -14"><span class='ocrx_word' id='word_1_281' title='bbox 305 4282 468 4337; x_wconf 87' lang='lat' dir='ltr'><strong>taminnm</strong></span> <span class='ocrx_word' id='word_1_282' title='bbox 486 4281 645 4351; x_wconf 84' lang='lat' dir='ltr'><strong>scripserit!</strong></span> <span class='ocrx_word' id='word_1_283' title='bbox 683 4279 786 4350; x_wconf 81' lang='lat' dir='ltr'><strong>[Cessit</strong></span> <span class='ocrx_word' id='word_1_284' title='bbox 802 4281 849 4336; x_wconf 90' lang='lat' dir='ltr'><strong>hic</strong></span> <span class='ocrx_word' id='word_1_285' title='bbox 867 4285 965 4336; x_wconf 90' lang='lat' dir='ltr'><strong>tamen</strong></span> <span class='ocrx_word' id='word_1_286' title='bbox 982 4279 1100 4335; x_wconf 81' lang='lat' dir='ltr'><strong>veritati</strong></span> <span class='ocrx_word' id='word_1_287' title='bbox 1116 4278 1160 4333; x_wconf 88' lang='lat' dir='ltr'><strong>W.</strong></span> <span class='ocrx_word' id='word_1_288' title='bbox 1179 4279 1308 4334; x_wconf 84' lang='lat' dir='ltr'><strong>nondum</strong></span> <span class='ocrx_word' id='word_1_289' title='bbox 1325 4294 1396 4349; x_wconf 72' lang='lat' dir='ltr'><strong>cog·</strong></span> 
     </span>
     <span class='ocr_line' id='line_1_39' title="bbox 303 4361 1374 4434; baseline -0.003 -12"><span class='ocrx_word' id='word_1_290' title='bbox 303 4368 364 4422; x_wconf 90' lang='lat' dir='ltr'><strong>nita</strong></span> <span class='ocrx_word' id='word_1_291' title='bbox 382 4367 488 4422; x_wconf 88' lang='lat' dir='ltr'><strong>codicis</strong></span> <span class='ocrx_word' id='word_1_292' title='bbox 506 4367 677 4423; x_wconf 90' lang='lat' dir='ltr'><strong>Veronensis</strong></span> <span class='ocrx_word' id='word_1_293' title='bbox 696 4368 876 4434; x_wconf 82' lang='lat' dir='ltr'><strong>auctoritate,</strong></span> <span class='ocrx_word' id='word_1_294' title='bbox 894 4367 924 4422; x_wconf 90' lang='lat' dir='ltr'><strong>in</strong></span> <span class='ocrx_word' id='word_1_295' title='bbox 942 4381 998 4434; x_wconf 86' lang='lat' dir='ltr'><strong>quo</strong></span> <span class='ocrx_word' id='word_1_296' title='bbox 1017 4364 1202 4420; x_wconf 86' lang='lat' dir='ltr'><strong>certamine</strong></span> <span class='ocrx_word' id='word_1_297' title='bbox 1220 4361 1374 4433; x_wconf 69' lang='lat' dir='ltr'><strong>scribitur.)</strong></span> 
     </span>
    </p>
   </div>
   <div class='ocr_carea' id='block_1_4' title="bbox 0 0 1502 5108">
    <p class='ocr_par' dir='ltr' id='par_1_6' title="bbox 0 0 1502 5108">
     <span class='ocr_line' id='line_1_40' title="bbox 0 0 1502 5108; baseline 0 0"><span class='ocrx_word' id='word_1_298' title='bbox 0 0 1502 5108; x_wconf 95' lang='lat' dir='ltr'><strong> </strong></span> 
     </span>
    </p>
   </div>
  </div>
 </body>
</html>
