2994 5108
691 479 753 539 589
1157 492 1217 545 Lib.
1237 491 1296 546 XL.

143 657 316 742 Philippo,
340 662 409 726 sine
438 663 558 727 iniuria
579 665 780 728 transituros
811 685 883 728 esse
906 664 1085 729 Bastarnas
1109 663 1151 746 (c.
1177 671 1226 739 57,
1251 665 1294 745 4).

144 766 263 848 Itaque
283 790 389 852 prava
411 770 487 835 fidei
508 772 631 836 mentio
654 779 718 849 est3
742 793 802 836 nec
825 773 931 836 minus
955 794 1106 855 pravum,
1129 773 1216 855 qnod
1240 772 1296 838 alii

144 895 277 958 quoque
294 886 476 958 senserunt,
494 879 590 944 illud:
615 880 721 945 haud
743 880 870 944 multo
894 888 987 963 post
1003 881 1155 945 famam.
1188 880 1296 964 Scrip-

146 990 237 1048 serat
260 985 386 1050 Livius:
422 988 601 1068 digressu
635 988 774 1053 deinde
805 987 992 1053 Cottonis
1026 996 1068 1053 et
1100 990 1296 1072 Antigoni

145 1089 188 1172 (c.
213 1096 263 1169 57,
289 1094 321 1174 3)
344 1096 449 1164 hand
472 1097 598 1162 multo
622 1105 715 1180 post
738 1098 836 1159 lana
858 1099 1003 1162 mortis
1025 1097 1212 1180 Philippi
1235 1118 1296 1161 ne-

145 1222 221 1283 que
245 1200 423 1268 Thraces
446 1211 507 1269 cet.
543 1206 633 1271 Duas
648 1225 771 1272 causas
790 1207 899 1271 Livius
923 1207 1048 1271 indicat
1066 1205 1208 1270 turbetae
1231 1206 1296 1284 rei3

146 1330 186 1372 ex
216 1309 408 1393 digressu
442 1313 566 1378 factum
600 1316 779 1397 digressi
819 1322 930 1394 sunt3
964 1336 1003 1379 ex
1031 1314 1135 1379 fama
1174 1314 1296 1377 factum

144 1417 304 1496 famam,
328 1422 417 1502 quod
440 1429 534 1505 post
557 1445 615 1506 pro
639 1425 872 1507 praepositione
900 1431 1069 1506 acceptum
1099 1429 1158 1487 est.
1204 1421 1296 1486 Unde

145 1526 204 1589 illa
233 1536 383 1610 pacato
419 1551 516 1613 agro
546 1533 611 1596 huc
633 1533 861 1614 immigrarint,
884 1534 1011 1624 nesci03
1044 1532 1188 1595 insiticia
1216 1551 1296 1608 esse,

145 1643 271 1698 certum
295 1644 353 1715 est,
378 1640 440 1703 nisi
464 1640 612 1723 quaedam
631 1640 869 1704 interciderunt
886 1647 961 1703 ante
980 1639 1167 1721 digressu
1185 1638 1297 1701 huius-

144 1744 250 1807 modi:
296 1744 453 1808 l’rlun
497 1748 664 1829 ingressi
708 1756 795 1810 suut
834 1755 968 1828 pacato
1013 1746 1168 1827 aguino.
1231 1746 1297 1809 Di·

144 1871 289 1933 gressu
324 1854 470 1920 deinde
506 1856 693 1922 Cottonis
729 1864 790 1922 cet.
836 1857 899 1921 Sed
929 1878 969 1919 ne
992 1856 1141 1939 proxima
1164 1854 1297 1938 quidem

145 1960 264 2024 mendo
289 1982 399 2027 carere
423 1965 590 2043 videntur3
624 1987 731 2047 neque
760 1966 845 2030 euim
874 1973 962 2029 recte
987 1965 1156 2029 Bastarnae
1185 1968 1295 2046 empto

144 2071 292 2133 contenti
315 2093 386 2135 esse
411 2093 487 2137 non
516 2076 702 2156 potuisse
721 2075 874 2138 dicuntur
897 2074 983 2156 (quae
1006 2074 1091 2137 enim
1114 2073 1163 2136 vis
1186 2072 1296 2135 obsta·

145 2175 251 2258 bati),
287 2179 448 2263 longeque
472 2182 570 2246 aliam
601 2183 872 2264 significationem
906 2183 959 2246 hic
992 2203 1068 2246 non
1103 2185 1297 2263 poterant

146 2282 260 2365 habet,
284 2287 382 2352 aliam
404 2291 438 2353 in
461 2293 609 2373 proximo
633 2291 779 2357 membro
804 2291 858 2371 (in
885 2291 1045 2373 agmine
1069 2285 1296 2372 contineri).

147 2391 340 2474 Requiritur
379 2401 544 2463 sententia
582 2400 784 2464 huiusmodi:
824 2419 947 2482 neque
987 2399 1216 2475 Bastarnae,
1251 2400 1297 2460 ut

146 2509 280 2584 empto
310 2509 496 2571 contenti
531 2516 682 2587 essent,
718 2509 809 2591 cogi
843 2512 1036 2590 poterant
1070 2511 1142 2568 aut
1169 2505 1209 2568 in
1232 2516 1325 2586 ag-‘

146 2609 251 2672 mine
285 2616 488 2679 contineri
522 2616 601 2697 (vel:
641 2638 770 2699 neque
809 2616 914 2679 Bast.
949 2619 1083 2697 empto
1117 2611 1298 2678 conten-ti

147 2724 267 2782 eraut
301 2727 370 2785 aut
402 2724 439 2786 in
463 2744 557 2806 agm.
589 2731 691 2789 cont.
726 2723 950 2806 poterant);
982 2722 1040 2786 sed
1064 2743 1103 2786 ea
1126 2721 1211 2785 effici
1234 2720 1298 2784 uisi

147 2825 309 2891 violenter
330 2831 490 2913 nequit.¹)
536 2832 723 2915 Sequuntur
746 2832 785 2895 de
816 2832 905 2895 exitu
929 2837 1038 2894 motus
1061 2829 1299 2894 Bastarnarum

53 2981 65 2999 .
146 2931 218 2997 haec
243 2933 273 3017 (ἓ
297 2941 316 2999 7
339 2945 372 3002 et
395 2939 443 3020 8):
468 2940 564 3005 Inde
583 2946 674 3005 orta
694 2939 908 3015 dissensio,
927 2938 1021 3002 aliis
1038 2937 1297 3014 redeundum,

144 3045 244 3110 aliis
296 3048 589 3129 penetrandum
645 3050 681 3111 in
728 3047 977 3111 Dardaniam
1022 3044 1297 3110 censentibus.

143 3154 335 3237 Triginta
371 3156 496 3220 ferme
536 3155 668 3220 millia
706 3155 909 3219 hominum
951 3153 1161 3234 (Clondico
1197 3153 1299 3216 duce

140 3264 331 3347 profecti
354 3265 484 3345 erant)
509 3252 798 3347 pervenerunt3
834 3272 970 3327 cetera
992 3261 1214 3326 multitudo
1237 3280 1299 3324 re·

140 3379 230 3449 tro,
255 3392 331 3452 qua
353 3379 566 3451 venerant,
591 3371 853 3456 Apolloniam
874 3370 1143 3435 meridianam
1166 3368 1299 3451 regio-

137 3502 234 3546 nem
263 3481 443 3563 repetiit.
484 3480 546 3545 Vix
566 3481 614 3545 sic
636 3479 722 3545 nude
746 3485 1019 3563 pervenerunt
1038 3479 1101 3544 dici
1121 3483 1240 3561 potest,
1263 3481 1301 3540 ut

135 3590 206 3655 sit:
243 3587 291 3651 ad
319 3589 451 3654 locum
485 3589 736 3655 destinatum
770 3594 1049 3672 pervenerunt
1087 3586 1177 3670 [nam
1212 3585 1300 3670 apud

135 3695 264 3761 Horat.
288 3696 347 3779 Ep.
377 3698 402 3776 I,
439 3703 486 3775 17,
511 3702 551 3762 38
574 3696 671 3762 facile
694 3698 829 3762 auditur
863 3693 1129 3777 Corinthum];
1163 3715 1224 3759 nec
1253 3694 1300 3758 al-

132 3804 212 3871 teri
230 3802 287 3882 illi,
305 3807 361 3886 qui
378 3807 557 3884 redierunt,
569 3806 676 3870 minus
694 3812 922 3888 pervenerunt.
956 3803 986 3867 N
989 3825 1006 3868 c
1023 3805 1215 3887 parenthesi
1228 3803 1301 3884 qui·

168 4092 194 4159 ¹)
215 4091 344 4146 Proxime
364 4094 400 4147 ad
418 4112 515 4149 verum
534 4095 666 4150 accedere
683 4093 794 4148 videtur
813 4094 874 4148 haec
896 4094 1044 4162 scriptura:
1064 4109 1173 4160 neque
1192 4092 1299 4144 Thra-

217 4194 272 4230 ces
291 4181 497 4233 commercio
516 4179 640 4234 faciles
659 4185 760 4234 erant
776 4195 889 4248 noque
907 4179 1083 4232 Bastarnae
1102 4185 1297 4246 emptooou-

216 4265 320 4329 teuti;
340 4282 400 4319 nec
418 4271 578 4334 poteraut
595 4268 629 4320 in
648 4267 785 4334 agmine
804 4265 987 4329 contineri,
1006 4281 1045 4317 ue
1066 4269 1119 4317 cet.
1156 4263 1301 4316 Particula

218 4355 276 4401 aut
293 4366 328 4402 ex
346 4353 477 4406 extremis
494 4352 596 4406 littoris
614 4351 691 4405 verbi
709 4354 874 4420 poterant
892 4354 953 4403 orta
970 4349 1087 4402 videtur.
1125 4349 1224 4417 (1865.)
