2994 5108
716 479 756 541 65
965 467 969 474 ’
1211 493 1273 548 niu.
1293 493 1315 548 n

153 666 197 730 in
228 665 383 748 regiam
414 663 532 745 feeit,
567 662 626 730 sod
659 665 697 727 in
732 663 861 746 regia,
896 663 954 729 ubi
981 671 1134 749 portento
1162 665 1233 732 viso
1257 666 1314 731 alii

150 772 314 839 aliorsum
336 770 546 855 diffugerunt.
592 770 677 847 Nam
700 771 789 856 quod
812 771 907 837 video
931 772 1077 838 adscribi
1100 773 1310 840 Germanice:

156 880 241 961 „Dis
270 878 370 946 Siule
402 880 501 946 stand
529 880 600 946 also
629 879 823 946 ausssrhalb
853 880 911 946 der
938 879 1184 964 Kuuigsburff,
1218 883 1245 947 si
1275 903 1314 948 ex

155 990 270 1054 nescio
299 1008 365 1074 qua
392 988 544 1053 column
573 990 607 1053 in
634 987 767 1073 publico
790 989 901 1073 posita
924 989 1039 1070 anguis
1063 988 1195 1073 elapsus
1218 998 1315 1070 esset,

154 1095 307 1163 homines
328 1118 395 1163 non
419 1098 453 1161 in
477 1097 601 1180 regiam
623 1097 807 1175 irruissent,
837 1095 893 1161 sed
917 1118 976 1181 per
1000 1099 1070 1162 vias
1094 1097 1315 1180 aufugissent;

154 1203 285 1271 oblitus
303 1211 356 1270 ost
372 1206 483 1285 stiam,
502 1203 558 1290 qui
576 1203 639 1270 hoo
657 1205 863 1287 excogitavit,
886 1213 1082 1270 terrorem
1098 1204 1315 1289 fugamque

156 1311 299 1378 faeere
317 1319 408 1378 reete
425 1312 490 1378 diei
508 1313 621 1378 addito
638 1313 712 1393 looi,
737 1312 794 1377 ubi
811 1334 865 1378 res
884 1319 960 1378 acta
980 1313 1032 1393 sit,
1049 1313 1187 1392 nomine,
1206 1315 1316 1397 perin-

156 1428 238 1506 epte
260 1426 459 1487 terrorem
482 1419 726 1504 (fugamque)
749 1421 887 1487 faeere
910 1422 949 1485 in
972 1421 1150 1505 aliquem
1173 1421 1314 1487 locum.

158 1529 239 1594 Dixi
278 1528 318 1594 de
352 1527 462 1595 mendi
494 1549 615 1612 genere
649 1530 684 1593 in
717 1529 898 1613 prooemio,
940 1529 998 1594 sed
1038 1528 1219 1594 notandum
1259 1551 1320 1594 era

157 1636 371 1702 tartifioium
395 1636 578 1703 enarrandi.
614 1635 683 1720 [Sic
699 1637 766 1701 iam
783 1635 916 1719 Bauer]
951 1636 1122 1701 Difficilior
1143 1636 1243 1720 paulo
1267 1644 1317 1702 est

155 1745 247 1811 alius
280 1744 389 1810 mendi
424 1766 464 1810 ex
491 1766 556 1810 non
585 1743 784 1828 infrequenti
814 1746 935 1810 erroris
964 1765 1081 1828 genere
1110 1744 1210 1828 paulo
1240 1751 1317 1827 post

155 1851 192 1937 (ᾖ
222 1852 257 1935 7)
288 1854 354 1920 orti
387 1853 640 1932 demonstratio,
681 1874 779 1960 quam
818 1861 929 1918 tamen
963 1853 1164 1936 peritissimo
1198 1853 1317 1935 cuique

160 1961 339 2048 probatum
376 1962 419 2027 iri
453 1960 590 2027 confido.
652 1960 737 2025 Nam
777 1963 810 2026 in
850 1961 901 2026 his
941 1960 1049 2026 verbis
1089 1959 1143 2042 (de
1181 1959 1316 2041 Bruto):

160 2071 322 2136 iuuenis
356 2069 473 2152 longe
507 2069 615 2134 alius
648 2069 816 2152 ingenio
852 2089 965 2153 quam
1001 2070 1117 2133 ouius
1147 2067 1316 2133 simula·
1354 2119 1357 2124 .

159 2179 316 2244 tionem
337 2177 548 2257 induerat,
579 2178 606 2242 si
630 2177 744 2243 ouius
768 2178 810 2242 ad
834 2179 1039 2261 ingenium
1063 2176 1213 2256 refertur,
1242 2196 1317 2260 pra-

158 2287 293 2353 vissime
326 2287 360 2351 in
392 2286 499 2351 verbis
532 2287 680 2370 proxime
715 2291 748 2350 et
781 2286 919 2351 relativa
951 2285 1056 2350 forma
1091 2284 1245 2350 connexis
1274 2283 1317 2349 ab

159 2393 294 2460 homine
327 2394 371 2460 ad
403 2395 569 2479 ingenium
603 2394 762 2458 transitur
796 2392 969 2476 (iuvenis
1009 2392 1116 2457 alius
1150 2393 1317 2477 ingenio

159 2524 281 2589 quam
304 2503 418 2568 ouius
440 2503 629 2587 ingenii);
659 2502 710 2567 sin
733 2502 775 2567 ad
798 2502 994 2581 iuvenem,
1022 2522 1176 2586 perverse
1199 2500 1318 2566 dieitur

162 2612 328 2676 iuuenis
352 2608 610 2694 (alicuiusmodi)
635 2609 940 2676 simulationem
961 2610 1143 2674 induere.
1195 2608 1319 2674 Omitto

162 2720 272 2804 ipsam
301 2718 387 2784 hano
414 2719 676 2784 coniunctionem
705 2717 812 2783 alius
841 2719 1003 2803 ingenio
1027 2739 1091 2783 nou
1114 2738 1192 2782 sane
1215 2718 1318 2781 usita-

160 2833 243 2893 tam.
306 2825 422 2892 Omnia
460 2833 553 2892 recta
592 2832 626 2892 et
666 2833 746 2910 apta
786 2833 883 2891 erunt
924 2847 989 2891 una
1022 2826 1135 2891 littera
1168 2823 1316 2908 dempta:

161 2936 325 3001 iuvenis
354 2935 472 3016 longe
501 2934 608 3000 alius
636 2935 774 3016 ingeni
803 2955 920 3018 quam
949 2936 1061 2998 cuius
1091 2932 1318 2997 simulatio-

161 3065 250 3110 nem
272 3043 468 3109 induerat
485 3043 536 3124 (ut
559 3043 667 3107 alius
687 3043 840 3126 ingenii
859 3040 1106 3126 coniungatur);
1129 3061 1265 3125 prorsus
1282 3046 1319 3104 ut

161 3175 190 3218 o.
222 3157 279 3232 59,
318 3158 338 3215 8
378 3151 512 3217 oratio
553 3149 672 3215 dieitur
711 3172 964 3234 nequaquam
1006 3152 1092 3215 eius
1131 3148 1318 3232 pectoris

161 3262 420 3343 ingeniique,
451 3258 555 3342 quod
585 3259 819 3324 simulatum
848 3258 895 3324 ad
925 3281 1009 3324 eam
1038 3258 1140 3322 diem
1168 3256 1317 3321 fuerat.

163 3368 327 3434 Litteram
360 3373 487 3433 autem·
506 3366 597 3432 illam
625 3365 672 3449 (o)
700 3368 829 3451 peperit
856 3366 1014 3432 brevioris
1044 3366 1183 3450 genetivi
1206 3364 1318 3430 formae

160 3475 284 3542 oblivio
308 3475 434 3556 eadem,
464 3496 538 3560 quae
560 3475 614 3555 IV,
647 3479 695 3554 13,
728 3479 766 3539 13
790 3475 968 3540 consilia
991 3473 1038 3556 (in
1059 3472 1165 3538 MPLl
1191 3471 1317 3565 multis·

161 3604 229 3666 que
258 3582 348 3664 aliis,
381 3584 416 3649 id
445 3590 511 3664 est,
545 3584 579 3649 in
603 3582 796 3668 archetypo)
821 3604 860 3648 ex
883 3582 1039 3648 consili.
1095 3582 1200 3647 Multo
1223 3581 1320 3665 plura

159 3691 284 3757 veteris
317 3692 457 3775 genetivi
489 3690 602 3756 formae
632 3699 664 3757 et
691 3692 840 3777 exemplu
869 3697 902 3755 et
930 3692 963 3755 in
993 3689 1159 3756 erroribus
1181 3690 1319 3772 vestigia

232 3980 322 4039 nearn.
362 3963 495 4018 Eiusdem
520 3965 621 4034 eapitis
645 3963 662 4033 5
685 3967 701 4017 7
723 3965 794 4017 mire
818 3981 915 4019 omnes
939 3963 1125 4017 Pometinae
1154 3966 1253 4015 eontra
1275 3977 1319 4013 oo·

233 4046 311 4102 dices
330 4049 473 4116 scribunt,
496 4048 537 4116 11,
562 4051 610 4116 34,
632 4052 696 4103 4et
713 4051 743 4115 6,
765 4048 817 4116 IV,
840 4051 882 4116 25,
905 4052 1001 4103 team
1022 4048 1147 4114 formum,
1171 4063 1255 4114 quam
1273 4045 1318 4098 hio

233 4137 380 4203 spernunt,
402 4140 507 4188 tenent.
547 4132 587 4188 Ut
609 4151 624 4186 a
643 4134 737 4205 Capua
756 4134 912 4204 Campanus
935 4132 979 4200 lit,
1003 4138 1035 4187 ut
1053 4150 1069 4185 a
1088 4132 1211 4186 Samnite
1230 4131 1320 4184 adiec-

232 4219 321 4273 tivum
340 4223 384 4272 est
402 4216 538 4286 Sabellus,
557 4219 597 4273 sio
615 4218 781 4292 Pomptinus
800 4219 904 4274 dicitur
921 4218 1010 4272 forma
1027 4217 1156 4272 nonnihil
1174 4213 1299 4283 deflexa]

1073 4322 1089 4373 5
