2994 5108
209 480 272 533 Lib.
291 479 390 533 XXIII.
757 471 819 530 314

209 654 320 716 missi
339 659 441 718 sunt.
471 653 519 717 De
537 654 652 719 eodem
671 676 782 721 errore
799 653 898 737 paulo
915 651 1044 734 longius
1062 669 1236 734 progresso
1253 648 1287 731 (ι
1304 670 1367 732 pro

210 781 285 837 um,
317 760 435 825 deinde
464 760 496 841 ο)
526 761 584 826 cfr.
609 785 639 846 p.
665 768 683 827 9
707 765 775 827 ima
803 769 837 827 et
868 761 910 826 ad
939 758 1015 836 XL,
1045 762 1102 837 34,
1132 755 1197 837 2.¹)
1254 756 1367 822 Redeo

210 867 252 931 ad
282 866 406 945 XXIII,
436 871 464 931 3.
505 868 555 933 lbi
585 871 682 952 paulo
711 878 786 954 post
809 868 840 952 (ξ
867 869 899 949 6)
924 866 1095 932 scribitur:
1130 864 1261 930 Citari
1288 866 1368 930 sin·

210 976 323 1057 gulos
361 976 778 1055 senatorcs'iubcbm
821 977 866 1042 de
907 996 1077 1058 quorum
1117 975 1254 1057 capite
1295 995 1367 1039 ros

209 1084 429 1148 consulam.
483 1084 631 1149 Relativa
659 1087 823 1151 sententia
853 1085 983 1149 adiecta
1011 1088 1071 1148 aut
1099 1102 1154 1147 eos
1184 1088 1368 1160 senatores,

211 1191 251 1255 de
280 1191 398 1271 quibus
428 1192 635 1257 consulturus
665 1192 818 1259 Calavius
847 1201 907 1268 est,
937 1212 957 1255 a
985 1191 1105 1256 ceteris
1134 1195 1269 1273 separat
1297 1197 1367 1267 aut,

211 1299 239 1362 si
274 1299 486 1364 consulam
523 1302 721 1367 coniunctivi
755 1302 843 1366 modi
878 1306 1031 1384 putatur,
1065 1297 1237 1363 conallium
1265 1297 1368 1380 signi·

210 1405 304 1485 ficat;
338 1428 450 1471 rerum
484 1429 591 1492 neque
626 1410 742 1474 divisio
771 1408 840 1472 ulla.
869 1416 918 1473 est
946 1416 980 1473 et
1013 1407 1053 1471 de
1088 1405 1240 1470 omnibus
1274 1403 1367 1470 dein·

211 1534 289 1598 ceps
324 1512 477 1579 Calavius
511 1517 719 1583 consulturus
753 1523 818 1596 est,
857 1536 964 1600 neque
1004 1514 1133 1579 consilii
1166 1512 1367 1594 significatio

211 1629 291 1705 apta
318 1629 369 1687 est
392 1622 578 1703 (consilium
608 1627 694 1689 enim
725 1626 870 1708 positum
899 1630 972 1688 erat
999 1624 1032 1686 in
1071 1621 1206 1701 iudicio)
1235 1628 1269 1687 et
1298 1643 1367 1688 om·

209 1731 286 1794 nino
326 1731 513 1795 excluditur
554 1732 667 1798 addito
710 1732 912 1813 singulos3
959 1729 1107 1795 ordinem
1145 1730 1195 1794 rei
1228 1729 1367 1811 agendas

211 1836 364 1904 Calavius
387 1841 531 1922 exponit.
581 1841 622 1905 Ni
645 1841 751 1920 fallor,
779 1840 890 1904 Livius
914 1840 1106 1923 scripserat:
1136 1837 1260 1901 citari
1288 1837 1367 1902 sin·

210 1946 330 2028 gulos
366 1956 585 2013 senatores
620 1948 769 2013 iubebo
805 1950 925 2025 deque
959 1965 1087 2010 eoru
1120 1945 1262 2028 capite
1297 1965 1367 2010 ros

211 2054 431 2119 consulam.

298 2160 376 2244 Cap.
401 2168 430 2242 4,
454 2169 472 2226 4
496 2163 550 2243 (de
574 2170 690 2230 senatu
715 2162 914 2248 Campano):
949 2162 1051 2227 Hinc
1077 2167 1303 2226 senatores
1324 2194 1369 2205 -

211 2270 373 2352 plebem
395 2269 574 2351 adulari3
606 2272 803 2357 salutare,
832 2271 1007 2354 benigne
1030 2270 1221 2348 invitare,
1245 2288 1367 2353 appa·

210 2379 313 2442 ratis
353 2379 540 2460 accipere
582 2381 731 2463 epulis,
774 2400 843 2445 eas
878 2399 1024 2444 causas
1058 2378 1290 2462 suscipere,
1324 2411 1369 2422 -

211 2485 431 2550 secundum
460 2506 542 2549 eam
573 2487 686 2552 litem
715 2487 873 2552 iudices
897 2486 1010 2565 dare,
1040 2505 1128 2569 quse
1150 2486 1279 2569 magis
1301 2506 1367 2569 po·

211 2592 374 2676 pularis
396 2628 440 2637 —
462 2602 581 2659 esset.
632 2595 712 2660 lam
741 2615 836 2660 vero
864 2594 969 2660 nihil
998 2596 1038 2659 in
1062 2600 1208 2659 senatu
1232 2601 1367 2659 actum

210 2700 344 2778 aliter,
368 2722 484 2783 quam
508 2704 539 2767 si
562 2703 696 2786 plebis
719 2703 776 2767 ibi
800 2710 909 2768 esset
932 2702 1160 2768 concilium.
1194 2700 1299 2766 Prave
1322 2699 1367 2766 ab

125 2819 196 2887 (aba)
214 2808 374 2874 infinitivo
415 2809 573 2876 historico
614 2812 656 2876 ad
689 2812 872 2894 perfectum
905 2810 1067 2875 transitur
1100 2809 1245 2890 (actum
1279 2808 1368 2888 est),

211 2920 367 3001 quoniam
401 2940 466 2983 non
501 2919 716 3002 descriptioni
744 2921 902 2985 universae
930 2940 1039 2983 rerum
1068 2917 1271 2982 condicionis
1300 2937 1369 2981 nna

211 3026 323 3108 aliqua
344 3048 398 3090 res
422 3027 523 3091 semel
545 3037 621 3092 acta
645 3028 869 3108 subiungitur,
900 3027 958 3092 sed
989 3028 1064 3110 ipsa
1087 3025 1267 3107 descriptio
1290 3045 1369 3089 con·

210 3136 360 3199 tinuatur
382 3134 646 3217 transferturque
669 3156 689 3198 a
712 3137 842 3217 priuata
864 3136 931 3200 rita
954 3141 988 3198 ct
1010 3135 1140 3199 indiciis
1164 3132 1207 3197 ad
1231 3140 1369 3198 senatus

211 3243 366 3306 actiones
411 3241 449 3305 ln
471 3240 522 3306 PC
546 3242 622 3325 (nisi
645 3243 734 3325 quod
755 3244 788 3306 in
814 3241 838 3307 C
862 3243 969 3308 altera
992 3262 1107 3306 manus
1131 3248 1267 3306 actum
1290 3241 1369 3307 sub·

211 3349 333 3429 stituit)
363 3349 534 3414 scribitur:
569 3351 673 3414 nibil
704 3352 743 3414 in
778 3359 925 3415 senatu
955 3350 1169 3426 actualiter,
1205 3349 1270 3413 hoc
1300 3355 1368 3415 est:

211 3457 275 3538 agi
298 3456 430 3521 aliter.
477 3456 514 3521 In
536 3457 560 3520 P
584 3479 670 3541 saepe
693 3478 710 3537 g
733 3460 766 3521 in
789 3479 814 3534 r,
837 3480 897 3522 nec
919 3478 995 3522 raro
1018 3457 1118 3520 lint
1143 3457 1286 3522 transiit.

298 3563 377 3646 Cap.
402 3569 429 3642 6,
453 3568 487 3628 8:
518 3565 618 3642 Quia
646 3567 763 3629 nimis
793 3586 954 3649 compar
978 3566 1221 3629 Latinorum
1244 3585 1372 3648 quon·

212 3671 298 3735 dam
333 3673 564 3754 postulatio
599 3680 703 3750 erat,
740 3672 968 3757 Caeliusque
1002 3678 1041 3737 ct
1074 3672 1148 3737 alii
1184 3671 1226 3735 id
1262 3672 1373 3739 haud

211 3779 297 3843 sinc
326 3801 448 3844 causa
472 3782 823 3863 praetermiserant
846 3783 1091 3863 scriptores,
1121 3800 1273 3864 ponere
1296 3802 1372 3865 pro

212 3895 322 3952 certo
352 3909 435 3952 suni
463 3890 630 3952 veritus.
667 3888 950 3954 Praetermiserant
977 3909 1047 3953 rem
1072 3909 1144 3953 cum
1168 3886 1271 3953 Caelio
1294 3887 1374 3970 alii3

211 3994 245 4058 id
268 4016 325 4060 eos
348 4018 413 4060 non
436 3995 582 4061 facturos
607 3996 717 4060 Livius
741 3995 879 4075 indicat,
909 3997 973 4061 nisi
1001 4016 1136 4061 causam
1159 3995 1375 4063 habuissent.

212 4150 434 4162 ἣῃι-

240 4227 263 4293 ¹)
282 4225 433 4294 [Nonnulla
451 4243 485 4280 ex
503 4227 546 4281 his
564 4233 663 4297 postea
681 4227 723 4279 W.
743 4228 853 4294 abiecit,
872 4227 928 4281 alia
945 4225 1056 4296 tenuit]
