2994 5108
732 460 795 523 469
1157 473 1220 527 mu
1239 463 1340 547 xxxi

188 642 273 722 Quid
296 645 402 728 igitur
424 643 504 708 fiet?
538 644 707 710 Vitiosum
730 643 813 708 illud
842 648 960 707 erant
982 645 1029 708 sic
1053 645 1270 727 corrigemus,
1304 650 1342 708 ut

188 751 283 815 simul
308 754 620 817 sententiantium
643 752 794 819 tollatur:
828 751 919 815 Haec
947 771 993 814 ea
1022 757 1165 816 aestate
1195 751 1242 815 ab
1266 752 1342 816 Ro·

186 860 317 924 manis
338 858 616 944 Philippoque
639 867 758 944 gesta
779 867 891 922 terra.
942 857 1099 923 Classis
1122 880 1142 922 a
1165 857 1342 942 Corcyra

187 972 249 1031 cet.
299 966 375 1051 lpse
397 969 598 1034 narrationis
621 969 782 1034 transitus
806 974 945 1050 paratur
967 975 1000 1031 et
1022 973 1158 1032 notatur
1179 986 1342 1032 concursu

187 1073 245 1139 illo
268 1074 443 1147 verborum
465 1083 578 1141 terra
601 1085 634 1141 et
657 1075 856 1155 classis.¹)

273 1181 353 1266 Cap.
382 1187 438 1263 47,
470 1188 505 1247 6:
542 1183 578 1248 L.
607 1184 770 1262 Furius,
807 1182 924 1247 simul
957 1181 1062 1264 quod
1096 1183 1135 1245 in
1170 1180 1342 1246 Etruria

187 1289 295 1355 nihil
328 1298 420 1355 erat
451 1293 527 1371 rei,
565 1292 670 1376 quod
704 1299 880 1374 gereret,
920 1289 1039 1353 simul
1075 1287 1232 1354 Gallico
1266 1290 1341 1353 tri·

186 1398 330 1482 umpho
372 1399 600 1478 imminens,
650 1421 763 1483 quem
808 1397 979 1463 absente
1020 1396 1190 1461 consule
1231 1396 1340 1460 irato

187 1511 313 1591 atque
351 1506 565 1572 invidente
604 1506 772 1573 facilius
811 1505 1025 1588 impetrari
1064 1525 1182 1587 posse
1216 1511 1339 1581 ratae,

186 1614 346 1680 Romam
368 1615 582 1697 inopinato
608 1637 725 1698 quum
748 1615 944 1692 venisset,
979 1618 1164 1677 senatum
1192 1611 1230 1674 in
1259 1611 1340 1675 aede

186 1721 366 1788 Bellonae
387 1721 541 1787 habuit.
588 1720 793 1788 structuram
816 1721 974 1785 orationis
997 1719 1123 1784 turbari
1146 1719 1339 1802 pronomine

187 1851 312 1915 quem,
336 1828 520 1895 Gronovius
543 1830 783 1908 animadvertit,
805 1850 865 1892 nec
888 1827 1068 1911 quidquam
1092 1828 1121 1891 ei
1138 1827 1186 1891 rei
1203 1826 1339 1891 remedii

187 1938 306 2005 adtulit
328 1937 613 2003 Weissenbornius
636 1937 684 2018 (in
706 1938 756 2002 ed.
780 1936 935 2018 Tenba),
969 1937 1025 2017 qui
1053 1942 1111 1999 aut
1137 1939 1250 1999 ratus
1278 1954 1339 2016 pro

185 2053 298 2125 ratus
328 2052 392 2110 est
418 2046 562 2128 positum
590 2067 661 2110 esse
690 2045 787 2123 dixit,
823 2043 911 2127 quod
939 2044 1047 2126 ipsum
1075 2043 1109 2106 in
1137 2062 1239 2125 prosa
1266 2061 1339 2107 ore-

187 2154 276 2219 tione
298 2151 370 2217 fieri
392 2153 522 2235 nequit,
551 2158 590 2227 ut
603 2150 660 2217 'sic
682 2153 715 2217 in
739 2152 904 2217 sententia
924 2151 1063 2214 relativa
1085 2151 1256 2214 omittatur
1278 2156 1341 2213 est

188 2256 263 2341 (vid.
282 2283 314 2344 p.
334 2263 395 2321 322
419 2259 461 2323 ad
484 2259 617 2338 XXVII,
642 2264 691 2337 12,
715 2260 759 2341 2),
783 2259 900 2323 deinde
925 2258 1110 2322 necessario
1134 2278 1199 2321 non
1222 2267 1336 2322 ratus
1355 2268 1426 2337 (374)

187 2374 261 2446 est,
290 2366 349 2431 sed
371 2368 539 2432 rebatur
562 2367 736 2432 dicendum
758 2376 838 2445 erat,
862 2374 918 2430 aut
941 2366 1067 2429 livium
1090 2366 1137 2430 sic
1160 2366 1341 2449 scripsisse,

186 2476 281 2558 quasi
315 2474 526 2540 subiecturus
559 2484 662 2541 esset:
705 2477 864 2545 Romam
906 2476 1033 2552 venit,
1074 2473 1164 2557 quod
1197 2473 1341 2539 omnium

186 2582 317 2646 minime
340 2581 419 2665 fingi
442 2584 598 2667 oportuit,
621 2585 776 2666 quoniam
800 2591 871 2647 tota
892 2581 963 2647 haec
985 2582 1141 2664 periodus
1165 2583 1341 2664 diligenter

185 2688 230 2755 sd
250 2688 335 2754 Livii
356 2690 628 2755 consuetudinem
650 2691 853 2757 conformata
877 2697 936 2768 est,
958 2698 1034 2773 post
1056 2690 1152 2773 plura
1175 2692 1342 2773 praemissa

187 2858 415 2870 ———-

214 2956 243 3026 ¹)
259 2944 458 3015 Si'censuram
482 2962 633 3016 scriberem
657 2968 686 3016 et
708 2962 829 3015 aliorum
851 2962 968 3016 inventa
989 2977 1185 3030 persequerer,
1213 2962 1242 3014 in
1265 2977 1287 3013 c.
1306 2961 1340 3013 46

256 3060 388 3114 quererer
413 3046 535 3114 primum
562 3046 578 3115 ἓ
607 3049 639 3100 10
665 3048 780 3101 retineri
806 3047 957 3100 manifesto
983 3062 1143 3116 perversam
1171 3046 1339 3105 orationem,

256 3145 338 3198 quam
356 3148 413 3184 nna
430 3132 525 3185 littera
543 3137 652 3185 mutata
670 3133 695 3198 (l
710 3151 760 3202 pro
780 3132 799 3200 l)
818 3138 848 3185 et
864 3133 981 3185 meliore
999 3132 1226 3200 interpunctione
1239 3130 1340 3200 Kreys-

256 3214 342 3284 sigius
355 3216 427 3282 (sive
441 3217 503 3284 quis
518 3217 587 3271 alius
601 3224 701 3270 auctor
714 3216 767 3283 est)
782 3218 904 3270 sanavit:
920 3218 990 3270 tela
1003 3217 1202 3285 ingerentes
1217 3222 1250 3270 et
1264 3233 1341 3285 pon-

257 3299 334 3354 dere
360 3302 497 3370 ingenti
516 3319 604 3355 saxa
644 3302 835 3357 Facicbent
857 3309 890 3356 et
910 3303 1092 3356 cuniculos
1115 3307 1148 3357 et
1170 3303 1341 3371 quidquid

257 3384 351 3439 aliud
374 3386 491 3455 priore
514 3389 772 3457 oppugnatione
795 3395 974 3457 expertum
997 3388 1187 3456 profuerat
1231 3388 1340 3441 Deinde

256 3486 313 3525 non
331 3473 423 3524 minus
442 3472 570 3537 mirarer,
593 3473 657 3543 in§
679 3478 708 3527 ll
728 3475 845 3528 retineri
862 3491 923 3526 eam
943 3473 1127 3541 scripturam,
1150 3474 1180 3528 in
1198 3491 1260 3543 qua,
1285 3475 1340 3527 nisi

256 3556 312 3609 vim
333 3556 433 3622 iacias,
459 3556 627 3613 Macedones
650 3557 752 3612 Oreum
780 3560 865 3612 tutati
894 3558 1024 3613 dicantur
1046 3559 1340 3627 praesentioribus

257 3642 377 3695 animis
409 3645 442 3696 et
473 3644 772 3713 castigationibus
803 3646 901 3713 regia.
955 3643 1114 3698 Sustuleret
1147 3644 1279 3697 mendum
1306 3661 1340 3695 ex

257 3726 396 3780 uberrimo
422 3730 694 3784 accommodationis
722 3729 759 3783 ad
785 3731 913 3798 proxima
940 3729 1020 3782 sonte
1048 3736 1141 3783 ortum
1168 3728 1338 3782 Gronovius:

256 3813 443 3866 tuebantur
469 3841 504 3851 ·-
531 3817 647 3869 urbem
673 3832 841 3884 arcesque
863 3843 897 3852 -
920 3816 1024 3868 etiam
1046 3815 1339 3883 praesentioribns

258 3898 396 3961 animis,
421 3902 456 3951 et
474 3899 721 3969 castigationis
740 3902 831 3970 regis
849 3901 882 3953 in
902 3901 1051 3953 admissa
1068 3900 1168 3968 culpa
1187 3903 1222 3951 et
1240 3900 1340 3952 simul

255 3983 437 4047 minarum,
473 3985 575 4038 simul
610 3988 874 4056 promissionum
912 3988 945 4040 in
982 3987 1134 4039 futurum
1166 4001 1338 4038 memores.

255 4065 454 4122 Praesentiores
477 4071 585 4124 animos
608 4070 732 4126 faciebat
753 4073 947 4140 castigationis
970 4071 1123 4140 praeteritae
1145 4069 1340 4139 minarumque

255 4158 284 4207 et
300 4154 520 4221 promissionum
537 4157 679 4211 memoria.
721 4157 776 4212 Sed
797 4158 857 4212 haec
882 4157 949 4210 mihi
971 4157 1164 4224 exemplorum
1190 4156 1255 4212 loco
1273 4157 1339 4220 sint,

253 4240 284 4294 in
302 4239 355 4292 hac
374 4254 484 4306 qnoque
503 4241 608 4295 decade
627 4242 721 4296 omitti
739 4260 755 4295 a
773 4260 816 4295 me
834 4243 935 4303 aliona,
954 4242 1008 4293 nisi
1029 4243 1075 4294 ubi
1090 4242 1239 4310 singularis
1255 4258 1340 4296 cansa

253 4323 412 4381 accesserit.
