2994 5108
699 491 759 553 183
1163 505 1225 560 Lib.
1244 505 1304 560 Vll

144 675 310 741 mutanda
348 676 491 742 editores
525 676 647 761 aliique
680 676 756 741 inde
790 698 811 741 a
845 676 1010 742 Gronouio
1045 698 1118 742 cum
1152 679 1305 762 gravibus

145 783 317 850 erroribus
357 790 528 868 satagunt;
570 806 610 850 ea
643 785 828 849 huiusmodi
862 792 928 850 est:
969 807 1105 851 somno
1143 808 1306 870 gravem

147 893 392 971 Quinctium
425 915 688 978 oppressum,
722 893 824 957 nihil
861 893 1047 974 medium,
1082 901 1151 959 ant
1180 895 1305 978 impe·

146 1001 253 1066 rium
282 1007 403 1085 atque
430 1001 621 1068 honorem
652 1009 735 1082 aut,
768 1002 835 1066 ubi
858 1003 1095 1082 restitaret,
1130 1010 1305 1084 mortem,

148 1109 189 1175 ni
220 1116 482 1195 sequeretur,
511 1111 818 1188 denuntiantes,
852 1111 892 1174 in
928 1118 1063 1176 castra
1090 1118 1305 1195 pertraxe·
1378 1118 1382 1124 '

147 1224 253 1284 runt
294 1217 424 1284 Primus
447 1218 629 1284 Gronovius
652 1219 720 1283 ubi
745 1226 777 1284 et
799 1220 832 1284 si
854 1218 941 1284 idem
963 1241 1034 1284 esse
1056 1221 1193 1303 putavit,
1217 1221 1306 1303 quod

147 1332 269 1392 contra
302 1332 362 1393 est.
424 1327 576 1406 Quinctio
611 1327 731 1392 milites
766 1327 850 1391 nihil
880 1328 1022 1392 medinm
1056 1327 1305 1407 denuntiabant,

146 1434 209 1500 sed
242 1442 302 1500 aut
333 1437 506 1520 imperium
539 1442 639 1519 atque
674 1435 831 1501 honorem
855 1434 912 1518 (-
933 1435 987 1499 hic
1014 1435 1094 1499 nihil
1123 1458 1204 1520 opus
1234 1445 1306 1503 erat

151 1542 233 1608 addi
261 1544 481 1624 condicionis;
515 1543 550 1608 id
583 1545 669 1608 enim
702 1544 809 1627 ipsum
838 1541 1012 1609 offerentes
1040 1545 1216 1609 veniebant
1247 1544 1305 1626 —)

148 1658 224 1732 ant,
263 1653 392 1735 quoties
424 1653 578 1718 resistere
612 1657 788 1716 conaretur
810 1650 911 1733 (quod
940 1653 1057 1737 saepius
1086 1675 1160 1717 enm
1187 1652 1306 1719 fecisse

149 1759 251 1826 verbo
284 1758 524 1844 frequentativo
553 1765 587 1825 et
616 1760 822 1825 coniunctivo
853 1759 950 1824 modo
980 1762 1151 1825 sententiae
1178 1769 1306 1845 tempo-

147 1867 232 1935 ralis
257 1869 484 1953 significatur),
508 1875 656 1950 mortem,
679 1869 713 1932 ni
736 1874 940 1952 sequeretur.
992 1867 1080 1932 Nihil
1103 1871 1225 1934 rectius
1248 1876 1307 1936 aut

150 1978 309 2062 apertius.
370 1978 403 2043 Is
444 1998 572 2060 quoque
613 1978 749 2057 errarit,
790 1977 846 2058 qui
878 1976 1013 2042 Hertzio
1052 1979 1229 2060 persuasit,
1270 1984 1307 2044 ut

151 2107 393 2171 oppressum
430 2093 592 2171 tanquam
629 2086 777 2169 spurium
815 2090 956 2149 notaret.
1019 2085 1139 2151 Somno
1172 2108 1303 2170 gravem
1322 2103 1391 2171 (155)

150 2201 391 2279 oppresserunt
413 2201 446 2259 et
468 2196 501 2259 in
524 2201 633 2260 castra
656 2199 897 2278 pertraxerunt.
949 2194 1035 2259 Ante
1064 2196 1173 2259 omnia
1195 2197 1308 2278 quieta

149 2309 263 2368 mente
286 2302 508 2368 accedendum
525 2298 582 2368 'est
604 2302 646 2366 ad
668 2302 759 2367 locos
782 2303 815 2366 in
840 2303 1057 2385 suspicionem
1082 2304 1262 2387 vocatos.¹)

240 2410 318 2495 Cap.
342 2416 400 2491 40,
429 2416 448 2474 2
477 2418 510 2476 et
540 2415 558 2475 3
588 2411 635 2492 (in
659 2410 774 2475 eadem
797 2410 1016 2493 narratione):
1052 2411 1199 2496 ltaque
1229 2415 1307 2478 iam

151 2519 296 2600 duces,
329 2521 410 2585 iam
442 2520 596 2584 milites
625 2520 816 2603 utrinque
846 2540 1094 2602 congressus
1123 2542 1307 2604 quaerere

181 2745 207 2812 ¹)
225 2745 361 2800 Eiusdem
385 2746 486 2815 cupitis
504 2744 520 2815 ξ
539 2747 570 2813 6,
598 2746 731 2813 quoniam
750 2762 802 2815 pro
822 2763 871 2812 eo,
900 2746 976 2813 quod
995 2747 1024 2800 in
1042 2746 1188 2800 codicibus
1207 2747 1305 2801 scribi·

222 2836 283 2884 tur:
310 2847 440 2885 nervos
471 2831 745 2886 coniurationis
771 2832 913 2885 eiectos
938 2835 1016 2885 arte
1039 2832 1202 2886 consulis
1228 2850 1305 2887 cor·

222 2922 360 2983 nentes,
384 2917 622 2972 nocentioribus
641 2916 789 2982 <Belsinum
814 2917 1055 2984 WeissenborniO,
1072 2917 1199 2983 Hertzio)
1218 2918 1306 2970 adno-

221 3007 300 3055 tetur
323 3002 442 3056 Puteeni
466 3003 628 3057 coniectura
652 3007 834 3069 exsectos,
861 3003 1002 3055 omittitur
1025 3001 1166 3056 Gebhardi
1190 3008 1219 3055 et
1237 3001 1306 3057 Gro-

221 3088 313 3155 norii,
340 3105 395 3156 qua
421 3107 477 3143 uno
506 3093 616 3142 tantum
642 3088 745 3141 litterae
771 3088 858 3142 ductu
882 3088 994 3157 longius
1018 3093 1110 3141 tracto
1130 3086 1148 3153 (l
1168 3105 1218 3156 pro
1239 3088 1257 3156 Ι)
1276 3088 1309 3142 fit

221 3173 373 3241 electos,
399 3173 491 3227 dicam
509 3175 539 3227 in
556 3179 727 3239 transcursu,
751 3174 824 3228 hanc
844 3191 937 3227 veram
956 3179 1107 3227 etcertum
1125 3190 1193 3227 esse.
1235 3172 1308 3227 Nam

220 3264 327 3328 praeter
343 3259 445 3314 Lucilii
464 3261 673 3327 testimonium,
697 3276 796 3313 versus
815 3259 930 3313 modulo
948 3259 1073 3325 firmum,
1098 3259 1145 3326 qui
1165 3265 1193 3313 et
1211 3275 1306 3314 exse·

222 3360 301 3397 cere
325 3352 354 3397 et
378 3345 515 3399 elidere
534 3345 673 3410 excludit,
699 3345 775 3414 apud
794 3344 958 3399 Ciceronem
982 3362 1040 3399 non
1065 3344 1155 3398 solnm
1179 3345 1208 3398 in
1227 3344 1308 3398 Tuso.

219 3429 269 3496 HI,
282 3432 325 3497 34,
341 3431 375 3484 83
392 3431 635 3485 codexParisinus
648 3438 744 3500 apert-e
758 3431 857 3485 habet:
878 3431 1011 3499 stirpes
1030 3430 1262 3498 aegritudinis
1274 3457 1309 3467 -

220 3515 397 3585 eligendae
423 3520 522 3582 sunt,
549 3515 599 3569 sed
623 3520 651 3569 et
675 3516 710 3570 de
728 3516 820 3569 Divin.
840 3515 879 3583 11,
906 3517 954 3581 72,
975 3517 1031 3580 149,
1051 3516 1099 3569 nbi
1118 3516 1147 3569 in
1165 3515 1246 3569 codd.
1266 3519 1311 3570 est

219 3600 375 3670 (stirpes)
394 3601 592 3669 eiiciendae,
610 3602 701 3655 multo
719 3602 829 3656 facilius
847 3600 880 3654 fit
898 3600 1067 3669 eligendae
1086 3600 1161 3667 (nam
1176 3601 1309 3670 eligere

220 3692 251 3740 et
276 3687 406 3741 eiicere
431 3688 587 3757 saepissime
611 3687 832 3751 confunduntur)
852 3704 936 3755 quam
955 3686 1157 3740 excidendae
1177 3692 1225 3740 sut
1243 3687 1307 3740 eli-

217 3771 351 3841 dendae,
369 3777 399 3825 et
417 3777 484 3826 orat.
504 3772 532 3826 II
549 3773 584 3827 de
602 3774 655 3843 leg.
675 3791 733 3842 agr.
753 3776 798 3841 33,
817 3776 858 3840 91,
878 3773 927 3825 ubi
945 3772 1051 3826 editur:
1079 3772 1239 3825 nervis—
1252 3789 1307 3825 ex·

218 3855 347 3925 sectis,
370 3858 401 3912 in
419 3857 564 3914 codicibus
584 3859 724 3926 scribitur,
743 3862 775 3912 ut
792 3857 847 3923 hic,
866 3858 1006 3925 eiectis,
1024 3857 1079 3911 hoc
1098 3861 1149 3924 cst,
1168 3856 1307 3910 electis.

216 3941 272 3997 Est
296 3942 385 4012 igitur
401 3943 432 3997 in
448 3943 493 3997 his
511 3944 582 3998 locis
601 3944 739 4014 eligere
758 3944 802 4010 id,
827 3942 903 4012 quod
922 3942 1088 3998 Germanice
1107 3941 1309 4009 ausrupfen,

216 4027 424 4098 auszupfan
455 4028 570 4097 dicitur,
615 4029 757 4098 quomodo
795 4029 885 4082 Varro
922 4034 951 4083 et
984 4026 1138 4082 Columella
1169 4026 1308 4093 herbas,

216 4113 384 4183 gramina
405 4113 542 4184 eligere
566 4115 705 4169 dixerunt.
741 4115 827 4168 Aliud
850 4119 907 4183 est,
932 4115 987 4168 etsi
1012 4118 1179 4182 cognatum,
1205 4128 1309 4166 nervos

216 4198 397 4268 incidere,
416 4199 554 4256 elidere
573 4200 656 4274 (stiga
675 4209 800 4268 lusimus,
818 4198 986 4272 νευροκοπεῖν).
1016 4197 1086 4251 Cum
1103 4197 1196 4252 nervis
1216 4197 1309 4251 eiec-

215 4286 267 4339 tis
291 4284 456 4354 pravissime
480 4291 680 4356 comparantur
707 4287 827 4341 aculei
853 4283 957 4365 (alicui)
987 4283 1136 4338 excussi.
1179 4280 1308 4351 [Advers.

216 4370 285 4424 eris.
304 4370 377 4440 Hp.
396 4368 470 4440 205]
