2994 5108
689 482 748 541 531
1074 496 1135 549 Lib.
1154 496 1296 550 XXXVII.

227 662 306 748 Gap.
337 668 391 735 30,
427 668 445 725 2
476 663 530 744 (de
560 665 665 729 classe
690 664 836 728 Romana
865 665 1058 747 Rhodiaque
1087 675 1121 731 et
1143 668 1296 732 Antiochi

140 770 303 856 proelium
337 770 498 851 inituris):
533 771 691 836 Robore
726 774 887 836 navium
923 781 962 837 et
995 775 1154 839 virtute
1191 776 1297 839 mili-

141 886 224 944 tum
263 879 436 944 Romani
476 879 595 960 longe
635 881 772 962 regios
812 881 1085 962 praestabant,
1130 882 1296 947 Rhodiae

141 1006 265 1051 naves
300 985 491 1068 agilitate
521 994 562 1050 et
591 994 677 1051 arte
706 987 1028 1070 gubernatorum
1058 995 1097 1052 et
1121 991 1298 1054 scientia

142 1096 346 1178 remigum.
403 1093 563 1158 Perizonii
593 1096 662 1159 haec
692 1103 743 1159 est
765 1097 969 1171 coniectura;
1002 1097 1035 1159 in
1059 1097 1227 1162 codicibus
1250 1097 1296 1161 le·

143 1203 247 1285 gitur:
285 1201 406 1283 longe
437 1201 617 1267 Rhodios
646 1203 898 1285 praestabant
926 1204 967 1283 (B
996 1204 1127 1270 lodios
1159 1205 1284 1286 errore)

143 1311 242 1375 Recte
273 1309 463 1374 Perizonius
492 1319 605 1392 negat,
639 1313 672 1374 in
708 1311 926 1394 praeparanda
959 1313 1149 1376 narratione
1178 1314 1284 1396 proeli

141 1419 228 1483 inter
256 1419 421 1482 Romanos
444 1417 657 1501 Rhodiosque
693 1427 726 1483 et
760 1440 799 1483 ex
828 1419 934 1483 altera
961 1426 1054 1502 parte
1083 1422 1190 1503 regios
1219 1428 1297 1505 apte

141 1526 252 1589 induci
285 1527 562 1608 comparationem
590 1526 811 1590 Romanorum
841 1526 1107 1607 Rhodiorumque
1136 1529 1222 1591 inter
1250 1550 1284 1594 se

142 1639 192 1711 ut,
221 1654 288 1715 qua
315 1655 350 1698 re
373 1634 513 1698 Romani
535 1634 681 1698 Rhodios
704 1634 851 1712 vicerint,
875 1635 1004 1698 dicatur
1046 1633 1093 1715 (et
1116 1634 1258 1700 debebat
1281 1658 1298 1702 e

144 1741 307 1805 contrario
338 1740 416 1805 addi
446 1743 479 1804 in
508 1742 613 1807 altero
645 1741 791 1807 membro
824 1742 1059 1823 Romanas),
1092 1763 1203 1806 rerum
1231 1764 1296 1808 non

145 1869 160 1912 e
189 1849 327 1930 regios
354 1855 469 1912 natum
498 1849 580 1913 illud
603 1848 804 1927 Rhodios,
840 1848 897 1913 sed
928 1850 1169 1932 interpretandi
1199 1871 1298 1915 causa

145 1953 289 2020 additum
314 1954 365 2035 (ut
387 1955 469 2019 illud
492 1977 608 2038 quam
632 1956 793 2021 AEtolos
816 1958 849 2019 in
872 1956 1020 2034 XXXVI,
1050 1960 1100 2033 25,
1125 1956 1168 2038 7),
1197 1979 1319 2039 quum.

144 2061 252 2128 Livius
286 2063 434 2127 universe
465 2062 505 2127 de
533 2065 640 2127 tribus
669 2062 832 2127 classibus
862 2064 1046 2128 Romanam
1076 2085 1140 2128 uno
1169 2085 1297 2145 genere,

145 2168 289 2235 Rhodias
331 2170 438 2235 altero
476 2171 668 2235 excelluisse
705 2171 908 2253 scripsisset,
957 2172 1056 2253 regiis
1092 2171 1214 2236 nullius
1249 2173 1298 2237 rei

144 2278 312 2343 tribuisset
340 2279 579 2361 principatum:
621 2276 783 2342 Robore
824 2279 989 2341 navium
1027 2284 1065 2341 et
1094 2280 1183 2344 virt.
1216 2279 1297 2343 mil.

146 2384 314 2450 Romani
352 2384 478 2468 longe
516 2385 783 2468 praestabant,
817 2385 985 2449 Rhodiae
1022 2406 1145 2450 naves
1176 2385 1299 2467 agili·

146 2498 230 2558 tate
254 2500 315 2557 cet.

230 2599 310 2684 Cap.
335 2605 385 2679 31,
410 2606 443 2665 7:
467 2602 622 2666 Rhodii
645 2602 734 2685 (post
756 2601 917 2685 proelium
941 2600 1056 2665 navale
1080 2600 1122 2665 ad
1146 2600 1300 2684 Myonne-

148 2728 216 2773 sum
245 2730 266 2772 a
296 2708 333 2773 L.
361 2708 493 2773 AEmilio
527 2716 666 2792 praetore
697 2709 829 2773 domum
858 2707 966 2772 redire
995 2707 1091 2787 iussi)
1121 2709 1300 2792 impigre

148 2823 400 2899 praevertere
434 2815 482 2880 ad
518 2817 891 2899 traiiciendasque
928 2816 1070 2897 copias
1108 2816 1386 2911 consulispgp)

149 2922 323 3009 (Scipionis
344 2922 609 3006 Hellespontum)
635 2926 731 3001 iere,
755 2931 883 3005 atque
907 2942 953 2985 eo
976 2942 1139 3005 quoque
1162 2922 1300 2988 functi

150 3030 307 3109 officio,
330 3038 413 3096 tum
438 3031 593 3096 demum
616 3030 800 3096 Rhodum
823 3029 994 3094 rediere.
1039 3029 1177 3093 Prorsus
1200 3051 1299 3113 prave

149 3137 266 3204 dicitur
298 3145 570 3222 praevertere,
604 3159 670 3202 non
704 3137 835 3214 addito,
871 3136 914 3200 ad
948 3135 1027 3219 quid
1061 3139 1298 3219 praeverterint.

148 3243 313 3311 Particula
345 3266 424 3328 que
452 3267 513 3311 nec
546 3247 580 3310 in
613 3246 640 3309 B
673 3265 733 3309 nec
766 3246 800 3307 in
834 3234 1097 3308 Drakenborchii
1131 3245 1298 3310 codicibus

149 3352 284 3434 (decem)
314 3352 387 3418 fuit.
442 3354 602 3418 Detracta
618 3353 731 3435 igitur
759 3371 826 3414 una
853 3351 967 3416 littera
994 3352 1203 3417 scribendum
1232 3359 1298 3418 est:

149 3458 300 3526 Rhodii
322 3468 574 3544 praevertere
604 3459 651 3525 ad
673 3458 962 3523 traiiciendas
985 3460 1127 3542 copias
1152 3481 1299 3524 consu-

148 3565 197 3634 lis
219 3568 292 3648 ire,
316 3576 439 3651 atque
462 3574 524 3633 cet.

230 3673 308 3761 (lap.
334 3680 389 3754 35,
425 3679 442 3740 3
475 3676 524 3756 (in
546 3674 700 3739 Antiochi
730 3675 915 3755 legatorum
947 3674 1097 3738 oratione
1121 3673 1160 3739 de
1184 3673 1297 3756 paee):

150 3802 228 3862 eas,
251 3805 336 3866 quae
358 3786 398 3848 in
419 3784 521 3848 Asia
542 3783 638 3861 sint,
662 3782 868 3846 civitates
891 3780 1123 3863 (Lampsacum
1147 3787 1181 3845 et
1202 3781 1299 3846 Alex·

149 3889 295 3957 andriam
317 3890 493 3972 Troadem)
523 3890 697 3955 tradere
729 3888 866 3971 (regem)
897 3894 1092 3971 paratum
1115 3909 1227 3966 esse,
1263 3896 1302 3952 et

148 3998 306 4081 siquas
329 3998 437 4063 alias
459 3998 645 4075 Romani,
681 3996 789 4077 quod
820 4016 988 4060 suarum
1010 3996 1194 4077 partium
1217 3995 1300 4059 fue-

144 4105 240 4184 rint,
262 4105 483 4170 rindicare
506 4105 554 4170 ab
577 4105 759 4187 imperio
782 4104 901 4186 regio
925 4103 1070 4167 velint.
1116 4100 1227 4167 Codex
1248 4101 1297 4166 M:

145 4230 249 4293 quas
291 4233 461 4278 suarum
501 4213 686 4295 partium
727 4210 967 4288 ediderant,
1010 4209 1098 4292 quod
1138 4210 1208 4274 iure
1245 4209 1299 4272 rix

145 4320 283 4385 eredunt
307 4342 347 4384 ex
369 4321 474 4385 altero
496 4320 553 4384 illo
576 4327 685 4384 ortum
709 4339 794 4396 esse3
829 4316 917 4398 quod
947 4324 1058 4381 autem
1089 4315 1215 4400 aliquid
1237 4315 1298 4381 sub

1018 4433 1068 4487 Μὴ
