2994 5108
753 472 773 531 4
823 484 858 533 ·.
890 522 894 531 Ι
937 445 941 454 .

796 536 845 615 ss
876 556 923 645 ·',·.

185 679 247 726 sua
275 657 423 741 exempla
451 656 491 721 de
521 675 594 720 meo
622 654 887 736 transtulerant3⁴
905 653 1055 740 p'oteram
1083 657 1118 721 in
1141 657 1246 725 multo
1268 658 1341 743 plu-

185 767 287 832 ribus.
321 765 356 832 Si
374 766 431 850 qui
448 771 554 845 erunt,
577 764 643 848 qui,
666 786 767 848 quum
784 785 913 858 omnem
931 765 1194 832 emendationum
1212 768 1341 851 copiam

186 877 220 940 in
253 896 353 940 unum
391 873 562 938 collectam
595 872 728 939 videant
761 893 822 938 nec
850 873 1032 957 quidquam
1060 896 1099 939 ex
1128 875 1193 941 alio
1222 897 1340 959 genere

185 983 431 1067 interpositum,
472 982 536 1048 nisi
575 981 664 1064 quod
705 981 747 1045 ad
785 980 859 1046 illas
893 981 1133 1048 confirmandas
1166 986 1340 1068 pertineat,

185 1094 294 1178 ipsum
327 1112 500 1171 numerum
531 1089 765 1157 reformident,
780 1110 842 1155 nec
874 1095 927 1156 tot
960 1092 1169 1157 coniecturas
1203 1093 1245 1157 ab
1274 1112 1340 1157 uno

184 1201 315 1266 homine
349 1200 497 1284 accipere
531 1219 605 1264 cum
638 1219 776 1264 assensu
810 1198 969 1278 audeant,
1011 1206 1128 1265 eontra
1167 1222 1224 1266 eos
1258 1201 1341 1266 nihil

186 1308 360 1374 dicendum
384 1315 448 1388 est3
482 1307 555 1372 aliis
585 1307 672 1372 enim
700 1306 901 1391 ponderibus
924 1314 957 1372 et
981 1309 1049 1373 suis
1072 1309 1247 1374 momentis
1269 1309 1340 1374 haec

185 1412 406 1497 examinsqu
441 1420 534 1496 sunt;
574 1436 676 1480 unum
716 1413 813 1479 velim
854 1415 1080 1497 considerent,
1121 1425 1203 1501 quot
1241 1419 1338 1483 unius

186 1526 317 1610 orynaei
345 1526 380 1590 in
409 1524 489 1590 solis
518 1525 663 1608 quinque
691 1523 786 1589 libris
815 1525 938 1609 quintae
968 1525 1102 1592 decadis
1131 1527 1340 1591 coniecturas

186 1640 375 1717 sequantur,
399 1653 600 1718 quamquam
623 1633 830 1698 coniecturas
849 1653 902 1697 eas
920 1653 993 1697 esse
1012 1639 1088 1698 ante
1106 1633 1339 1718 Kreyssigium,

135 1749 171 1819 (4)
190 1741 389 1822 Bekkerum‚
418 1764 469 1807 me
492 1740 698 1824 ignorabant.
747 1739 796 1804 De
824 1741 905 1825 ipsis
927 1740 1026 1806 rebus
1049 1762 1070 1806 a
1093 1742 1185 1807 Livio
1207 1744 1340 1809 traditis

186 1872 314 1916 omnem
338 1851 564 1935 quaestionem,
587 1869 660 1933 quae
683 1868 749 1913 non
773 1869 847 1913 cum
871 1849 980 1914 verbis
1004 1855 1037 1913 et
1056 1851 1214 1917 orationis
1233 1851 1339 1918 forma

184 1980 335 2043 veraeque
359 1960 529 2043 scripturae
550 1958 788 2022 constitutione
806 1959 982 2023 coniuncta
999 1965 1096 2038 esset,
1121 1959 1268 2025 studiose
1285 1960 1339 2025 hic
1455 1986 1458 1993 ·

183 2069 299 2147 vitavi3
336 2089 396 2151 per
427 2088 461 2130 se
485 2067 570 2130 enim
594 2065 724 2150 aliaque
749 2065 912 2131 scribendi
935 2065 1056 2147 forma,
1087 2089 1160 2151 quae
1184 2090 1222 2133 eo
1246 2090 1339 2154 spec·

185 2181 271 2255 tant,
284 2173 475 2239 'tractanda
505 2179 598 2253 sunt;
632 2194 673 2238 ne
703 2175 776 2258 quis
807 2173 920 2239 credat
948 2196 999 2238 me
1029 2176 1206 2259 quicquam
1236 2177 1276 2241 iis
1305 2183 1340 2241 et

184 2283 286 2348 verba
308 2289 342 2347 et
363 2284 518 2347 instituta
540 2288 651 2346 vetera
674 2281 849 2346 enarrandi
872 2282 1020 2347 artificiis
1039 2283 1193 2363 tribuere,
1217 2284 1339 2367 quibus

185 2392 220 2455 in
254 2391 340 2456 libro
369 2390 446 2455 VIII
476 2412 502 2455 c.
531 2393 550 2454 8
584 2388 639 2472 ((13
673 2389 801 2473 legione
836 2396 870 2454 et
904 2391 973 2455 acie
1002 2391 1150 2456 Romana
1186 2392 1361 2482 antiqua)⁴

185 2506 246 2564 aut
276 2520 302 2563 c.
334 2504 372 2562 14
408 2498 463 2581 ((13
497 2499 629 2562 civitate
656 2497 784 2562 Latinis
819 2496 911 2579 data)
948 2505 1007 2562 aut
1039 2500 1072 2563 in
1107 2499 1193 2566 libro
1223 2500 1337 2581 XXVI,

128 2619 130 2623 '
186 2606 304 2689 34313
334 2606 525 2691 Campanis)
554 2605 756 2670 similibusve
785 2606 867 2670 locis
888 2605 970 2670 Livii
1000 2609 1033 2671 in
1061 2607 1161 2673 rebus
1191 2610 1337 2693 antiquis

185 2736 313 2781 errores
349 2716 550 2799 obteguntur
583 2720 641 2779 ant
674 2715 807 2778 incertae
837 2713 1050 2799 obscuraque
1081 2717 1181 2781 animi
1209 2719 1337 2783 notitiae

184 2824 292 2889 verbis
326 2824 489 2906 ambiguis
523 2829 556 2887 et
590 2822 757 2905 suspensis
792 2843 954 2905 expressae
987 2830 1144 2906 tanquam
1178 2832 1274 2890 certae
1304 2831 1337 2890 et

184 2953 267 2997 verae
291 2932 505 3016 explicantur.

272 3256 432 3334 Quoniam
456 3258 571 3337 omnis,
595 3257 652 3340 qui
675 3257 717 3321 ad
742 3255 839 3341 plura
861 3263 894 3320 et
912 3259 1005 3322 varia
1023 3281 1040 3321 3
1058 3258 1178 3322 veteris
1196 3257 1336 3322 alicuius

184 3365 354 3449 scriptoris
388 3364 543 3448 operibus
581 3365 699 3429 menda
731 3364 878 3428 tollenda
912 3366 1092 3450 suscipitur
1121 3371 1274 3445 conatus,
1309 3366 1336 3428 si

184 3474 316 3556 quidem
339 3480 408 3538 arte
431 3493 469 3536 ac
491 3473 620 3537 ratione
644 3473 831 3555 suscipitur,
862 3493 882 3535 a
905 3472 1065 3554 codicum,
1089 3472 1210 3556 quibus
1235 3494 1334 3557 opera

184 3583 242 3646 illa
265 3582 483 3659 continentur,
506 3580 724 3645 aestimatione
747 3578 909 3663 proficisci
934 3580 1041 3659 debet,
1063 3583 1097 3644 in
1119 3579 1201 3645 Livii
1225 3587 1336 3644 autem

107 3728 130 3756 .·
186 3711 301 3773 opere,
341 3689 428 3773 quod
461 3695 597 3773 propter
631 3686 879 3771 amplitudinem
913 3689 1136 3770 particulatim
1172 3688 1336 3753 describe-

185 3797 298 3877 batur,
333 3820 427 3862 suum
462 3803 512 3862 est
541 3795 743 3878 singularum
774 3792 936 3859 decadum
966 3817 982 3860 e
1007 3797 1142 3861 diversis
1167 3795 1335 3861 codicibus

185 3905 369 3990 archetypis
391 3927 450 3990 per
469 3910 639 3987 separatas
660 3902 809 3967 codicum
828 3903 947 3986 stirpes
964 3911 1221 3988 propagatarum
1239 3905 1335 3989 quasi

184 4015 458 4092 instrumentum,
494 4033 573 4077 suus
603 3996 825 4075 subsidiorum
854 4002 1051 4094 apparatus,
1085 4018 1263 4096 antequam
1292 4012 1335 4076 ad

186 4122 331 4204 singulos
355 4123 466 4187 decem
491 4121 671 4204 primorum
699 4118 859 4182 librorum
882 4119 986 4198 13333,
1016 4121 1055 4185 (13
1079 4120 1199 4205 quibus
1223 4118 1334 4202 dispu-

184 4230 321 4295 tandum
350 4233 427 4309 erit,
457 4226 760 4294 commemorandos
788 4227 895 4306 venio,
925 4227 1064 4293 dicenda
1086 4228 1236 4310 quaedam
1259 4234 1336 4291 sunt

186 4337 227 4402 de
250 4339 417 4416 codicum,
451 4333 633 4421 quibus'hi
660 4333 737 4398 libri
765 4335 989 4416 continentur,
1024 4344 1057 4402 et
1085 4335 1278 4418 cognatione
1301 4340 1335 4399 et
