2994 5108
680 487 741 548 595

134 670 294 758 philolog.
317 670 424 735 Latin.
452 668 662 735 bibliothecae
690 668 831 734 Vindob.
862 670 904 750 (a.
936 671 1031 752 1836)
1065 673 1122 736 aeri
1149 673 1288 738 incisam

137 780 251 860 edidit,
272 779 344 863 [aut
361 800 400 844 ex
418 800 466 856 ea,
479 799 577 863 quam
590 777 823 842 Mommsenius
836 784 870 842 et
882 777 1139 845 Studemundius
1156 781 1191 845 in
1201 781 1288 846 Ana·

136 889 233 955 lectis
256 887 400 952 Liuianis
422 886 489 951 tab.
507 886 557 950 III
580 893 613 950 et
633 886 679 949 IV
697 886 939 970 exprimendam
959 896 1155 954 curaverunt
1170 889 1288 973 photo-

136 993 438 1081 lithographicam]
467 994 570 1059 multo
594 993 796 1059 commodius
818 994 1035 1076 intellegitur,
1059 1017 1158 1078 quam
1180 998 1291 1064 verbis

139 1103 380 1185 edisseritur.¹)
433 1103 528 1181 Quod
563 1108 655 1167 sexto
689 1101 808 1167 saeculo
842 1123 915 1166 eum
949 1104 1110 1187 scriptum
1142 1106 1288 1186 tradunt,

139 1216 209 1282 eius
232 1215 280 1279 rei
302 1213 459 1277 indicium
482 1210 631 1293 relinquo
653 1211 709 1289 iis,
739 1211 796 1293 qui
823 1210 857 1275 in
879 1210 941 1276 hoc
963 1232 1081 1294 genere
1104 1215 1212 1279 aetatis
1235 1236 1289 1280 co·

140 1323 249 1389 dicum
269 1319 467 1386 aestimandae
485 1319 660 1402 multiplici
678 1319 922 1402 comparatione
940 1322 1183 1387 exercitatiores
1195 1330 1289 1403 sunt;

138 1430 228 1509 mihi,
253 1430 280 1495 si
299 1428 417 1494 saeculo
441 1428 657 1491 recentiorem
679 1426 835 1505 facerent,
852 1426 986 1492 facilius
1008 1430 1289 1512 persuaderent.²)

139 1537 228 1605 Illud
250 1537 383 1622 quidem
406 1541 546 1614 constat,
568 1534 653 1598 hunc
676 1555 806 1617 quoque
829 1536 994 1616 quantivis
1016 1538 1114 1620 pretii
1136 1539 1291 1619 codicem,

141 1648 193 1713 cui
215 1648 274 1711 uni
297 1651 426 1709 tantam
449 1651 577 1728 partem
609 1643 716 1726 operis
739 1642 866 1707 Liviani
900 1644 1091 1724 debeamus,
1115 1653 1240 1726 tamen,
1262 1649 1290 1712 si

139 1776 253 1821 rerum
275 1752 428 1831 fatemur,
457 1773 477 1814 a
504 1751 639 1815 librario
673 1751 807 1816 indocto
832 1753 912 1816 satis
947 1753 1110 1818 incuriose
1134 1756 1290 1838 scriptum

140 1885 215 1929 esse
237 1882 423 1945 magnoque
446 1859 637 1923 mendorum
660 1881 725 1923 non
753 1880 829 1923 raro
851 1860 946 1923 valde
974 1860 1112 1926 licenter
1135 1861 1290 1928 aberran-

141 1971 226 2038 tium
258 1991 394 2034 numero
423 1968 646 2052 inquinatum,
680 1973 725 2043 ut,
754 1974 975 2051 praeterquam
1005 1969 1094 2052 quod
1115 1992 1200 2035 unus
1231 1977 1290 2050 est,

141 2079 254 2144 laudis
277 2078 310 2142 id
334 2078 407 2142 iere
436 2076 656 2157 relinquatur,
690 2075 778 2158 quod
805 2075 880 2158 ipsa
908 2082 1072 2142 vetustate
1106 2084 1140 2142 et
1172 2078 1287 2143 librari

144 2184 356 2271 simplicitate
378 2185 578 2263 continetur3
602 2203 678 2247 nam
701 2205 807 2267 neque
830 2205 916 2267 saepe
939 2184 1152 2251 describendo
1175 2187 1293 2251 menda

144 2294 295 2379 aprima
317 2293 436 2359 erroris
458 2291 563 2356 forma
584 2290 715 2373 longius
749 2289 879 2356 detorta
907 2299 984 2358 sunt
1012 2315 1119 2378 neque
1151 2295 1221 2360 ulla
1249 2294 1292 2357 ad

143 2423 184 2469 ea
214 2401 412 2468 occultanda
446 2400 586 2466 accessit
618 2398 721 2464 fallax
754 2405 787 2464 et
819 2399 1002 2466 artificiosa
1034 2401 1292 2487 interpolatio.³)

142 2509 229 2576 Nam
252 2510 341 2574 etin
363 2508 470 2574 verbis
498 2506 696 2588 scribendis,
731 2507 831 2572 etiam
862 2509 949 2574 notis
977 2517 1011 2575 et
1036 2511 1205 2592 facilibus,
1228 2510 1292 2576 fre-

143 2623 283 2705 quenter
306 2623 339 2683 et
361 2617 526 2682 interdum
548 2614 683 2681 mirifica
706 2623 846 2695 erratur,
869 2637 956 2702 saepe
973 2625 1109 2703 propter
1132 2618 1294 2685 obiectam

144 2732 177 2793 et
201 2731 370 2809 arreptam
392 2725 604 2790 incontinua
632 2725 797 2808 scriptura
830 2745 870 2788 ex
897 2724 1018 2790 litteris
1046 2727 1174 2810 aliquot
1200 2727 1294 2811 pravi

144 2841 177 2901 et
199 2832 299 2899 alieni
321 2832 412 2897 verbi
435 2833 591 2915 speciem,
620 2831 796 2897 accedente
818 2831 886 2896 1111
909 2832 1008 2897 etiam
1031 2834 1074 2898 ad
1096 2835 1182 2899 oculi
1205 2855 1293 2900 erro-

146 2962 202 3008 res
225 2942 326 3007 animi
348 2940 623 3018 hallucinatione,
647 2944 680 3003 et
708 2941 959 3005 terminationes
981 2962 1098 3007 vocum
1127 2942 1225 3007 etiam
1248 2963 1293 3006 eae

144 3071 218 3138 quae
241 3049 334 3116 111111
356 3047 533 3114 admodum
555 3045 766 3111 similitudine
789 3053 981 3131 opportunae
999 3051 1103 3115 errori
1121 3057 1207 3129 sunt,
1228 3072 1294 3115 non

144 3157 194 3225 ita
221 3179 300 3224 1110
330 3156 548 3221 obscurantur
576 3160 610 3219 et
637 3153 774 3220 licenter
795 3161 1024 3238 permutantur
1053 3165 1086 3222 et
1107 3157 1207 3223 rerba
1229 3159 1294 3222 sin·

146 3266 225 3351 gula
247 3265 381 3349 plurave
404 3263 576 3348 permultis
598 3261 679 3327 locis
703 3263 899 3326 omittuntur
925 3285 986 3328 nec
1013 3265 1062 3330 ita
1088 3288 1165 3331 1110
1187 3273 1294 3331 trans-

145 3378 312 3461 ponuntur
334 3379 367 3438 11
388 3372 458 3436 haec
479 3372 570 3436 varia
592 3369 724 3435 errandi
746 3390 867 3454 genera
888 3372 1054 3438 interdum
1077 3396 1150 3439 cum
1171 3395 1291 3459 magna
1306 3391 1382 3462 (489)

146 3479 396 3567 perturbatione
420 3478 611 3553 conflantur.
644 3478 762 3564 Itaque
785 3485 819 3544 et
839 3477 993 3563 frequens
1016 3481 1204 3549 adhibenda
1226 3505 1297 3549 cor·

146 3588 249 3656 rectio
284 3594 334 3654 est
356 3595 390 3653 et
411 3587 578 3653 interdum
606 3586 705 3670 paulo
734 3585 870 3651 liberior
895 3609 958 3653 nec
985 3591 1130 3674 singulas
1157 3591 1295 3671 litteras,

169 3792 194 3856 ι)
212 3791 308 3845 Etiam
326 3789 468 3843 Walchius
495 3789 524 3842 in
552 3788 805 3843 Emendationibns
828 3788 954 3845 Liuianis
981 3792 1081 3860 (Ber-ol.
1109 3811 1131 3847 a
1152 3793 1230 3859 1815)
1248 3793 1297 3847 tri·

215 3878 282 3946 plex
299 3876 445 3944 scripturus
464 3875 569 3929 codicis
587 3873 815 3928 vindobonensis
833 3877 1089 3944 specimenedidit.

170 3961 199 4030 ⁸)
217 3962 372 4015 rutberti
391 3961 552 4030 episcopi
570 3959 608 4012 de
632 3958 794 4012 dorostat
810 3977 913 4014 nomen
931 3962 1037 4017 ultima
1055 3965 1166 4034 paginas
1180 3965 1296 4034 inscrip-

215 4055 277 4100 tum
296 4049 319 4100 si
336 4062 528 4117 possessorem
547 4043 695 4112 significat,
714 4043 786 4097 infre
810 4046 905 4100 saeculi
924 4049 1036 4118 septimi
1055 4051 1159 4103 exitum
1178 4049 1296 4119 deprimi

217 4132 324 4186 codicis
343 4137 455 4185 aetatem
473 4136 559 4185 vetat.
598 4128 784 4203 [Subscriptio
801 4136 850 4189 illa
868 4135 950 4187 aliter
966 4133 1085 4202 legenda
1107 4152 1167 4189 esse
1185 4134 1297 4187 videtur

216 4223 246 4271 et
264 4217 300 4271 ad
314 4217 399 4270 alium
413 4218 554 4272 hominem
570 4220 724 4288 pertinere3
743 4221 798 4275 vid.
813 4220 1012 4274 Mommsenius
1030 4218 1211 4274 tunnulis.
1223 4238 1249 4288 p.
1260 4216 1295 4286 5.]

173 4303 199 4370 ⁸)
217 4293 490 4369 Quota'mendorum
516 4320 581 4373 pars
607 4305 662 4357 iam
681 4305 711 4357 in
729 4306 864 4373 exemplo,
892 4305 968 4373 qnod
994 4306 1124 4360 librarius
1145 4304 1228 4359 huius
1247 4321 1296 4358 co·

218 4387 290 4441 dicis
303 4393 415 4442 secutus
431 4393 483 4457 est,
501 4388 595 4457 fuerit,
614 4390 680 4443 iniri
697 4390 769 4443 ratio
782 4392 888 4458 nequit

1018 4492 1067 4545 38*
