2994 5108
216 487 278 544 nib.
296 487 371 542 xm.
732 452 735 457 ’
762 475 824 536 266

217 660 304 743 (CM)
333 667 367 726 et
394 659 533 725 aliorum
561 659 688 742 aliquot
716 661 882 745 scriptura
904 661 1056 746 (eques,
1091 682 1156 727 non
1183 662 1372 745 equites).

213 770 375 853 Apparet,
410 769 538 834 Livium
567 769 710 852 primum
738 768 939 852 significare,
972 768 1248 852 quemadmodum
1269 770 1372 855 pedes

215 885 249 943 et
282 897 381 961 eques
415 882 551 960 paratus
580 876 623 940 ad
649 878 941 943 transmittendum
968 877 1083 957 suerit,
1118 875 1236 942 deinde
1263 877 1372 963 ipsum

215 986 394 1051 transitum
434 983 577 1049 fluminis
617 984 813 1050 describere.
874 986 991 1070 ltaque
1032 985 1084 1051 his
1123 984 1248 1050 verbis:
1289 984 1370 1051 Iam

216 1100 386 1178 paratas
431 1098 680 1176 aptatasque
725 1093 907 1159 habebat
950 1093 1076 1178 pedes
1121 1093 1273 1158 lintres
1319 1115 1371 1159 re-

215 1202 376 1286 spondere
407 1201 513 1265 simile
544 1201 658 1266 debet:
693 1222 819 1284 eques
843 1239 885 1247 —
906 1224 1039 1268 naves.
1084 1201 1211 1266 Deinde
1234 1201 1283 1285 (in
1306 1222 1370 1284 quo

214 1317 291 1395 post
330 1309 486 1374 Gronovii
525 1308 781 1375 admonitionem
820 1311 925 1377 errari
963 1311 1113 1394 potuisse
1150 1309 1267 1391 miror)
1305 1331 1371 1376 non

214 1420 342 1502 equites
364 1437 471 1499 neque
494 1418 570 1498 equi
593 1423 725 1496 nantes,
754 1438 892 1499 quorum
915 1419 1101 1502 perexigua
1116 1420 1166 1483 vis
1187 1416 1307 1484 luisset
1327 1418 1371 1484 ad

213 1529 278 1593 rim
306 1546 468 1609 aquarum
495 1523 724 1607 frangendam,
760 1525 820 1590 sed
851 1547 950 1591 naves
977 1528 1053 1608 ipsa
1080 1525 1308 1607 magnitudine
1338 1532 1372 1591 et

212 1635 359 1721 pondere
393 1641 426 1698 et
459 1632 615 1697 continua
648 1634 732 1697 serie
763 1632 947 1715 (agmine)
976 1634 1254 1716 tranquillitatem
1286 1655 1369 1718 prue-

212 1745 314 1810 buere
335 1741 490 1807 lintribus
511 1739 598 1805 inira
620 1741 932 1807 transmittentibus.
977 1743 1059 1806 Tum
1082 1742 1248 1824 equitibus
1269 1763 1370 1807 naves

212 1853 308 1918 datas
334 1850 452 1928 fuisse,
486 1848 607 1931 quibus
636 1854 669 1913 et
692 1849 756 1931 ipsi
778 1851 959 1915 transirent
981 1857 1015 1915 et
1037 1871 1141 1934 equos
1163 1851 1367 1928 traiicerent,

212 1961 334 2046 partim
356 1958 495 2023 navibus
518 1957 702 2040 impositos,
736 1958 858 2040 partim
888 1980 973 2042 pone
1001 1979 1101 2023 naves
1128 1957 1210 2023 loris
1232 1963 1370 2036 tractos,

213 2090 252 2133 ex
275 2070 324 2146 iis,
353 2087 424 2148 quae
448 2072 639 2148 sequuntur,
662 2086 798 2149 prorsus
820 2067 1031 2150 perspicuum
1054 2074 1121 2146 est3
1149 2066 1213 2149 ipsi
1236 2065 1369 2149 quidem

91 2173 92 2178 ’
212 2176 342 2258 equites
375 2195 441 2240 uon
474 2180 611 2253 nerunt3
645 2192 722 2237 nam
755 2174 783 2238 si
815 2174 925 2239 nando
960 2174 1002 2239 ab
1030 2174 1217 2239 hominibus
1245 2172 1370 2238 fiumen

211 2284 347 2349 transiri
386 2283 551 2367 potuisset
584 2281 750 2364 nandique
785 2303 897 2347 omnes
930 2283 1028 2366 periti
1061 2281 1216 2361 fuissent,
1256 2281 1367 2346 inanis

210 2391 327 2457 fuisset
361 2390 466 2456 omnis
500 2391 632 2454 navium
662 2396 695 2453 et
721 2390 871 2455 lintrium
899 2397 1092 2474 apparatus.
1149 2386 1369 2453 Scribendum

212 2501 314 2581 igitur
346 2504 411 2562 est:
452 2496 533 2561 Iam
565 2503 734 2580 paratas
765 2531 804 2541 —-
832 2496 1010 2563 habebat
1043 2497 1168 2581 pedes
1201 2496 1366 2574 lintres,

214 2627 337 2691 eques
370 2603 454 2669 lere
488 2609 658 2688 propter
692 2625 816 2688 equos
844 2626 976 2671 naves.
1032 2606 1201 2670 Navium
1229 2623 1371 2687 agmen

213 2721 275 2779 cet.
320 2713 513 2796 (Pleraeque
535 2733 645 2791 naves,
672 2733 737 2776 non
761 2734 874 2778 omnes
898 2713 1063 2797 equitibus
1086 2713 1181 2777 datas
1204 2710 1372 2794 signifieat

215 2823 364 2887 additum
388 2820 532 2901 fere.)¹)
1336 2883 1357 2896 .‚

298 2929 378 3013 Cap.
402 2933 461 3007 28,
497 2932 532 2992 5:
571 2928 744 2993 tradunt
780 2928 1085 2994 ¹ferocissimum
1123 2950 1169 2992 ex
1201 2928 1253 2991 iis
1289 2927 1370 3008 (ele-

211 3038 360 3124 phantis)
394 3039 609 3101 irritatum
639 3036 687 3101 ab
717 3044 877 3102 rectore
909 3058 989 3114 suo,
1023 3057 1142 3119 quum
1164 3034 1371 3117 refugien-

211 3154 289 3212 tem
321 3148 360 3211 in
394 3166 539 3227 aquam
571 3150 737 3209 nantem
772 3152 1028 3227 sequeretur,
1062 3144 1242 3208 traxisse
1278 3164 1370 3225 gre-

210 3276 303 3338 gem.
365 3253 440 3317 lure
474 3251 641 3317 Walehius
675 3252 785 3330 hasit3
819 3275 914 3318 nemo
949 3253 1035 3317 enim
1070 3251 1183 3316 eodem
1217 3257 1368 3336 tempore

210 3371 243 3427 et
276 3361 398 3443 refugit
429 3362 464 3424 in
498 3380 617 3443 aquam
652 3366 686 3424 et
719 3362 784 3425 iam
817 3368 889 3437 nat,
924 3359 1012 3442 quod
1046 3366 1158 3424 tamen
1191 3360 1257 3423 ista
1292 3378 1369 3442 par·

212 3471 403 3554 ticipiorum
437 3470 506 3532 sine
535 3468 653 3551 copula
675 3470 860 3534 coniunctio
885 3467 1056 3550 significat.
1111 3465 1266 3531 Debebat
1288 3467 1370 3532 diei:

211 3577 357 3643 deinde
397 3584 558 3640 nantem
597 3582 655 3640 aut
696 3576 830 3640 saltem:
872 3582 911 3640 et
943 3581 1120 3654 nantem3
1160 3595 1222 3639 nee
1255 3581 1369 3640 tamen

210 3692 295 3765 erat,
338 3705 396 3749 cur
434 3684 496 3747 hoe
536 3683 731 3762 adderetur;
771 3704 872 3748 unum
906 3685 992 3748 enim
1026 3683 1110 3748 illud
1144 3682 1367 3764 qdaerebatur,

208 3816 272 3877 quo
302 3792 398 3857 modo
428 3791 622 3876 elephantus
651 3792 693 3856 ad
722 3812 843 3873 aquam
872 3812 912 3855 ex
940 3793 1014 3874 ripa
1041 3789 1295 3873 ingrediendam
1329 3790 1367 3855 il-

211 3903 319 3967 lectus
347 3906 447 3966 esset.
503 3900 621 3984 Itaque
650 3920 774 3979 vereor,
830 3921 871 3963 ne
901 3905 1061 3963 nantem
1090 3898 1300 3982 adscriptum
1326 3900 1365 3963 sit

237 4171 260 4239 ¹)
280 4171 356 4240 [Cam
374 4173 420 4237 27,
442 4174 459 4224 7
480 4172 599 4226 fortasse
618 4171 809 4225 scribendum:
827 4199 861 4209 -
880 4169 1102 4240 significent,
1130 4171 1305 4226 transisse
1332 4185 1364 4222 ae

278 4256 708 4325 ethaudproeulabesse.
748 4254 835 4325 1862]
1005 4255 1008 4263 “
