2994 5108
683 480 744 543 749
1120 495 1183 550 Lib.
1201 496 1285 552 XLV.

135 667 300 735 Servilius.
344 667 501 732 Extrema
529 671 655 744 autem,
690 684 763 746 quae
791 665 948 751 Grynaeus
981 668 1107 733 intacta
1140 670 1285 752 reliquit,

136 776 309 861 perspicue
333 780 489 858 corrupta
512 778 602 854 suut;
630 795 705 840 narn
721 795 827 857 neque
849 775 922 841 hoc
944 796 1124 860 pronomen
1147 798 1286 862 quore-

135 884 270 964 feratur,
294 883 505 968 intellegitur,
529 883 792 967 necquidquam
816 890 850 948 et
873 881 1028 951 Servilius
1052 892 1085 951 et
1107 886 1215 953 Galba
1238 888 1285 954 di·

136 993 269 1074 cebant,
303 993 391 1077 quod
425 1014 445 1058 a
475 1015 509 1059 se
539 993 649 1077 potius
677 991 786 1057 audiri
809 991 966 1058 Servilius
997 993 1110 1075 vellet,
1144 995 1287 1062 debebat

137 1102 237 1168 etiarn
261 1101 462 1167 dicentem
496 1101 611 1182 sorrbi3
643 1100 740 1184 longe
769 1101 856 1167 enim
890 1100 979 1167 aliud
1013 1111 1064 1170 est
1093 1110 1125 1168 et
1152 1105 1195 1170 ab
1224 1104 1287 1171 hoc

134 1210 208 1277 loco
230 1210 479 1275 alienissimum:
504 1208 623 1275 audio
648 1209 789 1293 (accipio
811 1209 853 1274 ab
877 1208 965 1290 aliis)
990 1208 1208 1277 Servilium
1232 1213 1287 1278 di·

136 1339 236 1385 cere.
282 1317 449 1384 Orationis
472 1318 579 1384 forma
602 1318 776 1402 apparebit
798 1325 832 1383 θῖ
858 1339 935 1383 vera
957 1321 1121 1385 sententia
1143 1329 1288 1405 emerget

136 1427 259 1494 codicis
281 1428 420 1508 vestigia
446 1427 581 1511 propius
610 1427 787 1509 sequendo.
827 1425 938 1492 Livius
961 1427 1047 1491 enim
1069 1429 1116 1493 sic
1139 1430 1286 1514 scripsit:

134 1534 188 1600 Et
214 1543 302 1613 ῖιι,
332 1536 519 1601 centurio
550 1535 762 1618 milesque,
796 1534 942 1616 quibus
972 1536 1019 1601 ab
1049 1535 1135 1620 imp.
1164 1537 1287 1604 Paulo

136 1643 313 1710 donatus
336 1663 387 1724 cs,
411 1644 565 1706 decreta
586 1644 741 1727 potius,
766 1663 881 1727 quam
906 1643 1000 1726 quid
1025 1643 1131 1710 Serv.
1156 1644 1287 1711 Galba

135 1751 392 1831 fabularetur,
415 1751 574 1829 asdlstl,
597 1758 638 1817 et
660 1751 773 1816 lulla
794 1772 850 1816 me
874 1753 1014 1835 potius
1038 1773 1150 1836 quarn
1172 1752 1287 1819 illum

135 1861 237 1928 audi.
267 1860 525 1926 admemoriam
542 1858 676 1927 fortium
695 1859 856 1926 factomm
873 1859 1070 1945 honorisque
1083 1863 1130 1927 eis
1148 1883 1168 1926 a
1184 1861 1286 1928 Paulo

134 1968 242 2035 babiti
266 1967 419 2034 Servilius
442 1969 582 2034 militum
606 1970 733 2034 animos
756 1974 903 2048 revocat,
926 1975 964 2034 ut
985 1978 1056 2035 tum
1078 1970 1288 2055 imperatoris

134 2077 290 2144 laudibus
313 2077 381 2143 laeti
404 2078 580 2143 malevolos
599 2076 711 2143 Galbae
735 2097 901 2142 sermones
919 2079 1108 2160 spreverint,
1132 2079 1179 2143 sio
1201 2100 1287 2144 nunc

135 2186 207 2252 eius
231 2187 411 2251 orationem
435 2207 588 2269 spernere
611 2207 668 2251 eos
697 2185 797 2250 iubet.
842 2185 946 2250 Paulo
971 2185 1101 2251 brevius
1129 2194 1210 2251 tum
1238 2208 1288 2252 re·

134 2294 241 2360 fertur
263 2294 306 2359 ad
333 2296 443 2378 ipsum
465 2295 590 2359 militia
613 2301 753 2377 tempus,
777 2292 866 2378 quod
889 2295 1090 2360 centurionis
1119 2302 1153 2361 et
1173 2296 1288 2363 militis

135 2401 315 2488 appellatio
345 2400 594 2483 demonstrat.¹)
639 2401 747 2468 Unum
776 2403 876 2468 etiam
903 2403 937 2466 in
959 2402 1021 2468 hoc
1045 2404 1169 2487 capite,
1201 2405 1289 2487 quod

134 2517 205 2577 tam
229 2512 283 2577 diu
306 2533 366 2577 uos
388 2512 511 2592 tenuit,
537 2517 650 2576 restat.
694 2510 778 2576 Nam
801 2511 892 2596 quod
915 2509 931 2593 ἓ
958 2516 995 2575 16
1024 2511 1193 2577 scribitur:
1217 2533 1287 2596 ego

135 2625 199 2685 ter
231 2626 271 2685 ct
303 2621 430 2686 vicies
464 2640 549 2684 cum
578 2618 695 2685 hoste
724 2640 796 2703 per
824 2621 1157 2703 provocationem
1187 2641 1287 2703 pug-

136 2729 235 2808 navi,
258 2735 292 2794 θῖ
314 2730 463 2795 oratione
485 2749 622 2811 pravum
644 2734 695 2793 est
719 2727 774 2807 (-
796 2749 873 2793 nam
890 2749 930 2793 ex
953 2729 1184 2812 provocatione
1207 2748 1288 2813 pug-

136 2842 244 2915 natur,
266 2858 332 2903 uon
354 2857 413 2921 per
435 2837 715 2921 provocationem,
744 2837 839 2917 quasi
860 2836 894 2900 id
916 2836 1021 2920 ipsius
1044 2857 1160 2920 pugnae
1183 2857 1288 2921 genus

137 2945 181 3009 sit
207 2943 264 3026 -)
293 2953 326 3010 et
355 2945 478 3010 codicis
505 2938 693 3009 testimonio
721 2943 945 3028 redarguitur,
966 2945 1012 3008 'in
1046 2966 1111 3028 quo
1139 2952 1189 3011 est
1216 2966 1287 3027 per
1304 2941 1375 3012 (625)

137 3053 387 3136 provocatio.
434 3051 571 3118 Sublato
593 3074 679 3136 per,
702 3052 790 3137 quod
814 3074 852 3117 ex
875 3072 948 3135 pro
972 3057 1081 3117 ortum
1104 3059 1166 3133 est,
1191 3054 1291 3118 scribi

137 3160 249 3226 debet:
275 3182 360 3226 cum
383 3149 499 3227 hoste
522 3160 745 3242 prouocauit
769 3162 956 3245 pugnavi.
1002 3158 1048 3244 [ὦ
1072 3165 1090 3226 3
1114 3162 1291 3227 tenendum

137 3276 188 3334 est
216 3269 382 3335 AEmilium
409 3268 547 3336 Paulum
579 3290 639 3354 pro
674 3290 707 3334 se
736 3271 946 3353 exercituque
975 3268 1192 3349 sacrificasse,
1225 3291 1291 3335 nou

129 3398 196 3461 pro
220 3400 254 3443 se
271 3377 463 3458 lustrand03
486 3399 591 3462 neque
608 3377 760 3443 lustralia
782 3377 942 3442 sacrificia
964 3377 1107 3460 Apollini
1129 3375 1317 3461 Delphico·

137 3485 285 3570 fiebant.)
331 3485 347 3568 ᾖ
373 3487 620 3551 latentissimo
642 3484 919 3551 codexPaulus
945 3487 984 3550 iu
1003 3485 1117 3551 domo
1140 3493 1292 3570 praeter

137 3615 194 3661 me
218 3593 302 3674 (cod.
327 3596 410 3678 sed)
433 3615 544 3661 nemo
568 3601 770 3679 superest,
801 3614 860 3677 pro
890 3613 955 3677 quo
985 3593 1106 3659 Pauli
1134 3594 1293 3660 substitu-

166 3846 190 3916 ¹)
211 3845 263 3914 [De
280 3851 329 3917 iis,
347 3867 411 3920 quae
430 3856 529 3907 contra
546 3850 607 3906 haec
627 3850 768 3920 disputata
785 3854 859 3916 sunt,
878 3850 944 3903 satis
964 3855 1007 3903 est
1024 3850 1182 3916 monuisse,
1201 3849 1293 3903 nullos

208 3954 225 3992 a
243 3942 343 3992 senatu
362 3937 575 3993 centurionibus
594 3935 785 4007 militibusque
814 3935 942 3989 decretos
966 3952 1026 3989 esse
1045 3935 1175 3989 honores.
1204 3934 1293 3989 Donis

209 4021 367 4077 donabatur
393 4025 428 4078 ab
454 4023 627 4092 imperatore
654 4022 733 4076 miles
760 4021 903 4077 Romanus
931 4022 961 4075 in
988 4021 1056 4091 ipsis
1084 4020 1189 4074 castris.
1232 4019 1293 4089 Quo

207 4112 337 4177 tempore
355 4109 399 4162 lex
426 4109 462 4164 de
478 4107 621 4177 triumpho
640 4106 793 4175 ferebatur,
818 4107 898 4162 nulla
915 4108 971 4160 iam
989 4112 1050 4161 erat
1069 4106 1179 4161 occasio
1197 4105 1293 4159 militi·

208 4193 261 4248 bus
287 4194 478 4250 Macedonicis
502 4193 615 4248 decreta
640 4190 798 4248 honorifica
824 4193 965 4248 audiendi.
1003 4192 1217 4261 apertissimum
1242 4195 1293 4258 est,

209 4281 365 4350 comparari
393 4280 501 4334 diversa
527 4285 668 4348 tempora,
686 4278 889 4348 pravissimum,
912 4278 980 4333 duas
1000 4277 1153 4333 sententias
1173 4276 1247 4331 exire
1265 4276 1294 4331 in

209 4362 286 4420 idam
303 4365 392 4421 audi.
422 4362 507 4434 1864]
