2994 5108
220 472 289 528 nib.
306 471 340 528 V.
775 462 837 524 140

228 645 344 730 populi
365 645 464 711 Veios
487 667 528 711 ex
550 642 721 712 obsidione
743 645 938 730 eriperent),
968 652 1092 713 antea
1120 667 1161 713 se
1181 644 1223 712 id
1244 644 1386 711 Veien-

226 754 340 820 tibus
362 774 548 838 negasse,
577 753 680 837 quia,
709 753 813 819 unde
836 754 1054 821 consilium
1075 775 1153 822 non
1174 753 1387 840 petissent

228 884 348 948 super
370 867 488 928 tanta
507 882 558 943 re,
575 861 774 927 auxilium
791 869 931 946 petere
948 884 1024 929 non
1041 863 1254 946 deberent;
1277 883 1384 928 nnnc

226 973 306 1038 iam
339 992 411 1054 pro
447 992 488 1036 se
521 969 726 1036 fortunam
760 991 872 1037 suam
898 970 987 1037 illis
1014 992 1178 1056 negars;
1211 970 1384 1038 maxims

227 1080 267 1145 in
307 1101 351 1145 ea
389 1083 508 1163 parte
542 1077 718 1143 Etruriae
758 1084 916 1160 gentem
955 1078 1218 1146 invisitatam
1257 1099 1385 1145 novos

228 1189 390 1255 accolas
414 1185 557 1253 Gallos
581 1207 675 1267 esse,
698 1207 784 1251 cum
806 1185 955 1270 quibus
977 1208 1048 1252 nec
1069 1208 1146 1272 pax
1169 1188 1274 1255 satis
1295 1186 1388 1254 lida

227 1318 299 1362 nec
336 1295 487 1362 bellum
520 1316 591 1379 pro
625 1301 737 1361 certo
770 1295 835 1360 sit.
895 1294 935 1359 In
967 1294 1020 1361 his
1053 1295 1223 1363 turbatum
1256 1295 1386 1381 aliquid

228 1426 315 1485 esse,
354 1403 471 1484 sensit,
511 1404 568 1487 qui
601 1403 668 1468 alia
701 1401 822 1468 similia
854 1425 920 1470 non
952 1404 1180 1487 praetermisit,
1218 1404 1385 1471 Dukerus.

226 1513 313 1579 Nam
345 1534 406 1578 nec
438 1512 606 1577 maxime
639 1512 673 1576 in
706 1511 821 1596 aliqua
853 1516 950 1596 parte
971 1511 1113 1578 Etruriae
1141 1512 1262 1579 accolae
1291 1517 1387 1579 erant

228 1621 315 1688 Galli
343 1642 404 1687 nec
432 1620 565 1686 omnino
594 1618 634 1684 in
657 1619 772 1702 aliqua
792 1626 887 1704 parte
910 1621 1075 1702 accolae3
1109 1642 1170 1687 nec
1191 1622 1308 1689 melius
1328 1640 1387 1688 res

227 1730 377 1815 procedit
408 1729 461 1794 his
488 1727 616 1793 verbis:
655 1729 824 1794 maxime
852 1728 892 1794 in
921 1748 966 1794 ea
993 1735 1110 1813 parte
1137 1729 1312 1796 Etruriae
1338 1728 1384 1796 ad

228 1839 399 1924 superiora
437 1836 617 1915 adiunctiS,
658 1858 760 1920 quum
798 1843 934 1922 propter
972 1836 1056 1903 alias
1098 1859 1217 1905 causas
1257 1836 1387 1921 (suam

227 1947 434 2014 fortunam
473 1965 623 2029 negare
662 1945 702 2008 iu
742 1966 788 2010 ea
820 1950 938 2029 parte
974 1945 1140 2029 Galliae),
1178 1952 1252 2013 tum
1291 1928 1385 2031 quod

227 2057 350 2122 nullius
368 2054 505 2121 alterius
520 2053 627 2138 partis
644 2052 803 2118 auxilium
820 2054 1005 2137 petebatur.
1040 2055 1166 2120 Deinde
1183 2061 1218 2121 et
1235 2054 1387 2140 alioquin

227 2166 343 2231 vitiose
366 2163 437 2228 haec
460 2161 684 2228 cumulantur:
716 2181 812 2243 gens
839 2150 1059 2228 invisitata
1086 2163 1238 2230 accolae
1268 2161 1380 2230 Galli

229 2280 262 2339 et
289 2274 428 2339 vitiosus
452 2277 502 2337 est
525 2268 606 2336 ordo
628 2269 820 2350 verborum,
853 2271 1050 2355 interposito
1080 2272 1259 2353 accolas,
1293 2271 1389 2356 quod

185 2403 191 2413 ·
228 2381 400 2467 praedicati
421 2380 494 2444 loco
517 2385 577 2458 est,
600 2378 686 2443 inter
707 2385 867 2461 gentem
888 2379 1149 2445 invisitatam
1172 2385 1206 2445 et
1229 2379 1386 2447 Gallos.

227 2489 301 2557 Hoc
323 2490 466 2574 primum
488 2487 717 2572 expediamus;
740 2485 917 2571 apparebit
939 2488 1025 2553 enim
1047 2487 1244 2570 attendenti,
1266 2509 1390 2555 novam

229 2598 427 2665 sententiam
456 2596 498 2661 ab
525 2595 578 2660 his
606 2594 713 2660 verbis
742 2595 902 2679 incipere:
936 2617 1063 2662 novos
1090 2596 1253 2663 accolas
1283 2595 1389 2680 (illos,

229 2709 286 2792 qui
310 2705 485 2790 significati
508 2702 733 2789 superioribus
756 2702 863 2769 verbis
887 2703 978 2787 sunt)
1001 2703 1143 2771 Gallos
1166 2726 1271 2786 esse,
1299 2726 1390 2772 cum

229 2815 377 2900 quibus
412 2819 474 2879 cet.
532 2810 705 2896 Sequitur,
739 2817 778 2876 nt
810 2812 880 2895 ipse
915 2833 1027 2878 eorum
1056 2814 1218 2880 adventus
1247 2819 1281 2880 et
1308 2835 1389 2899 pro-

142 2943 213 3011 (119)
232 2925 402 3009 pinquitas
432 2920 635 3005 significetur
662 2920 714 2984 his
743 2920 864 2986 verbis:
899 2922 1067 2988 maxime
1103 2924 1140 2987 in
1171 2943 1218 2988 ea
1245 2945 1277 3007 p.
1300 2922 1387 2989 Etr.

228 3033 488 3098 invisitatam
517 3035 691 3113 gentem,
725 3049 766 3094 ex
788 3052 854 3112 quo
878 3029 1088 3114 perspicuum
1111 3037 1170 3111 est,
1201 3030 1387 3098 desiderari

227 3140 440 3219 infinitivum,
475 3139 531 3223 qui
561 3143 619 3202 aut
647 3137 806 3203 exciderit
833 3144 892 3203 aut
918 3139 953 3202 in
974 3139 1143 3204 maxime
1166 3139 1286 3219 lateat,
1320 3141 1389 3207 etsi

227 3248 300 3313 fieri
329 3253 457 3331 potest,
490 3253 528 3311 ut
559 3246 712 3311 mendum
746 3267 811 3312 non
843 3268 910 3311 uno
944 3245 1002 3312 illo
1035 3247 1135 3313 verbo
1164 3249 1386 3315 contineatur.

227 3355 279 3420 Ad
302 3355 499 3421 sententiam
522 3361 636 3438 aptum
659 3355 718 3419 sit:
752 3354 964 3420 Imminere
988 3353 1218 3437 [Imminere
1248 3354 1387 3441 quum]

227 3465 396 3528 maxime
436 3463 475 3527 in
514 3484 598 3527 eam
637 3469 796 3546 partem
828 3463 1008 3529 Etruriae
1041 3470 1202 3547 gentem
1234 3465 1388 3531 invisi·

228 3578 372 3653 tatam;
406 3573 454 3637 ita
477 3571 605 3635 Livium
635 3572 822 3654 scripsisse,
850 3573 989 3636 multum
1012 3572 1121 3653 abest,
1152 3579 1191 3637 ut
1213 3572 1388 3656 affirmem,

228 3701 267 3745 ac
295 3682 408 3765 potius
430 3679 636 3764 probabilius
660 3680 783 3764 aliquid
806 3682 951 3764 requiro.
998 3679 1181 3763 [Summam
1202 3681 1388 3766 probabili·

227 3794 330 3854 tatem
352 3789 468 3854 habet:
492 3787 686 3851 invasisse
709 3791 748 3854 in
771 3797 1034 3874 campartem
1056 3788 1243 3855 Etruriae.
1274 3789 1388 3876 1873]

295 4060 326 4114 in
349 4061 539 4116 anacoluthon
561 4061 629 4128 tale,
658 4066 689 4115 ut
707 4061 830 4117 diceret:
859 4061 1025 4117 traditum
1048 4078 1135 4130 esse,
1163 4067 1251 4117 ut-
1269 4064 1386 4121 ricto·

295 4147 422 4200 toriam
439 4146 579 4214 -dari,
601 4146 643 4200 its
664 4146 753 4202 nihilo
775 4148 868 4202 minus
886 4153 993 4202 certum
1013 4165 1086 4216 esse,
1110 4154 1147 4202 nt
1165 4149 1301 4217 quando
1320 4167 1390 4207 eum

295 4248 349 4301 pro
368 4233 395 4286 si
414 4233 548 4301 quando
565 4250 623 4286 non
641 4233 753 4287 dixisse.
790 4232 958 4287 Tollendum
977 4238 1020 4288 est
1038 4239 1081 4300 ut,
1099 4234 1299 4304 interpositum
1316 4242 1391 4306 post

297 4317 345 4370 sic
364 4318 399 4371 ab
419 4317 551 4372 oscitanti
570 4317 663 4373 scriba
680 4318 804 4373 librario.
843 4318 901 4388 [Sic
920 4317 1087 4389 creverim]
