2994 5108
232 501 293 557 Lib.
312 502 361 556 IX.
782 491 844 552 216

318 673 397 757 Cap.
423 680 472 756 31,
503 680 578 740 tet
603 681 636 739 3:
671 677 714 740 In
739 674 902 739 Samnio
926 675 1126 756 Cluviam,
1153 676 1392 761 praesidium

232 782 460 863 Romanum,
484 787 578 866 quia
601 785 845 867 nequiverat
866 784 905 846 vi
929 786 1029 867 capi,
1053 785 1265 850 obsessum
1286 784 1391 850 fame

232 890 271 953 in
301 890 554 958 deditionem
585 898 835 976 acceperant
864 891 1077 973 Samnites,
1106 930 1158 958 -.
1198 893 1301 958 Huic
1329 894 1391 958 in·

231 997 374 1064 sensus
403 1001 646 1066 crudelitati
669 1001 823 1079 Iunius,
853 1000 958 1064 nihil
988 1002 1205 1084 antiquius
1235 1022 1392 1085 oppug-

231 1107 399 1172 natione
439 1097 635 1174 Cluviana
674 1116 806 1188 ratus,
848 1130 924 1190 quo
965 1109 1027 1173 die
1067 1131 1289 1192 aggressus
1329 1115 1391 1174 est

231 1217 399 1295 moenia,
433 1217 469 1280 vi
493 1218 614 1300 cepit,
643 1223 766 1300 atque
795 1237 928 1281 omues
957 1217 1134 1299 puberes
1162 1216 1389 1282 interfecit.

231 1322 396 1408 Oppidum
421 1325 617 1390 Samnitium
645 1324 836 1409 significari,
867 1326 920 1388 cui
943 1326 1082 1390 Romani
1113 1325 1301 1408 praesidium
1330 1325 1391 1389 im·

128 1457 129 1461 ¹
230 1433 428 1514 posuissent,
448 1440 606 1518 apparet3
624 1434 659 1498 id
679 1433 822 1498 editores
842 1433 929 1496 idem
950 1454 1020 1497 esse
1040 1441 1170 1517 putant,
1188 1433 1278 1515 quod
1298 1432 1390 1517 apud

229 1539 378 1605 Tacitum
403 1543 488 1608 Hist.
510 1542 562 1621 IV,
595 1547 612 1605 5
638 1541 713 1623 (etsi
738 1542 783 1605 ibi
809 1540 911 1605 codex
932 1541 1053 1621 Medic.
1074 1541 1242 1606 Cluvius
1273 1540 1391 1622 habet)

229 1650 315 1713 etin
334 1651 547 1733 inscriptione
571 1650 685 1733 aliqua
702 1649 907 1730 (Mommsen.
925 1648 1092 1732 Inscriptt.
1113 1650 1150 1713 ll.
1170 1649 1273 1733 Neap.
1289 1653 1389 1713 5293:

228 1756 385 1822 Anxani
411 1765 449 1823 et
469 1757 622 1840 Cluvis)
641 1756 792 1822 Cluviae
819 1756 977 1840 appellari
996 1757 1134 1822 videtur.
1175 1757 1331 1838 (Clibes
1355 1758 1391 1821 in

227 1863 313 1929 libro
344 1867 547 1931 coloniarum
575 1867 672 1930 nimis
695 1869 856 1930 incertum
881 1864 956 1945 est.)
1013 1866 1124 1930 Habet
1146 1865 1391 1930 dubitationem

228 1973 317 2055 apud
342 1975 467 2039 Livium
502 1975 609 2039 forma
643 1975 818 2056 singularis
853 1975 990 2037 numeri.
1046 1975 1199 2052 Accedit,
1236 1974 1327 2057 quod
1355 1974 1391 2038 in

227 2081 397 2147 codicibus
421 2082 612 2147 melioribus
630 2080 757 2162 (MPH2
776 2080 904 2159 Klock.)
925 2079 1112 2146 Cluviani
1136 2081 1293 2146 scribitur
1311 2082 1391 2162 (Ge-

225 2188 332 2253 lenius
351 2190 498 2255 codicem
515 2212 581 2255 non
599 2189 771 2274 appellat),
796 2210 861 2252 non
880 2187 1059 2253 Cluviam
1074 2189 1176 2273 (quod
1193 2192 1227 2254 in
1245 2190 1288 2254 Ll
1311 2191 1392 2273 est),

226 2298 345 2379 exigua
368 2319 446 2363 sane
469 2320 529 2382 per
551 2320 586 2362 se
609 2297 843 2380 discrepantia.
895 2296 959 2362 Sed
981 2298 1064 2361 illud
1088 2296 1269 2376 molestius,
1299 2299 1392 2382 quod

226 2408 482 2488 oppugnatio
513 2405 716 2469 Cluviana
744 2404 842 2487 plane
871 2405 1052 2470 insolenter
1075 2405 1280 2490 appellatum
1310 2427 1390 2471 nam

224 2517 260 2576 ut
289 2514 399 2595 possit
430 2513 560 2579 obsidio
584 2514 717 2595 longius
741 2518 851 2577 tracta
873 2519 907 2576 et
931 2514 1051 2596 saepius
1075 2520 1332 2580 commemorata
1356 2517 1392 2580 in

224 2621 391 2686 narranda
408 2623 581 2704 aliquare,
607 2642 679 2703 quae
698 2621 740 2685 ad
760 2643 833 2686 eam
852 2621 1008 2704 pertinet,
1035 2623 1197 2687 adiectivo
1215 2623 1392 2707 appellari,

224 2734 261 2792 ut
284 2730 409 2813 aliquid
432 2730 523 2794 verbi
547 2750 649 2793 eausa
671 2730 704 2792 in
729 2728 899 2793 obsidione
918 2730 1047 2794 Veienti
1071 2731 1231 2795 accidisse
1256 2730 1392 2796 dicatur

225 2836 302 2917 (etsi
341 2861 407 2903 non
442 2839 563 2902 (licitur
597 2837 686 2920 apud
719 2836 879 2916 Livium),
913 2860 978 2902 non
1013 2838 1099 2902 idem
1134 2839 1311 2904 transferri
1346 2841 1392 2906 ad

224 2949 503 3028 oppugnationem
520 2952 640 3029 potest,
663 2947 871 3028 minimeque,
895 2968 994 3029 quum
1013 2948 1086 3028 quis
1107 2947 1264 3030 oppidum
1285 2949 1391 3014 semel

223 3055 426 3119 nominatum
460 3075 650 3138 oppugnare
684 3057 817 3133 statuit,
853 3054 893 3118 de
928 3055 1174 3137 oppugnatione
1203 3077 1231 3118 v.
1256 3078 1284 3120 c.
1310 3056 1390 3120 Fre·

223 3162 352 3242 gellana
376 3165 520 3246 cogitare
545 3163 608 3226 dici
632 3168 751 3244 potest.
795 3162 854 3225 Hae
876 3161 982 3226 turbae
1006 3170 1254 3243 corrrponeutur,
1280 3165 1308 3228 si
1332 3186 1389 3229 co·

223 3271 332 3333 <licum
361 3271 471 3352 priore
500 3271 573 3335 loco
604 3271 800 3353 scripturam
829 3277 980 3334 tenentes
1010 3269 1212 3350 (Cluviani
1241 3275 1388 3353 praesi-

223 3376 331 3440 dium
354 3377 573 3442 Romanurn
596 3379 699 3441 —in
729 3377 850 3441 dedit.
875 3377 1141 3461 acceperant)
1171 3379 1280 3444 altero
1311 3380 1388 3447 loco

220 3505 286 3548 una
308 3484 421 3550 littera
444 3493 573 3550 mutata
596 3487 822 3569 scripserimus
852 3488 1157 3570 oppugnatione
1182 3487 1386 3563 Cluviani,

221 3592 452 3675 oppidumque,
475 3598 512 3656 ut
529 3594 687 3676 pleraque
701 3593 906 3672 Samnitium,
925 3595 1056 3658 aliunde
1074 3596 1224 3677 ignotum
1243 3598 1387 3663 eandem

221 3701 363 3765 nominis
403 3701 543 3766 formam
586 3709 685 3784 atque
725 3701 949 3766 Bovianum
988 3701 1144 3769 babuisse
1183 3707 1385 3788 putarimus.

133 3818 202 3884 (182)
223 3807 521 3888 (Palumbinum
551 3809 590 3887 X,
624 3813 674 3888 45,
705 3809 747 3889 9.)
789 3808 912 3890 (loro.)
952 3810 1077 3875 Eodem
1108 3813 1218 3895 capite
1250 3812 1311 3895 ἐϋ
1337 3815 1385 3896 (in

219 3917 411 3981 narratione
435 3938 544 3981 rerum
567 3938 587 3980 a
611 3916 644 3980 C.
668 3917 761 3981 Iunio
785 3917 933 3982 Bubulco
956 3919 1090 3983 tertium
1115 3941 1203 3984 cons.
1227 3922 1263 3985 in
1287 3921 1384 3988 Sam·

219 4025 272 4087 nio
319 4025 516 4104 gestarum:
557 4025 732 4088 omniurn
777 4026 1008 4108 principum
1049 4029 1088 4090 in
1128 4027 1295 4095 Samnio
1338 4052 1383 4098 eo

219 4152 322 4194 curre
352 4139 444 4195 sunt
474 4133 661 4210 intenta,
697 4138 740 4195 ut
773 4133 941 4197 insidiis
971 4141 1225 4215 quaereretur
1254 4137 1382 4218 locus

218 4239 252 4300 si
288 4260 365 4320 qua
398 4239 572 4303 licentia
605 4240 847 4323 populando
883 4240 1039 4306 effusus
1068 4246 1284 4310 exercitus
1314 4269 1382 4312 ex·

219 4347 301 4428 cipi
325 4367 370 4409 ac
394 4346 685 4411 circumveniri
707 4355 857 4430 posset.
904 4349 1019 4431 Neque
1044 4352 1076 4414 si
1102 4373 1179 4435 qua
1202 4353 1381 4420 licentia
