2994 5108
249 498 312 553 Lib.
330 499 351 550 l.
805 484 847 544 46

251 670 581 754 emendationumque
608 670 675 733 ism
703 666 782 733 olim
802 666 968 733 factarum
991 668 1120 734 delectu
1143 669 1295 734 relictum
1317 675 1408 734 esset

251 800 360 865 operae
394 780 427 843 in
454 778 537 842 Livii
570 777 665 841 libris
693 775 863 861 ponenda.
919 775 1001 841 Mihi
1028 776 1092 842 hoc
1119 777 1210 856 loeo,
1244 784 1282 843 ut
1310 778 1407 844 initio

251 889 334 967 dixi,
369 910 435 951 non
468 885 652 951 editionum
685 886 906 950 recentiorum
941 906 1113 950 censuram
1146 887 1306 970 proposui
1334 908 1405 967 nec,

251 998 278 1059 si
308 995 388 1078 quid
416 995 522 1058 minus
545 994 629 1059 bene
651 1013 756 1078 nuper
779 1012 877 1076 quam
900 1015 920 1058 a
943 994 1170 1078 superioribus
1193 993 1408 1059 administra-

250 1110 320 1168 tum
354 1109 455 1182 esset,
489 1101 792 1186 reprehensionem,
827 1101 885 1166 sed
913 1122 953 1166 ea
979 1109 1125 1167 tractare
1153 1102 1299 1181 decrevi,
1333 1124 1408 1187 qum

251 1220 361 1277 essent
391 1211 433 1275 ab
457 1212 530 1275 aliis
555 1218 614 1275 aut
636 1211 857 1294 praetermissa
878 1217 937 1274 aut
959 1231 1077 1294 parum
1098 1210 1239 1276 feliciter
1260 1217 1406 1290 tentata3

250 1341 356 1405 neque
381 1325 500 1398 famen,
530 1320 557 1383 si
580 1318 659 1400 quid
682 1338 723 1382 ex
744 1317 803 1383 illo
826 1318 932 1383 altero
955 1340 1076 1401 genere
1099 1320 1145 1383 sio
1168 1321 1407 1400 intercurrerit,

250 1436 288 1494 ut
310 1435 383 1505 aut,
418 1451 459 1491 ne.
493 1448 586 1491 error
618 1447 731 1490 recens
764 1427 999 1506 inveterascat,
1033 1426 1177 1492 breviter
1210 1429 1320 1492 caveri
1348 1434 1410 1493 aut

251 1536 418 1602 laudabile
456 1537 622 1601 inuentum
658 1534 707 1607 ‚ab
747 1534 911 1600 oblivione-
951 1542 984 1599 et
1022 1541 1214 1619 contemptu
1246 1535 1408 1601 vindicari

251 1647 374 1730 possit,
409 1645 671 1729 praetermittam.
726 1641 834 1707 Unum
869 1644 969 1707 etiam
1004 1649 1071 1722 est,
1106 1643 1197 1727 quod
1224 1650 1336 1728 petam
1363 1643 1408 1709 ab

250 1756 304 1835 iis,
338 1755 392 1838 qui
416 1753 485 1818 haec
508 1752 625 1834 legent.
681 1749 756 1815 Non
790 1773 830 1814 ea
863 1772 1009 1816 meorum
1043 1757 1101 1816 aut
1131 1751 1318 1817 studiorum
1346 1759 1406 1817 aut

250 1864 456 1946 negotiorum
483 1862 570 1924 ratio
600 1881 660 1945 per
683 1859 772 1923 hand
795 1881 919 1943 paucos
941 1861 1007 1924 iam
1030 1881 1134 1926 annos
1156 1858 1234 1939 fuit,
1267 1866 1307 1925 ut
1326 1881 1409 1944 ope-

250 1992 325 2037 rose
349 1971 522 2053 anquirere
545 1989 692 2052 possem,
727 1989 800 2051 quae
830 1970 862 2031 in
891 1968 1011 2033 libellis
1035 1968 1243 2033 scholasticis
1265 1975 1326 2033 aut
1347 1990 1409 2053 per

250 2080 355 2143 libros
393 2085 580 2142 menstruos
614 2078 838 2141 triruestresre
871 2077 1034 2141 similesve
1067 2079 1207 2161 sparsim
1240 2077 1285 2142 ad
1318 2077 1405 2142 Livii

251 2188 513 2252 emendationem
538 2185 738 2268 pertinentia
760 2184 1020 2267 disputarentur.
1050 2185 1168 2269 ltaque
1190 2184 1262 2250 fieri
1283 2192 1408 2270 potest,

251 2304 289 2362 ut
318 2302 438 2379 praeter
460 2316 514 2372 ea,
549 2315 637 2375 qum,
672 2313 770 2376 quum
804 2300 914 2357 essent
946 2316 966 2358 a
998 2314 1049 2358 me
1082 2293 1259 2359 emendata
1291 2301 1326 2359 et
1348 2294 1410 2359 ad-

251 2409 381 2482 notata,
414 2408 533 2486 postea
560 2408 619 2466 aut
648 2403 720 2485 ipse
748 2420 827 2464 casu
858 2406 916 2464 aut
943 2401 1225 2481 ll'eissenbornio,
1258 2401 1408 2484 Hertzio,

251 2512 326 2576 aliis
354 2510 576 2575 indicantibus
605 2508 647 2572 ab
671 2508 745 2572 aliis
769 2514 932 2591 riceupata
953 2512 1106 2593 cognovi,
1134 2509 1260 2593 aliquid
1283 2510 1408 2576 alicubi

181 2631 234 2698 (40)
254 2642 305 2684 me
337 2619 457 2703 fugerit
491 2624 568 2682 ante
595 2638 646 2680 rue
674 2618 856 2693 inventum,
891 2618 980 2700 quod
1015 2639 1075 2701 ego
1108 2624 1264 2700 tanquam
1297 2640 1410 2684 meum

249 2728 426 2811 posuerim.
456 2734 514 2791 aut
537 2726 624 2790 ideru
646 2731 705 2789 aut
728 2747 831 2808 prope
855 2725 949 2790 idem.
1003 2726 1040 2789 ld
1064 2727 1249 2808 siquando
1273 2727 1409 2810 accidit,

251 2837 450 2919 sanarique
474 2857 524 2899 ure
547 2834 635 2898 ultro
660 2839 793 2916 petente
815 2835 1079 2915 restituantur.¹)

733 3026 825 3108 nio.
858 3022 925 3132 ι’)

335 3162 414 3244 (lap.
431 3168 456 3240 l,
475 3168 509 3224 3:
534 3160 583 3225 Et
600 3162 639 3225 in
656 3183 769 3245 quem
788 3161 955 3244 primum
975 3162 1131 3242 egressi
1151 3168 1246 3225 suut
1262 3160 1409 3241 locum,

250 3270 372 3334 Troia
404 3277 581 3335 roratur.
617 3291 803 3354 pagoque
831 3268 1008 3332 Troiano
1037 3268 1129 3333 iude
1158 3289 1300 3333 nornen
1331 3276 1408 3335 est

250 3376 452 3462 Populatirre
476 3377 646 3461 partimlae
668 3378 748 3442 nihil
771 3377 824 3441 hie
842 3376 906 3440 loci
927 3383 987 3454 est,
1010 3378 1194 3460 praesertim
1210 3379 1244 3441 in
1262 3378 1410 3443 transitu

278 3596 301 3649 ¹l
321 3595 422 3663 [Nunc.
441 3597 575 3665 Siesbyeo
594 3597 754 3659 adiurante,
772 3598 874 3653 aliena.
892 3596 942 3650 sed
961 3615 978 3648 a
996 3597 1137 3663 prioribus
1156 3598 1261 3650 omissa
1279 3604 1309 3650 et
1325 3613 1343 3651 a
1361 3615 1409 3651 me

317 3683 419 3735 iterum
452 3696 575 3749 reperta.
602 3684 700 3752 primis
728 3684 889 3737 auctoribus
914 3681 1033 3736 reddere
1060 3682 1169 3745 studui,
1197 3682 1303 3736 nemini
1324 3683 1409 3751 plura

318 3784 400 3834 quam
437 3768 580 3835 t'reverio,
620 3770 699 3824 onius
736 3769 823 3838 ipsius
861 3769 1018 3837 posteriore
1055 3767 1179 3821 editione
1220 3784 1297 3823 nunc
1337 3785 1407 3823 usus

318 3870 390 3919 suni,
414 3865 497 3907 antea
519 3872 551 3907 ea
576 3864 687 3908 rantum
705 3871 812 3921 uorum,
837 3871 900 3922 quie
919 3852 1167 3906 Drakenborchins
1185 3869 1201 3905 e
1218 3853 1314 3921 priore
1329 3869 1409 3908 eom·

316 3937 506 4007 memorarat]

275 4028 300 4077 *l
319 4026 393 4093 Quas
421 4027 449 4078 in
477 4025 557 4078 libris
581 4027 671 4079 trihus
693 4026 791 4095 primis
816 4022 1026 4079 emendationes
1049 4024 1187 4077 asterisco
1211 4022 1321 4089 notavi,
1348 4023 1408 4078 itm

318 4111 393 4180 apud
412 4111 614 4180 lngersleu'um
638 4112 761 4165 breuiter
783 4110 915 4164 indicite
939 4122 1005 4162 sirac
1022 4110 1052 4163 in
1071 4111 1131 4163 eius
1148 4108 1251 4161 horum
1268 4107 1408 4163 librorum

317 4197 450 4251 editione.
495 4194 573 4264 [Quae
597 4213 671 4250 nunc
694 4196 798 4249 additae
820 4209 897 4251 sunt.
921 4194 954 4247 iis
977 4194 1137 4263 adscriptas
1155 4200 1200 4246 est
1216 4209 1324 4261 annm,
1348 4211 1408 4263 quo

317 4285 347 4336 in
370 4282 584 4351 prefationibus
608 4281 784 4349 singulorum
801 4280 873 4334 hirii
899 4279 1099 4334 fasciculorum
1124 4280 1225 4349 pinsitae
1248 4290 1330 4347 sunt,
1357 4286 1409 4335 aut

318 4369 374 4425 hie„
392 4370 440 4435 qui
458 4386 533 4422 uriae
551 4367 654 4435 agitur.
673 4383 764 4421 arauris
782 4368 881 4432 ilsibl.
898 4366 922 4418 si
940 4382 1005 4434 quse
1024 4384 1099 4423 nnnc
1116 4366 1238 4437 primum
1256 4364 1372 4435 editur]
