2994 5108
219 482 281 536 ns.
299 480 375 536 mn.
456 508 470 549 ,
766 469 829 530 aso

220 674 323 717 unum
356 651 528 734 quaritur,
561 657 707 736 utroque
741 652 892 732 consule,
926 658 1069 734 utroque
1103 652 1249 717 exercitu
1277 653 1381 732 ricto,

30 815 36 831 .
134 761 205 829 (228)
224 759 341 843 ecquid
368 760 513 844 supersit
541 758 672 840 auxilii3
700 758 744 824 ad
770 759 857 824 hanc
884 760 1176 842 interrogationem
1196 757 1281 824 nihil
1301 780 1384 844 per·

220 869 306 932 tinet
336 868 433 932 unius
469 865 614 932 consulis
648 865 821 931 adversum
848 866 1026 950 proelium,
1059 868 1163 932 multo
1192 867 1301 933 minus
1328 865 1384 932 al·

122 1026 126 1031 .
220 976 323 1040 terius
358 973 503 1041 consulis
536 994 576 1039 ex
608 973 723 1039 Sicilia
753 975 936 1055 revocatio,
971 995 1059 1058 quae,
1092 980 1131 1039 ut
1162 994 1250 1040 nunc
1282 974 1380 1040 locus

221 1081 391 1162 scribitur,
423 1083 511 1146 inter
538 1081 745 1146 calamitates
773 1087 980 1161 numeratur,
1013 1103 1115 1165 quum
1142 1102 1261 1167 reapse
1288 1083 1383 1148 inter

220 1189 345 1255 auxilia
365 1188 475 1254 fuerit.
519 1187 571 1252 Ad
591 1187 662 1253 haec
684 1187 868 1254 attendenti
889 1191 1099 1274 perspicuum
1120 1188 1168 1269 fit,
1191 1190 1380 1274 comparari

219 1299 307 1363 inter
328 1318 363 1362 se
385 1298 589 1380 superiorem
611 1296 845 1376 calamitatem,
866 1317 975 1380 quum,
999 1319 1065 1361 uno
1088 1303 1217 1362 tautum
1240 1297 1384 1364 consule

221 1406 318 1484 victo,
346 1403 473 1489 aliquid
500 1409 611 1468 tamen
639 1402 839 1486 superfuerit
865 1405 935 1487 spei
958 1409 992 1468 et
1014 1405 1197 1488 copiarum,
1231 1410 1267 1469 et
1292 1425 1381 1485 eam,

221 1533 293 1596 quae
320 1532 407 1577 nunc
428 1533 498 1576 rem
520 1510 687 1594 publicam
709 1509 867 1575 obruerit.
917 1510 992 1577 Hoc
1014 1512 1252 1593 animadverso,
1277 1512 1381 1578 simul

220 1618 350 1704 patefit,
377 1626 415 1684 ut
441 1619 528 1684 inter
550 1639 585 1683 se
607 1618 777 1683 contraria
798 1619 879 1682 sint:
913 1640 989 1684 uno
1013 1620 1180 1685 consule
1199 1654 1246 1665 ·-
1266 1621 1381 1686 victo

220 1733 269 1793 et:
299 1725 451 1793 duobus
480 1724 718 1791 oonsulibus
739 1760 783 1771 —-
803 1727 938 1806 victis,
966 1727 1014 1790 sic
1035 1726 1106 1792 haec
1128 1727 1209 1792 duo:
1240 1726 1382 1794 altero

220 1855 265 1900 ex
299 1833 447 1899 Sicilia
479 1838 674 1898 revocato
708 1838 757 1898 et:
797 1854 898 1916 quos
933 1833 1036 1898 alios
1070 1834 1194 1900 duces
1228 1839 1293 1900 cet.
1328 1835 1383 1900 ita

219 1943 385 2008 contraria
407 1962 479 2008 esse
502 1940 639 2019 debere,
668 1940 762 2004 utin
785 1940 891 2006 altero
915 1941 1060 2023 preasidii
1083 1941 1224 2007 alicuius
1245 1941 1384 2028 reliqui,

218 2051 252 2114 in
281 2049 388 2115 altero
417 2049 562 2115 omnium
591 2047 775 2113 deletorum
804 2068 865 2112 nec
892 2046 991 2113 ullius
1014 2049 1084 2132 spei
1106 2047 1229 2113 relicta
1252 2048 1384 2131 signifi-

220 2158 308 2223 catio
342 2157 394 2223 sit.
448 2155 557 2239 Atque
591 2156 639 2220 sic
671 2153 742 2220 haec
774 2155 862 2219 inter
895 2176 929 2220 se
962 2153 1080 2220 referri
1113 2162 1147 2221 et
1180 2158 1382 2240 comparari,

220 2266 392 2349 perspicue
439 2262 619 2329 ostendunt
662 2263 737 2345 ipsa
774 2261 876 2327 verba
919 2269 1112 2350 revocato
1156 2270 1190 2328 et
1235 2284 1383 2330 arces·

220 2378 372 2436 santur.
419 2370 605 2453 Scripserat
626 2369 729 2452 igitur
751 2368 878 2435 Livius:
906 2369 991 2436 Uno
1015 2370 1180 2435 consule
1203 2370 1252 2435 ad
1274 2370 1384 2436 Tici-

217 2501 307 2544 num
334 2479 460 2557 victo,
494 2476 664 2542 alterni
693 2497 739 2541 ex
762 2476 910 2542 Sicilia
934 2484 1181 2558 revocata-3
1215 2477 1383 2545 duobus

219 2583 475 2664 consulibus,
506 2583 662 2649 dnobus
691 2584 981 2649 consularibus
1010 2584 1267 2651 exercitibus
1290 2587 1382 2652 vic·

218 2694 281 2773 tis,
304 2713 404 2776 quos
427 2691 533 2758 alios
557 2691 687 2772 duces,
710 2712 808 2774 quas
830 2692 937 2756 alias
960 2693 1143 2775 legiones
1167 2713 1267 2773 esse,
1291 2713 1384 2775 quae

219 2800 512 2865 arcessantur?
540 2800 621 2864 Post
642 2800 812 2864 Ticinense
836 2799 997 2883 Scipionis
1020 2799 1263 2864 incommodum
1286 2799 1384 2866 Sem·

219 2909 372 2991 pronium
402 2908 524 2973 aroessi
552 2909 699 2991 potuisse
722 2906 851 2986 dieunt;
881 2928 978 2990 quem
1001 2928 1088 2971 nnnc
1109 2907 1231 2992 posse?
1258 2906 1384 2974 Libra·

218 3018 287 3080 rius
317 3015 485 3098 antiquus,
521 3015 685 3079 sententia
717 3013 949 3095 rhetoricoque
983 3016 1142 3080 orationis
1174 3014 1283 3079 forma
1310 3035 1382 3082 nou

219 3121 462 3203 animadversa,
505 3121 662 3187 audacter
703 3121 810 3185 dicam
844 3142 887 3185 an
922 3120 1125 3186 dormitans?
1166 3121 1383 3188 accusativos

218 3231 306 3295 inter
334 3229 496 3295 ablativos
524 3229 737 3312 interpositos
767 3229 809 3292 ad
839 3228 900 3294 hos
923 3229 1199 3293 accommodavit:
1232 3249 1315 3294 uno
1336 3264 1386 3276 -

218 3339 344 3416 victo,
377 3335 508 3401 altero
531 3371 574 3381 -—
596 3341 806 3414 revocato,
836 3335 993 3401 duobus
1015 3371 1059 3380 -
1080 3336 1201 3400 victis
1225 3334 1383 3419 [prorsus

220 3442 385 3528 quomodo
420 3443 479 3523 IV,
513 3447 571 3522 43,
608 3447 647 3506 12
679 3464 740 3526 pro
774 3443 932 3507 tribuni
960 3442 1009 3526 pl.
1034 3445 1196 3527 scriptum
1224 3450 1278 3508 est
1299 3446 1385 3510 tri·

220 3552 347 3615 bunos
369 3550 411 3614 ob
434 3549 623 3633 praecedens
646 3550 839 3615 tribunos
861 3547 990 3632 mil.]1)

307 3656 385 3740 Cap.
409 3663 464 3734 59,
498 3662 533 3719 4:
579 3655 784 3720 Hannibal
820 3692 864 3702 -
895 3664 1056 3726 ceteros
1092 3656 1305 3724 confertos
1340 3661 1383 3724 in

160 3823 163 3827 .
220 3764 352 3829 media
375 3770 513 3829 castra
534 3764 694 3847 recepit
715 3765 980 3846 intentosque
1005 3766 1158 3848 signum
1181 3763 1230 3829 ad
1254 3786 1387 3831 erum-

249 4034 271 4098 ¹)
290 4033 378 4086 Vetus
404 4033 467 4086 haeo
494 4030 571 4100 apud
597 4050 642 4086 me
669 4032 828 4087 emendatio
856 4050 922 4087 casu
946 4032 1021 4102 apud
1043 4033 1250 4104 Ingerslevium
1274 4036 1388 4092 omissa

289 4122 338 4171 est.
373 4116 452 4171 Infra
468 4115 524 4170 boc
542 4118 634 4184 capite
654 4115 681 4185 (ξ
702 4118 743 4181 10)
762 4117 852 4170 oratio
872 4119 912 4172 sic
930 4117 1160 4188 interpungends
1177 4122 1234 4172 est:
1253 4117 1296 4173 Id
1314 4136 1383 4175 em·

289 4203 422 4271 ponium
448 4201 608 4255 Romanis
636 4199 771 4254 Gallico
803 4202 900 4256 bello
932 4201 1060 4267 suerat3
1093 4203 1269 4258 munitum
1296 4204 1386 4262 iude

290 4288 369 4351 (nonz
397 4285 510 4340 suerat
532 4286 713 4351 munitum
740 4285 828 4352 inde)
851 4286 966 4342 locum
989 4288 1309 4356 frequentaverant
1327 4308 1389 4346 ao·
